3009 5050
460 345 658 481 '628
969 402 1051 476 P.
1118 397 1654 479 v1Rc1L11
1716 397 2276 474 MARoms

508 585 857 665 PrOInde
889 598 1078 661 tona
1110 583 1471 686 eloquio;
1525 583 1847 660 solitum
1876 583 2058 676 tibi;
2109 606 2406 684 meque
2443 583 2763 660 timoris

512 703 770 788 Argue
802 702 925 785 tu,
974 694 1319 782 Drance,
1374 686 1698 788 quando
1735 699 1858 762 tot
1881 688 2152 784 stragis
2201 710 2526 763 acervos

514 799 1009 870 Teucrorum
1033 804 1165 868 tua
1198 791 1465 868 dextra
1496 791 1742 886 dedit,
1767 792 2220 893 passimque
2234 791 2582 892 tropaeis
2601 801 2757 870 385

508 896 841 994 Insignis
882 917 1129 992 agros.
1233 895 1486 970 Possit
1515 892 1710 995 quid
1737 893 1994 970 vivida
2029 895 2298 992 virtus,

507 1000 928 1100 Experiare
958 998 1185 1091 licet3
1239 1021 1390 1074 nec
1428 997 1670 1096 longe
1699 997 1994 1073 scilicet
2031 996 2302 1074 hostes

511 1102 967 1198 Quaerendi
998 1099 1264 1179 nobis:
1316 1102 1824 1176 circumstant
1848 1099 2209 1201 undique
2245 1122 2542 1178 muros,

508 1209 725 1281 Imus
756 1207 838 1280 in
868 1203 1293 1282 adversos?
1347 1203 1544 1305 quid
1579 1214 1881 1280 cessas?
1925 1227 2028 1280 an
2060 1205 2200 1279 tibi
2228 1208 2544 1281 Mavors

509 1312 856 1388 Ventosa
884 1310 964 1384 in
1000 1307 1259 1407 lingua
1287 1306 1789 1409 pedibusque
1814 1305 2221 1406 fugacibus
2248 1308 2410 1382 istis
2598 1315 2756 1385 390

506 1535 558 1591 3.
591 1540 671 1590 10.
712 1539 797 1590 W
790 1536 858 1600 r.)
906 1537 977 1589 ef.
1014 1553 1129 1605 sup.
1175 1535 1245 1587 ad
1288 1535 1385 1588 lib.
1419 1536 1495 1602 X,
1540 1534 1611 1589 24
1657 1546 1712 1586 et
1761 1534 1878 1590 144.
1959 1533 2168 1586 Editnm
2213 1533 2397 1602 vulgo:
2452 1549 2754 1595 murorum,

509 1606 653 1675 quod
686 1607 834 1658 Rom.
869 1615 1060 1657 tuetur.
1129 1607 1185 1656 In
1221 1605 1410 1656 Medic.
1458 1614 1515 1656 et
1549 1604 1766 1656 Mentel.
1803 1623 1883 1670 pr.
1930 1622 1961 1656 a
2015 1623 2082 1658 m.
2131 1622 2212 1672 pr.
2261 1609 2482 1674 Aggere
2533 1620 2754 1654 moero-

508 1693 646 1726 rum.
712 1677 795 1741 (ex
826 1675 903 1737 X,
952 1673 1098 1736 1444
1143 1673 1247 1726 vid.
1286 1676 1353 1726 V.
1388 1675 1448 1726 L.
1493 1675 1564 1725 ad
1601 1675 1713 1737 vn,
1771 1673 1890 1728 528.
1941 1684 1997 1724 et
2045 1691 2200 1740 supra
2247 1673 2317 1723 ad
2351 1689 2424 1724 vs.
2473 1671 2558 1724 93.
2600 1671 2750 1738 Wr.)

504 1742 670 1794 Porro
702 1741 904 1814 'fossas
936 1762 1021 1811 ap.
1055 1743 1304 1795 Priscian.
1350 1741 1445 1796 lib.
1492 1744 1612 1793 vul
1657 1740 1764 1812 legi
1817 1742 1987 1794 Pierio
2021 1743 2372 1794 observatum.
2443 1746 2510 1792 At
2544 1759 2593 1792 v.
2629 1757 2750 1807 sup.

504 1811 575 1862 ad
608 1813 682 1875 X,
713 1810 799 1864 24.
869 1811 1005 1863 mad
1038 1829 1164 1864 vero
1200 1812 1365 1863 multo
1401 1813 1568 1864 minua
1605 1811 1962 1878 probandum,
2012 1814 2155 1880 quod
2202 1811 2451 1863 canterus
2499 1811 2574 1862 VI
2611 1812 2750 1862 Nov-

502 1879 653 1932 Lect.
687 1881 720 1933 8
755 1881 1010 1946 coniecit,
1047 1891 1098 1932 et
1131 1900 1161 1932 a
1196 1881 1363 1932 Cerda
1395 1880 1684 1948 repositum
1721 1881 1906 1932 video:
1957 1893 2012 1933 οι
2044 1881 2322 1932 inundant
2366 1899 2410 1932 s.
2475 1917 2508 1944 .,
2555 1889 2752 1949 postu-

502 1947 679 2012 lante,
730 1959 790 2000 ut
826 1950 931 2015 ait,
982 1951 1255 2002 sententia.
1326 1955 1371 2000 A
1404 1969 1505 2018 qua
1541 1951 1720 2018 utique
1756 1950 2036 2001 aberravit.
2104 1952 2240 2002 Nam
2277 1961 2381 2001 est:
2488 1967 2625 2032 agna
2657 1949 2751 2000 lo·-

504 2020 705 2088 queris,
760 2018 880 2070 dum
913 2019 1087 2070 adhuc
1118 2019 1251 2069 muri
1300 2019 1365 2070 ab
1404 2019 1558 2068 hoste
1607 2029 1660 2070 te
1715 2029 1954 2070 tutantur
1986 2030 2039 2070 et
2072 2019 2242 2070 fossas
2277 2018 2503 2078 nondum
2536 2017 2748 2087 sangnis

503 2087 751 2150 inundat,
781 2087 835 2138 h.
888 2088 1011 2139 urbs
1045 2089 1273 2138 nondum
1306 2097 1674 2156 oppugnatum
1725 2088 1867 2156 quod
1903 2088 2205 2155 exquisitius
2251 2089 2420 2140 altero
2453 2087 2614 2140 modo
2651 2105 2750 2141 ex-

502 2157 650 2208 tulit:
698 2175 801 2208 nec
830 2157 1109 2208 inundant
1152 2159 1425 2228 sanguine
1456 2155 1678 2225 fossae:
1725 2167 1782 2238 ut
1825 2157 2104 2209 inundant
2138 2157 2378 2240 absolute
2413 2157 2485 2208 sit
2533 2157 2748 2209 dictum.

502 2243 603 2347 '1ng
629 2224 979 2362 Ξὲεῧιωὲοὸηδι
998 2225 1389 2346 εἰξιαωὲῖῗιῗξιὶ.
1407 2225 1678 2365 d‘e‘r'lz’qui'ld
1709 2227 2750 2372 :diisse‘glgi'questll’l'lerplexdegctffol:

501 2364 675 2432 mano)
714 2374 767 2415 et
798 2362 1001 2431 aliquot
1036 2363 1305 2414 Heinaiani
1339 2381 1452 2414 cum
1488 2363 1653 2415 Goth.
1687 2371 1814 2416 tert.
1851 2374 1903 2415 et
1937 2365 2046 2414 Erf.
2099 2364 2206 2416 Sed
2240 2365 2459 2417 solitum
2495 2364 2597 2418 tibi
2629 2365 2748 2417 ele·-

500 2432 738 2500 gentium
776 2433 972 2484 variata
1009 2433 1279 2496 oratione,
1312 2449 1436 2502 pro:
1474 2442 1533 2484 ut
1567 2432 1723 2484 soles.
1795 2433 1881 2485 Sic
1917 2427 2126 2495 εἰωθός
2169 2433 2410 2486 absolute
2442 2435 2747 2505 interponi-

500 2513 614 2569 tur,
650 2512 705 2554 et
739 2501 861 2555 alia.
930 2520 1117 2573 meque
1140 2501 1363 2573 furoris
1392 2501 1650 2555 Montalb.
1697 2503 1942 2571 (timores
1973 2503 2180 2567 Medic„
2231 2503 2326 2555 sed
2361 2522 2392 2556 e
2423 2503 2480 2555 in
2513 2507 2538 2557 i
2569 2515 2747 2558 muta-

499 2580 576 2624 ta.
617 2572 758 2641 Wr.)
861 2572 966 2625 384
1000 2575 1238 2641 Atgm'to
1273 2578 1343 2627 D.
1361 2591 1459 2692 ‘pr-
1496 2572 1622 2624 edit.
1657 2574 1829 2624 Bnrm.
1890 2582 1946 2624 et
1977 2574 2087 2626 Erf.
2168 2577 2415 2629 Drances
2466 2574 2624 2627 etiam
2657 2575 2770 2628 hic·

500 2641 716 2710 aliquot.
753 2657 799 2691 v.
836 2641 904 2693 ad
938 2658 986 2691 v.
1022 2640 1140 2695 378.
1212 2660 1355 2711 quan
1402 2662 1431 2694 ο
1467 2653 1552 2693 tot
1585 2642 1762 2693 Heius.
1799 2660 1829 2692 e
1864 2642 2215 2709 grammaticis
2251 2653 2306 2693 et
2339 2644 2438 2694 scri
2479 2643 2562 2701 tis.
2598 2645 2744 2712 (qui-

500 2710 599 2761 bus
634 2710 885 2762 accedunt
930 2726 1116 2761 novem
1152 2711 1370 2779 amplius
1405 2712 1531 2763 Mes.
1570 2710 1732 2763 Cottii
1765 2710 1832 2762 ad
1867 2712 2059 2763 Lucan.
2097 2713 2164 2777 V,
2202 2712 2285 2766 12.
2325 2714 2448 2765 Wr.
2543 2714 2741 2781 Vulgo:

499 2791 583 2832 tot
608 2779 847 2849 quando.
914 2780 1050 2833 Tum
1084 2781 1270 2832 caedis
1316 2798 1545 2832 acervos
1592 2778 1841 2842 Quinctil.
1884 2781 1978 2833 lib.
2014 2782 2112 2843 IX,
2146 2784 2198 2845 2,
2249 2792 2304 2833 ut
2336 2799 2450 2853 sup.
2501 2782 2580 2849 X,
2621 2783 2743 2837 245.

496 2849 596 2913 XI,
628 2850 747 2914 217,
780 2846 835 2900 h.
872 2864 920 2899 e.
956 2864 1239 2901 caesorum.
1381 2849 1483 2902 385
1527 2850 1792 2900 Teucrum
1825 2862 1909 2902 eoo
1945 2862 2044 2901 tua
2089 2868 2196 2901 sec.
2230 2851 2419 2902 Moret.
2491 2862 2592 2903 tua
2627 2852 2744 2905 tela

496 2918 696 2970 zulich.
732 2936 761 2969 a
797 2934 864 2968 m.
898 2934 979 2986 pr.
1117 2916 1223 2970 386
1254 2919 1513 2985 Insignes
1545 2926 1654 2969 tres
1692 2918 1872 2969 Heins-
1939 2920 2190 2989 Insignis
2229 2931 2312 2971 tot
2345 2938 2515 2991 agros
2539 2920 2741 2973 zulich.

496 2988 745 3057 Insignis
787 3004 902 3037 cam
945 3004 1005 3037 os
1054 2986 1159 3037 duo
1206 2985 1459 3038 Rottend.
1522 2989 1659 3053 (cum
1705 2992 1850 3039 Serv.
1883 2987 2072 3041 Dresd.
2133 2990 2276 3053 Wr.)
2361 2992 2440 3041 lta
2486 2990 2638 3043 fuere
2672 2991 2741 3043 de

497 3056 699 3125 syllaba
733 3056 784 3107 is
817 3072 897 3106 ma
924 3072 952 3107 e
986 3054 1213 3107 solliciti.
1284 3055 1430 3123 quod
1458 3054 1660 3109 Zulich.
1693 3074 1725 3107 a
1759 3075 1827 3107 m.
1867 3075 1948 3127 pr.
2017 3059 2237 3127 Sparsit
2267 3059 2399 3125 quid
2433 3062 2612 3127 Sprot.
2638 3077 2740 3129 pro

496 3142 605 3176 var.
656 3124 779 3177 lect.
862 3124 1051 3176 invida
1101 3142 1154 3180 v.
1210 3124 1374 3175 Goth.
1422 3132 1547 3175 tert.
1683 3126 1787 3179 387
1837 3124 1967 3176 libet
2013 3128 2219 3195 Menag.
2253 3142 2348 3245 ἔτ.
2417 3146 2528 3180 non
2567 3130 2604 3182 l.
2657 3148 2740 3200 pr.

496 3194 684 3245 Hamb.
722 3202 776 3244 et
810 3192 967 3245 Goth.
1004 3211 1107 3244 sec.
1180 3192 1346 3261 longo
1381 3194 1499 3244 Exc.
1541 3194 1707 3245 surm.
1809 3194 1912 3248 388
1951 3198 2147 3262 Quaer.
2183 3213 2251 3248 νο
2284 3198 2334 3247 is
2366 3196 2569 3250 zalich.
2605 3217 2636 3251 a
2671 3216 2740 3251 m.

497 3280 602 3313 sec.
666 3264 1007 3314 circumdant
1039 3262 1245 3330 aliquot
1281 3262 1412 3314 Pier.
1450 3270 1507 3312 et
1545 3264 1713 3314 Burm.
1749 3273 1804 3314 et
1839 3262 1958 3315 ald.
1996 3282 2099 3331 pr„
2147 3282 2263 3315 nam
2298 3264 2458 3317 tertia
2503 3271 2738 3319 eircum-

494 3342 649 3383 uam
691 3348 806 3381 cum
857 3340 981 3383 cett.
1028 3342 1155 3382 vett.
1212 3332 1333 3383 edd.
1481 3331 1584 3387 389
1617 3334 1770 3384 Imus
1813 3334 1872 3384 in
1921 3332 2228 3386 adversos?
2267 3332 2740 3409 interrog-ationem

497 3398 738 3451 Heinsius
784 3416 991 3468 qnoque
1041 3400 1229 3451 firmat.
1314 3402 1453 3467 Ergo
1506 3417 1610 3451 non
1661 3401 1971 3454 desiderem.
2057 3404 2208 3454 Imus
2251 3420 2350 3473 pro
2402 3408 2544 3473 Quin
2577 3408 2738 3469 imus,

534 3468 641 3519 uod
672 3484 829 3538 saepe
860 3467 997 3536 apud
1032 3470 1287 3521 comicos.
1359 3472 1425 3521 Et
1459 3471 1792 3522 Homericum
1824 3464 1968 3525 Ἀλλ’
2019 3470 2194 3539 ἴομεν.
2265 3474 2486 3540 (Versus
2519 3476 2639 3529 389.
2677 3485 2738 3528 et

496 3487 615 3591 390.
648 3534 856 3587 inverso
895 3537 1077 3589 ordine
1110 3536 1360 3589 collocati
1393 3548 1515 3591 sunt
1547 3539 1603 3590 in
1635 3542 1786 3591 Rom.
1836 3570 1903 3581 —
1965 3540 2086 3595 390.
2130 3543 2410 3595 Vento-san
2445 3543 2480 3595 ἱ.
2522 3544 2736 3610 Medic„

494 3605 771 3657 interiecta
803 3615 976 3655 tamen
1011 3608 1034 3657 i
1063 3606 1205 3658 inter
1239 3626 1275 3658 a
1309 3618 1365 3659 et
1398 3626 1466 3668 ης
1515 3624 1618 3677 quo
1653 3608 1771 3678 ipso
1807 3610 2023 3680 probari
2069 3610 2306 3676 videtur,
2351 3629 2456 3663 non
2493 3611 2735 3679 elisione,

496 3676 593 3726 sed
626 3674 947 3743 synaloepha
982 3692 1103 3728 usos
1149 3693 1265 3729 ease
1308 3688 1541 3741 veteres3
1589 3696 1692 3799 ἕξει
1724 3680 1794 3731 de
1826 3696 1886 3731 re
1917 3678 2020 3731 vid.
2056 3680 2398 3734 Lindemanni
2433 3686 2518 3733 De
2547 3694 2736 3735 oeten

490 3745 755 3814 prosodia
780 3742 949 3797 libell.
983 3744 1143 3798 trium
1174 3746 1320 3800 fabb.
1352 3747 1523 3801 Plaut.
1557 3765 1586 3798 e
1645 3747 1780 3801 tioni
1811 3748 2080 3819 praemiss.
2116 3768 2171 3819 p.
2203 3751 2412 3807 XXIV.
2453 3752 2604 3819 Wr.)

496 3919 691 3998 positis
745 3920 1129 3998 praeiverunt.
1229 3926 1373 3987 380.
1436 3921 1566 3981 Sed
1651 3924 1961 3983 Var.Lect.
2020 3928 2162 3989 383.
2191 3926 2343 3984 Cum
2369 3928 2569 4009 itaque
2593 3949 2731 3988 mu-

492 4024 651 4061 nunc
694 4012 815 4062 non
856 4015 1083 4085 tempus
1124 4018 1209 4065 est
1236 4010 1479 4066 orationi
1506 4010 1571 4065 in
1653 4011 1730 4067 ris
1757 4008 1950 4069 adhuc
1978 4009 2156 4069 hostis
2171 4010 2528 4074 distineatur.
2573 4016 2730 4073 Pm-

494 4092 653 4148 enria
667 4090 983 4149 faciendae.
1029 4094 1173 4155 381.
1191 4096 1336 4157 382.
1350 4113 1568 4171 magua
1649 4094 1792 4153 inde
1813 4093 1889 4154 ad
1915 4096 2166 4155 formam
2189 4102 2302 4160 τοῦ
2331 4092 2477 4174 εἶτα,
2497 4098 2729 4176 &actvm

404 4194 427 4219 0
493 4177 761 4259 loqueris,
803 4175 947 4234 dum
976 4177 1127 4235 intra
1154 4180 1385 4235 moenia
1410 4189 1568 4237 tutus
1650 4200 1803 4262 quae
1831 4200 1968 4239 cum
1993 4184 2072 4239 ita
2099 4185 2230 4241 sint.
2289 4186 2435 4243 Mox
2463 4187 2728 4263 quando,

494 4262 567 4320 ab
610 4258 775 4320 hoste
815 4263 985 4335 lates,
1035 4261 1321 4337 necdum,
1361 4284 1568 4323 muro-
1649 4286 1754 4345 pro
1787 4265 2280 4347 quandoquidem.
2365 4273 2726 4336 389—391.

494 4366 627 4405 rum
671 4350 1103 4427 oppugnatione
1140 4348 1293 4406 facta
1306 4390 1331 4419 ,
1379 4350 1564 4409 fossae
1649 4352 2000 4432 Compei-ant
2037 4351 2200 4411 Iliad.
2257 4376 2298 4413 α
2313 4394 2334 4427 ,
2389 4358 2538 4419 226.
2581 4360 2728 4420 227.

491 4434 775 4513 sanguine
798 4454 1096 4494 caesorum
1112 4435 1447 4515 implentur.
1484 4437 1564 4495 cf.
1648 4437 1840 4496 Imus.
1933 4438 2087 4509 Quin
2111 4439 2284 4499 imus.
2367 4440 2500 4517 Age
2527 4459 2728 4499 eamus
