3009 5050
508 375 660 450 462

988 372 1071 446 Ρ.
1124 367 1644 448 VIRGILII
1691 365 2174 444 MARONI
2195 367 2249 442 S

506 561 707 634 Nam
768 580 873 632 ue
899 553 1203 648 ferunt,
1254 552 1473 631 luctu
1500 555 1858 651 Cycnum
1886 551 2404 630 Phaethontis
2431 554 2696 648 amati,

506 663 677 760 Pop
772 683 899 736 eas
929 660 1137 736 inter
1164 657 1472 734 frondis
1501 658 2032 756 umbramque
2063 679 2438 734 sororum

2597 666 2745 735 190

504 768 717 840 Dum
751 765 992 861 canit,
1050 775 1129 838 et
1166 776 1560 838 maestum
1591 766 1813 837 Musa
1835 758 2132 835 solatur
2159 783 2546 856 amorem,

508 868 948 944 Canentem
980 865 1207 942 molli
1255 865 1526 967 pluma
1565 863 1873 939 duxisse
1905 876 2350 955 senectam3

502 969 1037 1070 Linquentem
1062 982 1309 1057 terras
1328 1031 1349 1066 ‚
1407 982 1489 1046 et
1512 966 1768 1044 sidera
1796 990 1994 1042 voce
2039 981 2530 1068 sequentem.

500 1073 779 1170 Filius,
832 1073 1180 1176 aequalis
1236 1074 1650 1148 comitatus
1684 1065 1924 1147 classe
1954 1083 2320 1163 catervaS,

502 1180 923 1276 Ingentem
952 1178 1194 1254 remis
1236 1179 1726 1254 Centaurum
1755 1187 2213 1275 promovet:
2265 1172 2402 1249 ille

2591 1181 2738 1251 195

502 1284 749 1358 Instat
782 1305 1067 1383 aquae,
1110 1303 1542 1383 saxumque
1571 1276 1808 1354 undis
1843 1279 2164 1356 inmane
2198 1277 2544 1354 minatur

500 1487 559 1540 h.
583 1487 623 1545 l.
648 1487 847 1542 adiecta
877 1497 957 1540 est
980 1488 1050 1541 ob
1088 1488 1450 1558 interpositam
1482 1485 1851 1555 parenthesim
1910 1486 2017 1541 vid.
2051 1489 2118 1550 Q.
2147 1487 2215 1540 V.
2236 1485 2477 1551 XXXV,
2505 1485 2558 1538 9.
2629 1485 2740 1536 Re-

501 1566 609 1609 stat
642 1557 804 1622 illud,
835 1567 897 1609 ut
930 1558 1241 1621 declaretur,
1276 1557 1400 1626 quid
1434 1559 1504 1608 sit
1537 1556 1588 1606 h.
1623 1555 1661 1607 l.
1695 1558 1914 1610 crimen.
1985 1557 2101 1609 Hoc
2130 1555 2444 1610 vocabulum
2478 1553 2738 1606 interdum

502 1625 759 1694 significat
792 1645 996 1680 causam
1032 1628 1197 1679 malae
1232 1626 1447 1678 alicuius
1485 1625 1596 1687 τοὶς
1631 1643 1786 1678 amor
1819 1638 1904 1678 est
1923 1629 2124 1678 crima
2150 1637 2408 1688 veut-um,
2441 1623 2480 1676 i.
2514 1642 2560 1676 e.
2595 1641 2741 1676 amor

503 1704 585 1746 est
618 1713 772 1747 causa
806 1707 975 1748 vestra
1010 1698 1119 1747 sive
1156 1696 1233 1748 ori
1272 1695 1370 1748 iuis
1404 1703 1614 1747 vestrae
1649 1704 1705 1745 et
1748 1695 2108 1748 transformati
2141 1695 2196 1746 in
2230 1711 2377 1748 avem
2411 1693 2592 1764 Cycni.
2660 1694 2738 1744 Ita

500 1764 623 1828 xli,
657 1765 800 1818 flou:
836 1770 939 1828 „Se
974 1783 1175 1818 causam
1210 1785 1239 1818 c
1260 1773 1429 1832 amat,
1466 1765 1828 1833 crimenque
1863 1775 2121 1834 caputque
2154 1765 2458 1816 malorum.“
2531 1765 2609 1815 Ut
2632 1761 2738 1830 igi·-

500 1843 588 1883 tur
621 1844 765 1884 recte
800 1834 969 1886 dices:
1006 1851 1131 1904 ego
1170 1853 1307 1887 sum
1341 1843 1679 1900 vestrum,
1714 1851 1747 1886 ο
1786 1833 1990 1898 mala,
2027 1833 2323 1890 crimem
2359 1834 2434 1887 sie
2469 1831 2606 1884 nihil
2639 1840 2737 1894 est,

502 1903 643 1971 quod
675 1903 731 1954 in
765 1903 869 1957 hoe
918 1904 1302 1971 reprehendas:
1350 1903 1615 1954 Crimen
1659 1920 1842 1954 amor
1899 1914 2210 1957 vestrum.
2277 1902 2529 1956 Similiter
2571 1906 2739 1970 Asper

498 1971 641 2040 apud
674 1973 938 2024 Servium:
975 1974 1287 2036 „secuudum
1323 1979 1544 2042 Asprum
1578 1973 1779 2024 crimen
1813 1971 1914 2025 erit
1941 1990 2138 2024 eausa:
2171 2001 2240 2013 --
2275 2001 2342 2012 —
2375 1972 2414 2023 i.
2449 1989 2500 2024 e.
2533 1981 2737 2023 vestrae

498 2041 851 2093 mutationi-,⁴⁶
920 2043 1175 2110 Expedita
1208 2043 1345 2094 hunc
1376 2043 1433 2094 in
1466 2043 1677 2094 modum
1711 2043 1971 2094 cententia
2007 2041 2140 2092 nihil
2174 2052 2287 2110 est,
2323 2043 2461 2112 quod
2498 2041 2736 2109 integer-

498 2111 683 2162 rimum
717 2129 919 2163 veroum
964 2112 1345 2174 reecindamun
1394 2127 1497 2181 quo
1545 2110 1755 2178 sublato
1805 2111 1976 2163 hiabit
2008 2111 2125 2180 ipsa
2160 2112 2365 2174 orati05
2412 2110 2736 2164 necessarius

498 2189 582 2230 est
614 2179 751 2231 enim
788 2181 874 2232 hic
908 2199 1115 2244 verene,
1151 2191 1209 2232 ut
1242 2181 1569 2250 intelligatur
1599 2181 1656 2231 id
1687 2183 1890 2250 ipsum,
1927 2180 2070 2232 euius
2105 2199 2258 2233 causa
2290 2181 2643 2234 narrationem
2670 2179 2736 2230 de

496 2251 671 2318 Cycno
706 2249 761 2300 in
796 2268 943 2302 avem
974 2259 1175 2304 mutato
1210 2251 1433 2303 intexuit
1464 2249 1682 2302 carmini
1715 2260 1904 2321 poete:
1939 2267 2032 2302 cur
2062 2267 2263 2318 pennas
2298 2249 2531 2302 olorinas
2555 2250 2611 2301 in
2639 2267 2736 2318 ge-

494 2319 582 2369 lea
616 2319 827 2389 Cupavo
865 2320 1102 2387 gesserit.
1141 2323 1292 2390 Wr.)
1437 2320 1536 2374 189
1571 2319 1820 2390 Namque
1853 2335 1950 2382 pro
1985 2313 2076 2387 δή,
2114 2319 2150 2374 δ
2186 2315 2358 2388 lady),
2393 2317 2618 2380 scilicet,
2651 2321 2735 2370 ni-

496 2387 699 2455 mirum,
734 2388 989 2452 sollenne,
1024 2407 1074 2442 v.
1110 2408 1156 2444 e.
1192 2408 1306 2461 sup.
1344 2389 1461 2444 148.
1488 2389 1610 2452 xn.
1645 2391 1763 2444 247.
1801 2391 1899 2450 lx,
1931 2388 2002 2441 40
2037 2398 2093 2440 et
2129 2337 2198 2442 aq.
2274 2391 2436 2443 amici
2461 2407 2567 2443 sec.
2599 2391 2734 2441 Rot-

495 2458 640 2510 teud.
712 2459 999 2512 Pethontis
1036 2460 1183 2513 Rom.
2062 2460 2080 2523 (
2127 2460 2330 2513 rondes
2363 2458 2555 2511 Medic.
2594 2459 2732 2527 Wr.)

497 2524 821 2599 umbrasque
866 2530 1108 2582 Parrhas-
1144 2549 1240 2600 .pr.
1292 2530 1478 2583 Hamb.
1529 2528 1824 2599 umbraque
1871 2528 2009 2581 alter
2101 2530 2257 2583 eutel.
2379 2528 2477 2583 191
2515 2540 2600 2583 σᾶ.
2637 2545 2732 2599 pro

494 2610 663 2649 cantu
697 2598 858 2649 habet
888 2600 1123 2651 Parrhas-
1161 2616 1260 2670 pro
1296 2602 1478 2652 Musa.
1587 2600 1687 2653 192
1721 2602 1774 2651 G.
1811 2616 1879 2650 m.
1911 2615 2099 2669 penna
2130 2598 2293 2651 Goth.
2325 2609 2446 2651 tert.
2517 2611 2734 2651 senecta

491 2666 644 2719 Leid.
679 2678 734 2719 et
766 2676 888 2721 tert.
925 2669 1174 2721 Rottend.
1281 2668 1381 2725 194
1407 2668 1628 2737 aequale·
1659 2686 1706 2719 c.
1739 2667 1918 2720 classe
1936 2666 2128 2721 Medic.
2159 2678 2216 2721 et
2251 2685 2355 2723 tec.
2387 2670 2580 2720 Μαι-οι.
2617 2667 2736 2735 (aed

494 2754 524 2787 a
554 2736 609 2788 iu
648 2737 885 2789 Mediceo
920 2738 1288 2807 superscripta.
1332 2742 1481 2804 Wr.)
1553 2737 1803 2858 negantis
1837 2734 2056 2790 Dorvill.
2197 2736 2297 2793 195
2329 2736 2612 2789 submovet
2653 2754 2733 2804 pr.

492 2806 676 2859 Hamb.
746 2818 1136 2877 centurumque
1170 2810 1422 2862 admovet
1455 2808 1575 2881 ipse
1663 2806 1717 2860 d.
1751 2824 1835 2875 pr.
1869 2808 2040 2861 Burm.
2181 2808 2282 2861 196
2313 2808 2474 2878 aquis
2507 2824 2732 2859 saxum-

492 2894 597 2946 que
628 2877 782 2929 vides
811 2877 947 2929 alter
970 2878 1157 2931 Hamb.

1290 2461 1391 2514 190
1424 2461 1595 2529 Eque
1627 2463 1773 2513 inter
1807 2461 1990 2510 Franc-

491 3037 601 3115 qui
624 3047 768 3094 sunt
810 3036 1048 3094 Caerete
1086 3034 1261 3093 domo
1301 3045 1412 3094 etc.
1430 3078 1447 3109 ,
1503 3030 1568 3093 h.
1642 3032 1868 3114 pluma
1885 3076 1910 3105 ,
1953 3032 2227 3095 candidas
2261 3036 2524 3115 plumea,
2585 3052 2732 3115 quae

489 3124 593 3203 qui
636 3121 813 3179 domo
858 3131 991 3179 sunt
1034 3121 1364 3193 Caeretani,
1422 3116 1484 3177 h.
1515 3140 1568 3178 e.
1651 3140 1762 3201 pro
1791 3121 1948 3179 canis
1977 3132 2196 3199 essent3
2261 3122 2412 3179 exile
2455 3128 2634 3195 esset,
2685 3121 2732 3178 si

489 3209 544 3263 ei
586 3206 769 3264 additi
806 3217 967 3279 sunt,
1024 3226 1161 3263 eum
1201 3206 1568 3265 comitantur.
1653 3208 1975 3286 acciperes:
2023 3226 2161 3264 eum
2204 3204 2445 3264 demisse
2458 3248 2484 3277 ‚
2529 3208 2728 3285 egisse,

487 3292 692 3350 Burm.
747 3288 1071 3351 secundum
1114 3292 1387 3352 Servium
1426 3312 1570 3371 sup-
1651 3301 1950 3350 senectam
1963 3302 2272 3351 canentem
2285 3290 2538 3371 pluma,
2551 3294 2634 3350 sic
2665 3300 2730 3349 ut

486 3378 607 3457 plet
646 3376 947 3435 ach'iciunt
980 3397 1044 3433 se
1056 3419 1083 3448 ,
1144 3398 1255 3437 nec
1313 3378 1570 3436 multum

486 3462 705 3522 recedit
754 3464 977 3525 Probus
996 3506 1012 3535 ,
1072 3464 1175 3543 qui
1192 3506 1209 3537 ,
1283 3462 1566 3521 adiacent

484 3558 545 3604 et
576 3548 756 3627 quasi
778 3552 947 3605 iuxta
973 3558 1131 3622 eum,
1162 3549 1564 3629 interpretatus

485 3643 627 3693 erat.
712 3634 740 3709 (
768 3633 891 3710 Qui
952 3634 1191 3691 Caerete
1251 3634 1423 3693 donw
1438 3680 1455 3711 ,
1486 3634 1564 3693 cf.

480 3721 617 3778 Not.
648 3718 724 3778 ad
750 3720 847 3793 IV,
880 3724 983 3784 36.
1036 3718 1214 3799 Wr.)
1272 3723 1564 3797 intempe-

479 3816 610 3862 stae
648 3805 980 3863 Graviscae
1018 3808 1163 3865 ueris
1200 3808 1562 3887 intemperie,

482 3910 621 3949 cum
673 3893 737 3949 in
787 3888 995 3949 humili
1032 3912 1100 3951 ac
1141 3894 1379 3972 palustri
1433 3894 1566 3950 loco

482 3988 670 4037 essent
696 3979 856 4038 sitae.
896 3976 1017 4037 vid.
1044 3980 1289 4036 Excurs.
1318 3981 1414 4036 cit.
1444 3976 1564 4055 (De

480 4080 592 4123 vsu.
643 4065 761 4128 186
802 4083 929 4145 sqq.
969 4061 1089 4121 vid.
1140 4062 1213 4120 V.
1256 4064 1325 4120 L.
1370 4059 1445 4120 ad
1473 4081 1560 4120 vs.

484 4152 627 4213 186.
658 4158 717 4207 et
746 4152 886 4214 188.
925 4146 1101 4223 W.)

562 4236 706 4293 Mox
746 4254 806 4292 v.
854 4236 977 4297 192
1014 4231 1240 4310 serunt
1293 4230 1561 4312 Cycnum

479 4320 752 4392 (baisse,
796 4314 1092 4376 induxisse
1130 4318 1237 4375 sibi
1255 4362 1271 4392 ,
1318 4328 1560 4377 nactum

478 4426 600 4465 esse
614 4450 631 4482 ,
683 4412 983 4463 senectam
1036 4414 1345 4463 canentem
1390 4403 1565 4463 molli

1651 3376 1892 3437 haberet
1919 3380 2146 3457 plumas
2174 3397 2279 3459 pro
2311 3379 2486 3450 canis,
2528 3378 2593 3434 in
2621 3396 2730 3457 cy·-

1647 3482 1827 3522 cnum
1853 3474 2140 3537 mutatus3
2169 3467 2256 3522 uti
2283 3464 2405 3521 fere
2427 3460 2728 3521 claudian.

1645 3550 1726 3607 VI
1754 3550 1926 3608 Cous.
1969 3552 2190 3609 Honor.
2226 3552 2340 3615 171
2378 3542 2729 3607 Matutam-

1648 3656 1765 3715 que
1787 3655 1986 3693 senem
2005 3635 2238 3714 plumis
2249 3657 2278 3707 ,·
2307 3642 2366 3693 et
2397 3634 2725 3693 Nemesian-

1647 3722 1868 3801 Cyneg.
1909 3726 1990 3785 87
2029 3722 2297 3799 Gyenum
2325 3718 2728 3798 plumamque

1645 3806 1911 3865 senilem.
1989 3809 2114 3865 Alia
2140 3802 2337 3880 fabula
2365 3802 2522 3885 apud
2545 3806 2726 3863 Etru·

1645 3912 1770 3951 scos
1797 3892 1908 3951 fuit
1937 3890 2010 3950 de
2038 3894 2340 3963 Tarcone,
2371 3901 2438 3948 ut
2467 3912 2500 3947 e
2530 3890 2723 3949 Strab.

1643 3978 1713 4052 V,
1757 3996 1890 4057 pag.
1935 3982 2058 4043 836
2103 3979 2178 4035 Α.
2224 3976 2491 4055 colligas,
2547 3994 2725 4057 quem

1643 4072 1878 4143 propter
1912 4060 2281 4142 prudentiam
2307 4081 2342 4120 a
2367 4062 2560 4141 pueris
2587 4058 2724 4119 inde

1645 4168 1868 4205 canum
1899 4144 2162 4229 (πολιὸν)
2191 4148 2366 4206 fuisse
2379 4148 2722 4221 narrabant3

1645 4232 1808 4292 addit
1846 4232 2111 4291 Eustath.
2166 4232 2243 4291 ad
2281 4229 2449 4290 Iliad.
2489 4254 2555 4311 p.
2603 4234 2724 4295 167

1644 4320 1911 4401 Cycnum
1971 4319 2318 4377 Troianum.
2407 4314 2438 4395 (
2465 4350 2554 4361 --
2583 4320 2722 4381 198.

1642 4405 2071 4483 Linquentem,
2115 4414 2176 4463 et
2205 4402 2473 4486 liquiss03
2509 4400 2629 4462 vid.
2653 4400 2723 4473 9.
