3009 5050
894 1629 1739 1722 EXCURSUS
1847 1631 1890 1716 I

450 1841 567 1900 De
620 1839 1025 1900 Diomedia
1082 1839 1415 1900 aedibue
1477 1841 1558 1898 in
1611 1837 1979 1919 Apuliae
2033 1837 2327 1897 littore.

263 2003 434 2108 Lib.
476 2047 583 2122 xl,
627 2046 755 2112 243
794 2045 1074 2106 Vidimus
1089 2091 1106 2122 ,
1170 2067 1205 2104 ο
1248 2047 1406 2104 cives
1428 2088 1449 2116 ,
1498 2044 1858 2104 Diomedem
1897 2042 2266 2124 Argivaque
2317 2053 2522 2102 castra

265 2147 396 2210 etc„
440 2143 499 2192 et
524 2153 699 2214 supra
724 2134 879 2210 Vm,
924 2137 965 2198 9
996 2134 1271 2190 Mittitur
1304 2143 1363 2190 et
1394 2133 1612 2212 magni
1647 2132 1717 2190 V
1704 2131 1922 2190 anulus
1957 2131 2276 2190 ‚Dc'omedis
2305 2131 2396 2188 ad
2415 2151 2523 2188 ur-

267 2219 425 2291 bem,
478 2219 601 2296 Qui
619 2229 795 2297 petat
831 2217 1153 2276 amilium.
1255 2218 1390 2288 'Qua
1438 2230 1561 2276 arte
1586 2229 1760 2299 poeta
1803 2219 2052 2296 septimo
2095 2218 2242 2276 libro
2275 2219 2524 2277 Graecas

266 2305 522 2366 colonias
554 2315 612 2363 et
639 2305 921 2385 populos,
980 2323 1235 2385 quorum
1263 2306 1554 2381 originem
1580 2313 1807 2361 veteres
1833 2303 2064 2360 fabulae
2094 2322 2129 2360 a
2162 2305 2396 2362 Graecis
2425 2324 2526 2362 re-

265 2391 575 2472 petebant,
618 2390 839 2447 Latinis
895 2399 957 2446 et
996 2389 1225 2470 Rutulis
1266 2388 1329 2444 in
1388 2389 1530 2446 belli
1572 2390 1910 2446 societatem
1953 2387 2246 2462 adiunxit,
2318 2387 2526 2448 eadem

266 2495 449 2535 nnnc
432 2472 531 2532 ad
568 2471 921 2533 Diomedem
962 2474 1027 2531 in
1066 2483 1329 2531 extrema
1368 2475 1570 2531 Italiae
1611 2490 1712 2532 ora
1740 2471 1814 2532 de
1860 2474 2088 2533 auxiliis
2127 2473 2393 2554 petendis
2434 2475 2527 2533 le-

267 2572 431 2643 gatos
474 2562 629 2619 mitti
678 2570 895 2617 narrat.
980 2560 1245 2629 Quorum
1288 2561 1643 2617 auxiliorum
1685 2557 2006 2617 adventum
2057 2579 2195 2617 cum
2251 2560 2528 2639 temporis

268 2647 607 2727 angustiae,
651 2646 861 2727 quibus
902 2644 1127 2725 reliqua
1155 2644 1295 2701 belli
1321 2656 1530 2703 eventa
1555 2642 1972 2719 includuntur,
2029 2664 2153 2702 non
2181 2643 2526 2707 admittant:

268 2736 599 2813 legatorum
624 2730 815 2789 reditu
842 2741 901 2790 et
927 2730 1355 2788 renuntiatione
1384 2730 1586 2789 anxilii
1612 2731 1810 2808 negati
1835 2730 2127 2807 praeclare
2155 2732 2337 2788 utitur
2360 2734 2528 2790 Maro

268 2819 346 2880 ad
374 2838 573 2878 rerum
599 2819 825 2875 exitum
852 2814 1297 2875 accelerandum
1325 2827 1382 2875 et
1414 2818 1760 2875 Latinorum
1799 2816 2036 2875 consilia
2076 2815 2531 2895 praecipitanda.

267 2909 423 2966 Nam
459 2906 719 2984 primum
758 2902 963 2963 incidit
1004 2901 1091 2979 (v.
1118 2902 1221 2960 lib.
1252 2904 1357 2977 XI,
1402 2902 1529 2966 225
1559 2902 1716 2983 sqq.)
1759 2902 2088 2980 legatorum
2131 2900 2392 2961 reditus
2373 2922 2438 2959 ιιι
2467 2901 2532 2961 id

270 3003 536 3072 tempus,
582 3009 701 3071 quo
730 3000 868 3049 ante
896 3008 1113 3070 paucos
1148 2986 1269 3047 dies
1296 3007 1331 3045 a
1358 2990 1580 3047 Latinis
1607 3007 1820 3089 parum
1845 3007 2118 3067 prospere
2147 2998 2271 3045 erat
2295 3008 2531 3067 pugna·-

268 3090 435 3153 tum,
480 3078 833 3158 consiliaque
862 3094 1069 3134 eorum
1102 3076 1223 3133 iam
1248 3076 1540 3132 inclinatis
1587 3076 1794 3132 animis
1837 3072 1912 3132 ad
1938 3092 2148 3153 pacem
2175 3076 2531 3153 spectabant.

270 3166 439 3225 Tum
477 3182 619 3223 vero
662 3164 840 3241 legati
882 3180 1009 3220 non
1052 3160 1231 3219 modo
1274 3170 1560 3239 negatum
1604 3180 1639 3217 a
1665 3158 1952 3218 Diomede
1997 3161 2282 3219 auxilium
2309 3180 2533 3219 renun-

270 3254 451 3327 fiant,
492 3268 703 3308 verum
743 3250 921 3307 etiam
966 3248 1204 3307 consilia
1251 3248 1372 3305 eius
1424 3256 1483 3305 et
1510 3245 1788 3305 mandata
1833 3257 2155 3325 exponunt,
2211 3248 2420 3327 quibus
2456 3245 2535 3306 ad

273 3333 746 3415 componendam
775 3354 914 3393 cum
941 3334 1145 3392 Aenea
1172 3352 1383 3412 pacem
1408 3334 1746 3411 gravissime
1779 3329 2060 3391 hortatur.
2121 3334 2308 3392 Erant
2335 3345 2534 3392 autem

274 3420 351 3481 de
378 3420 679 3480 Diomedis
706 3422 771 3479 in
800 3422 1053 3495 Daunia,
1082 3440 1233 3500 quae
1260 3420 1511 3498 Apuflae
1537 3438 1672 3499 pars
1704 3427 1810 3492 est,
1833 3417 2064 3477 sedibus
2087 3417 2320 3477 fabulae
2348 3420 2537 3478 Grae-

273 3528 481 3571 corum
512 3508 963 3589 antiquissimae.
1044 3506 1293 3586 Ibycum
1322 3515 1622 3563 auctorem
1644 3502 1845 3567 Schol.
1875 3503 2116 3563 Pindari
2141 3503 2218 3564 ad
2246 3508 2416 3565 Nem.
2453 3508 2534 3583 X,

280 3598 361 3658 12
394 3596 642 3668 excitat,
689 3590 794 3651 sed
823 3592 1051 3675 cyclicis
1078 3592 1377 3670 probabile
1405 3590 1473 3649 fit
1503 3593 1692 3671 poetis
1737 3590 1862 3649 illas
1891 3610 2013 3663 esse
2051 3591 2418 3667 tribuendas,
2465 3594 2537 3651 iis

272 3680 555 3759 inprimis,
586 3680 691 3760 qui
716 3677 933 3738 reditus
948 3670 1312 3737 Achivorum
1329 3669 1664 3754 (Νόστους)
1697 3676 1954 3735 carmine
1985 3689 2392 3757 exposuerant.
2424 3676 2533 3755 (cf.

273 3782 405 3843 cup.
434 3764 511 3825 ad
536 3786 598 3825 v.
628 3762 776 3829 265.
861 3762 961 3821 Ad
990 3782 1195 3822 eorum
1236 3764 1578 3843 exemplum
1605 3761 1943 3821 Dionoedea
1977 3764 2136 3823 libris
2175 3766 2292 3823 XII
2328 3767 2539 3845 scripta

276 3859 403 3908 erat
442 3868 478 3907 a
516 3852 666 3909 Iulio
714 3851 1013 3909 Antonio:
1078 3848 1236 3927 apud
1265 3847 1465 3908 Schol.
1497 3850 1702 3906 Horat.
1730 3849 1835 3924 IV,
1865 3854 1926 3923 2,
1971 3853 2074 3925 38,
2116 3852 2206 3909 uti
2233 3850 2539 3909 Phaeacic

276 3954 319 3995 a
344 3936 639 3994 Tuticano
661 3979 678 4009 ,
712 3946 771 3993 et
801 3935 1031 3993 reditus
1060 3934 1338 3993 Menelai
1369 3944 1429 3991 et
1448 3934 1727 3991 Helenae
1754 3954 1789 3991 a
1813 3936 2018 4015 Lupo:
2065 3935 2234 3996 ovid.
2267 3956 2343 3995 ex
2373 3939 2540 3995 Pon-

276 4031 343 4080 to
370 4021 472 4094 lv,
520 4025 616 4095 16,
644 4026 751 4086 26.
794 4022 928 4101 27.)
1014 4019 1229 4080 Redttx
1273 4022 1431 4079 enim
1477 4040 1513 4079 a
1552 4022 1734 4079 Troia
1773 4023 1964 4100 Argos
2003 4020 2190 4081 factus
2225 4021 2546 4081 Diomedes

278 4104 433 4184 (vid.
462 4104 664 4185 Odyss
696 4129 751 4188 y,
794 4111 917 4171 180
944 4106 1125 4188 sqq.,)
1184 4108 1429 4185 cognitis
1476 4108 1676 4165 uxoris
1703 4106 2015 4186 Aegialeae
2059 4118 2118 4166 et
2146 4105 2392 4167 adulteri
2421 4108 2541 4165 Go-

276 4202 496 4267 metae,
542 4190 805 4250 Stheneli
832 4192 898 4267 f.,
926 4192 1177 4267 insidiis,
1224 4194 1437 4251 iterum
1462 4212 1642 4253 naves
1669 4192 2037 4268 conscendit,
2083 4203 2142 4252 et
2169 4204 2298 4273 post
2324 4192 2542 4251 multos

278 4296 507 4337 errores
536 4278 641 4355 (cf.
672 4276 845 4337 ovid.
874 4278 1015 4337 XIV
1042 4280 1185 4337 Met.
1212 4276 1339 4343 478
1368 4298 1496 4360 sqq.
1479 4279 1548 4353 .,)
1579 4279 1788 4361 quibus
1816 4283 1996 4338 etiam
2019 4280 2312 4337 Aetoliam
2339 4276 2543 4337 adiisse

277 4363 581 4423 ferebatur
615 4363 703 4440 (v.
732 4385 785 4422 c.
814 4366 1099 4424 Antonin.
1126 4366 1369 4423 Metam.
1398 4385 1453 4423 c.
1480 4368 1585 4441 87,
1625 4365 1732 4423 ubi
1781 4366 1860 4425 cf.
1889 4368 2047 4440 Not„
2092 4374 2152 4421 et
2187 4362 2262 4423 ad
2308 4383 2376 4421 ea
2404 4360 2544 4425 add.

276 4451 421 4509 Not.
452 4446 529 4507 ad
556 4446 897 4528 Apollodor.
941 4470 1001 4531 p.
1047 4452 1170 4516 129
1198 4470 1327 4531 sqq.
1310 4450 1381 4530 .),
1428 4469 1566 4509 cum
1611 4451 1780 4511 sociis
1805 4450 2216 4526 Doriensibus,
2261 4468 2406 4533 qnos
2435 4448 2546 4508 ad-
