3009 5050
514 375 669 446 610
979 368 1060 441 P.
1116 362 1650 442 VIRGILII
1700 360 2258 438 MARONIS

522 554 793 650 SidnS,
828 553 863 566 ·-
903 564 982 627 et
1074 548 1473 642 Euboicae
1571 559 1870 640 cauma,
1947 545 2352 650 ,ultorque
2453 548 2768 650 Caphe-

518 759 795 870 MiJitia
828 781 919 834 ex
936 754 1071 831 illa
1102 755 1507 833 diversum
1538 753 1638 830 ad
1675 675 2159 848 {fix-abacti,
2615 663 2769 733 260

622 905 791 975 261.
842 915 1135 969 AnAcrt

660 1101 763 1154 260
796 1101 1105 1171 Caphereus
1152 1116 1181 1150 ο
1216 1097 1405 1151 Medic.
1456 1106 1514 1149 et
1563 1096 1676 1149 aliis
1711 1097 1894 1149 Heius.
1941 1096 2174 1166 recepit:
2219 1096 2374 1164 vulgo
2433 1095 2767 1166 Caphar-euc-

520 1168 619 1234 (sic
664 1170 829 1222 Palat.
877 1187 991 1221 cum
1035 1170 1088 1222 9.
1139 1170 1219 1224 12.
1260 1173 1411 1234 Wr.)
1476 1167 1670 1220 Eadem
1703 1167 1930 1220 varietas
1967 1177 2024 1218 et
2069 1165 2213 1218 alibi.
2283 1166 2390 1218 sed
2431 1166 2648 1218 Graecis
2683 1175 2769 1217 est

518 1235 835 1306 Καφηρεῦς.
874 1257 920 1291 v.
958 1238 1252 1308 Etymolog.
1286 1239 1341 1289 in
1394 1239 1449 1290 h.
1493 1254 1542 1289 v.
1678 1237 1779 1291 261
1831 1235 2014 1288 abacti
2062 1234 2300 1306 plerique
2339 1235 2495 1287 codd.
2545 1245 2602 1286 et
2636 1245 2764 1287 vett.

518 1308 657 1372 edd„
692 1307 849 1377 idque
881 1317 1058 1359 tuetur
1090 1308 1227 1360 Pier.
1296 1305 1507 1358 abactis
1538 1305 1776 1358 Parthas.
1847 1311 1916 1356 At
1949 1306 2150 1370 adacti,
2199 1305 2340 1371 quod
2375 1305 2500 1356 inde
2535 1305 2603 1356 ab
2645 1305 2764 1357 Ald.

513 1396 597 1448 pr.
628 1377 841 1442 editum,
874 1377 1065 1430 Medic.
1099 1395 1214 1428 cum
1252 1376 1367 1428 aliis
1394 1375 1685 1439 nonnullis,
1721 1376 1860 1426 unde
1881 1375 2110 1428 retraxit
2135 1375 2334 1439 Heius„
2367 1391 2484 1426 cum
2514 1374 2570 1426 in
2589 1374 2762 1442 vnlgg.

519 1447 639 1500 edd.
680 1446 905 1498 venisset
939 1444 1122 1498 abacti
1158 1465 1221 1498 ex
1270 1445 1353 1496 ed.
1388 1445 1690 1497 commelini.
1760 1443 1963 1495 Omisso
2015 1445 2090 1496 ad
2138 1445 2329 1496 Moret.
2368 1462 2451 1512 pr.
2487 1445 2764 1497 diversum
2823 1502 2830 1512 ι

516 1515 675 1568 littus
708 1517 909 1578 adacti,
942 1515 1085 1583 quod
1120 1527 1273 1566 ornat
1310 1513 1568 1566 Heinsius,
1639 1512 1841 1581 (abacti
1873 1513 2100 1565 Pieriani
2135 1531 2345 1577 omnes,
2383 1522 2468 1576 et,
2517 1523 2572 1564 ut
2606 1513 2762 1564 vide-

514 1597 637 1648 tur,
668 1584 825 1652 longe
858 1585 1069 1652 plurimi
1103 1583 1401 1644 Hei-usiam
1447 1583 1588 1635 idem
1621 1582 1676 1634 in
1715 1583 1820 1634 suis
1861 1583 2015 1634 codd.
2051 1601 2108 1634 se
2144 1582 2404 1634 invenisse
2439 1581 2646 1634 Cor-tius
2694 1584 2763 1634 ad

512 1654 705 1706 Lucan.
742 1655 831 1718 vl,
869 1653 983 1705 150.
1016 1659 1268 1713 tentatum
1310 1653 1387 1704 sic
1425 1653 1581 1704 etiam
1614 1652 1780 1704 Palat.
1830 1661 1885 1703 et
1919 1653 2065 1720 Lips.
2101 1663 2208 1718 utq.
2243 1669 2362 1702 cum
2392 1655 2537 1704 Serv.
2572 1652 2760 1705 Dresd.

512 1725 573 1774 ln
606 1722 846 1774 Mediceo
884 1738 1109 1789 quoque,
1144 1733 1198 1773 ut
1227 1723 1395 1774 refert
1427 1722 1740 1789 fogginius,
1797 1723 1984 1773 adacti
2015 1721 2079 1772 ab
2117 1721 2286 1773 altera
2319 1737 2471 1772 mauu
2507 1731 2762 1774 mutatum

510 1790 569 1842 in
603 1789 798 1842 abacti.
865 1792 935 1841 Et
964 1800 1188 1859 apparet
1220 1791 1439 1856 adacti,
1493 1793 1636 1842 cuiun
1683 1790 1922 1842 lectionis
1957 1790 2129 1842 nullos
2175 1789 2297 1842 novi
2337 1801 2516 1842 certos
2550 1791 2761 1859 quidem

512 1869 673 1910 testes
708 1868 918 1927 praeter
950 1861 1253 1926 Moret..pr.
1292 1870 1347 1910 et
1379 1860 1541 1912 Paris.
1577 1862 1646 1922 2..
1696 1860 1952 1926 originem
1993 1860 2190 1911 debere
2225 1877 2562 1927 praegressae
2598 1877 2758 1930 prae-

512 1927 765 1998 positioni
798 1927 887 1979 σά.
956 1929 1133 1995 Itaque
1166 1928 1408 1980 revocavi
1444 1927 1655 1993 abacti,
1689 1930 1988 1982 restitutum
2025 1929 2184 1982 etiam
2219 1929 2285 1980 ab
2323 1929 2524 1984 Iahnio.
2594 1931 2758 1982 Recto

436 2008 443 2018 “
511 2015 668 2066 supra
700 1996 874 2049 editur
907 1999 947 2063 1,
983 1997 1133 2052 512:
1170 1997 1518 2066 „penitusque
1551 1997 1682 2050 alias
1716 2015 1890 2050 avex
1905 2009 2058 2050 erat
2093 2005 2297 2062 oras,·“
2333 2000 2424 2051 ubi
2451 1999 2546 2051 alii
2579 1999 2756 2052 adve-

510 2171 845 2234 vibraverit!
924 2173 1098 2231 Color
1126 2173 1343 2254 alioqui
1371 2173 1589 2231 oratio—-

508 2261 598 2320 nis
626 2261 819 2319 multis
847 2259 1259 2340 frequentatus.
1360 2261 1588 2317 Exem-

506 2347 605 2425 pla
632 2347 865 2424 collegit
892 2343 1097 2404 cerda.
1182 2343 1423 2404 Ovidius
1449 2345 1589 2403 XIV

507 2433 651 2489 Met.
678 2429 823 2506 474,
852 2431 955 2490 ubi
979 2440 1172 2488 totum
1202 2429 1360 2488 hunc
1390 2431 1589 2489 locum

508 2528 641 2575 ante
671 2517 867 2575 oculos
896 2514 1101 2575 habet:
1163 2516 1422 2574 Graecia
1459 2528 1590 2573 tum

500 2604 701 2681 potuit
712 2603 964 2661 Priamo
996 2622 1229 2681 quoque
1238 2602 1463 2679 flenda
1486 2604 1586 2660 νὶ-

508 2688 656 2746 deri.
717 2690 795 2745 Et
818 2689 943 2768 ipse
968 2688 1133 2746 Maro
1162 2708 1290 2767 sup.
1320 2690 1403 2758 11,
1434 2692 1495 2752 6.
1509 2691 1562 2750 ·7
1568 2728 1586 2745 .

514 2774 666 2851 Quia
694 2773 1059 2853 tale'afimdo
1100 2774 1402 2850 Temperet
1427 2794 1469 2830 a
1488 2771 1588 2829 la-

504 2861 708 2916 crimzs
726 2861 851 2915 !—
880 2860 1045 2916 triste
1056 2860 1375 2917 Minervae
1402 2858 1590 2916 sidus.

502 2946 715 3025 Ineptit
755 2945 989 3004 Servius
1032 2956 1133 3002 aut
1174 2946 1431 3026 quisquis
1459 2946 1580 3001 eius

501 3048 722 3089 nomen
748 3032 1044 3105 mentitur,
1075 3028 1309 3111 quando
1341 3024 1582 3087 afletem

504 3124 563 3173 et
588 3116 891 3174 manubias
917 3116 1259 3174 Minervales
1275 3158 1291 3189 ,
1340 3113 1453 3173 hoc
1496 3124 1586 3172 est

500 3200 774 3275 fulmina,
830 3211 1135 3259 memorat.
1261 3199 1446 3258 Cerda
1506 3199 1582 3258 de

500 3284 629 3343 face
657 3305 692 3342 a
718 3288 967 3365 Nauplio
983 3330 999 3360 ,
1042 3284 1366 3345 Palameffis
1394 3296 1576 3365 patre,

392 3398 397 3405 .
500 3370 563 3427 iu
598 3368 865 3427 fraudem
912 3373 1267 3429 Graecorum
1296 3373 1441 3430 elata
1476 3392 1579 3430 ac-

502 3456 641 3534 cipit
668 3453 837 3512 sidus
878 3456 1197 3515 Minervae
1214 3479 1233 3513 :
1286 3476 1407 3515 non
1444 3476 1578 3515 ma-

502 3543 589 3618 gis
616 3539 945 3599 commode.
1014 3542 1133 3599 Alii
1162 3544 1343 3601 aliter.
1404 3540 1576 3613 Quod

500 3626 985 3704 simplicissimum
1022 3637 1137 3701 est,
1194 3626 1309 3686 hoc
1345 3628 1575 3685 tenebi-

499 3728 649 3768 mus.
734 3712 1133 3791 Tempestates
1172 3724 1323 3772 ortas
1364 3733 1469 3792 per
1495 3716 1578 3772 si-

502 3793 709 3853 derum
737 3806 894 3855 ortus
925 3806 982 3855 et
1009 3817 1242 3857 occasus
1263 3798 1573 3875 declarare,

500 3891 807 3959 perpetuus
886 3892 1190 3961 poetarum
1258 3904 1393 3943 usus
1470 3896 1573 3943 est.

500 3966 867 4045 Tempestas,
899 3986 1017 4049 qua
1041 3968 1399 4029 Achivorum
1426 3972 1577 4029 olas-

498 4052 572 4110 sis
638 4049 872 4110 disiecta
938 4064 1023 4111 est
1053 4098 1071 4127 ,
1140 4056 1435 4113 Minervae
1488 4058 1576 4113 ira

498 4134 693 4213 (conf.
719 4156 846 4217 sup.
876 4138 977 4197 lib.
1002 4141 1080 4213 Π,
1119 4142 1237 4202 168
1265 4141 1418 4221 seq.)
1462 4142 1574 4199 fuit

494 4223 799 4281 concitata.
822 4223 943 4282 vid.
962 4222 1166 4305 Odyss.
1188 4229 1403 4298 oe,326.
1428 4230 1572 4302 327,

490 4307 755 4387 inprimis
781 4332 835 4389 y,
870 4306 1013 4373 134.
1054 4308 1177 4372 135
1205 4328 1292 4391 sq.
1336 4310 1412 4368 cf.
1440 4330 1570 4391 sup.

492 4392 646 4452 Aen.
691 4394 752 4468 1,
796 4397 879 4457 39
915 4412 1003 4475 sq.
1088 4394 1315 4455 Seneca
1355 4397 1570 4475 Agam.

1671 2173 1798 2237 528
1830 2191 1918 2254 sq.
1949 2173 2095 2238 560.
2165 2171 2325 2231 Nihil
2366 2175 2546 2252 igitur
2571 2175 2759 2253 magis

1671 2261 1736 2316 iu
1763 2270 1999 2338 promtu
2018 2303 2036 2332 ,
2083 2279 2263 2340 quam
2289 2269 2695 2339 tempestatem
2721 2279 2756 2317 a

1671 2347 1935 2404 Minerva
1989 2356 2350 2403 commotam
2395 2345 2566 2402 sidu-s
2621 2347 2755 2403 Mt-

1673 2449 1892 2488 nen’ae
1920 2432 2242 2510 appellare,
2285 2432 2450 2489 nullo
2491 2443 2753 2511 respectu

1672 2517 1784 2575 alio
1813 2513 2030 2575 habito.
2063 2515 2210 2595 (vid.
2239 2519 2374 2575 Not.
2405 2515 2480 2576 ad
2494 2517 2594 2593 Ν,
2610 2521 2751 2582 809.

1677 2602 1848 2679 Wr.)
1936 2604 2093 2661 Sane
2149 2602 2390 2684 quidem
2433 2604 2671 2663 Solinus
2697 2624 2750 2663 o.

1675 2692 1746 2751 11
1791 2687 2133 2765 Caphereus
2153 2690 2460 2765 prominet
2497 2692 2564 2747 in
2590 2688 2751 2747 Hel-

1671 2773 2008 2850 lespontum
2023 2818 2038 2849 ,
2113 2772 2226 2831 uhi
2255 2784 2396 2853 post
2443 2775 2555 2833 Ilii
2593 2777 2750 2833 exeo·-

1669 2858 1842 2917 dium
1863 2860 2176 2939 Argiuam
2218 2860 2472 2919 classem
2489 2860 2592 2918 vel
2601 2862 2750 2918 'Mi-

1672 2964 1892 3001 neruae
1931 2946 2028 3001 ira
2051 2987 2076 3015 ‚
2134 2946 2236 3003 vel
2247 2988 2274 3017 ,
2339 2946 2509 3025 quod
2539 2948 2752 3005 certior

1653 3029 1865 3107 prodit
1910 3032 2197 3088 memoria
2217 3075 2240 3102 ,
2297 3032 2470 3089 sidus
2491 3034 2752 3091 Arcturi

1657 3112 1958 3193 gravibus
2001 3108 2211 3197 afficit
2263 3116 2522 3177 casibus.
2627 3117 2748 3178 Sed

1662 3201 1770 3258 sub
1800 3201 2030 3259 Arcturi
2059 3213 2254 3261 ortum
2291 3222 2413 3262 non
2456 3203 2636 3263 dilata
2661 3214 2748 3263 est

1659 3284 2020 3345 Achivorum
2045 3291 2338 3368 navigatio
2351 3336 2366 3365 ‚
2396 3292 2616 3371 quippe
2643 3310 2746 3348 ae-

1659 3382 1803 3431 state
1833 3373 1984 3432 facta
2000 3392 2019 3431 ε
2062 3394 2270 3433 verum
2296 3375 2404 3434 sub
2435 3379 2746 3435 etesiarum

1660 3460 2002 3539 aquilonum
2031 3470 2244 3519 ortum.
2271 3481 2330 3520 v.
2367 3481 2494 3541 sup.
2535 3461 2614 3520 ad
2638 3463 2744 3521 lib.

1655 3546 1738 3601 111
1781 3546 2025 3604 Excurs.
2067 3548 2126 3602 Π
2165 3566 2254 3625 pr.
2295 3546 2568 3625 ultorque
2617 3548 2745 3605 Ca·-

1647 3628 1910 3707 phereus
1925 3652 1951 3703 ;
1980 3635 2445 3709 promontorium
2462 3632 2744 3691 Euboeae

1655 3734 1852 3774 versus
1899 3718 2180 3775 orientem
2200 3762 2217 3791 ‚
2298 3716 2338 3781 ὅ
2385 3715 2740 3801 Καφηρεΰς,

1656 3812 1893 3880 propter
1917 3800 2153 3860 latentia
2179 3803 2286 3861 sub
2327 3804 2485 3862 unda
2513 3824 2656 3863 saxa
2683 3815 2740 3863 et

1657 3889 1900 3945 vortices
1918 3932 1937 3961 ‚
1991 3891 2289 3969 marisque
2325 3901 2550 3949 aestum
2581 3936 2600 3967 ,
2643 3894 2740 3949 in·-

1655 3972 1856 4051 primis
1882 3984 2118 4052 propter
2150 3974 2454 4055 nauh-agia
2481 3978 2739 4036 Graeco-

1657 4076 1790 4114 rum
1819 4077 1854 4115 a
1881 4060 2061 4115 Troia
2089 4058 2478 4136 redeuntium,
2497 4064 2734 4121 infame.

1657 4141 1818 4199 ultor
1869 4145 2110 4203 omnino
2167 4156 2366 4221 ornat,
2433 4158 2736 4230 tamquam

1654 4229 2054 4286 calamitosum
2105 4249 2348 4307 saxum3
2403 4234 2514 4291 nisi
2571 4236 2737 4292 malis

1653 4311 1730 4371 ad
1754 4314 1944 4371 Aiacis
1961 4314 2330 4394 nauli-agium
2354 4318 2587 4394 referre,
2619 4338 2736 4401 quo

1650 4398 1910 4459 Minerva
1937 4418 2076 4457 eum
2089 4402 2211 4459 ulta
2238 4412 2343 4461 est.
2385 4402 2580 4481 (ultor
2600 4424 2738 4486 spe-
