3009 5050
631 404 1246 489 AENEIDOS
1286 406 1511 486 ‘Lm
1550 406 1755 501 Vm,
1794 416 2255 495 'mos-⁶128.

2400 423 2549 495 2¹79

297 594 688 677 Finxerat.
743 592 1425 695 “Euphratesibat
1447 594 1607 671 iam
1638 592 1969 675 monim
1994 596 2274 695 undis3

288 698 809 799 Extremique
897 696 1322 777 hominum
1401 696 1695 793 Morini
1722 756 1745 793 ‚
1839 698 2337 805 Rhenusque
2420 704 2542 785 bi-

1457 802 1723 879 cornis
1740 836 1763 894 3

293 904 844 1007 Indomitique
878 904 1190 1002 Dahae,
1244 917 1326 981 et
1363 922 1703 1005 pontem
1746 904 2192 1015 indignatus
2233 915 2535 989 Araxes.

432 1079 538 1134 726
590 1081 858 1131 Tinxere»
915 1080 1067 1131 Rom.
1162 1081 1387 1131 Pia-erat
1444 1076 1537 1129 alii
1594 1076 1731 1129 Pier.
1814 1080 2081 1131 finxerat
2140 1083 2348 1151 quidam
2398 1100 2431 1135 a
2466 1082 2541 1137 nd

282 1149 516 1201 ‘Taubun
585 1148 876 1218 (Eufrates
909 1148 1101 1201 Medic.
1148 1158 1202 1201 et
1235 1150 1380 1199 Serv·
1419 1148 1605 1200 Dresd.
1648 1148 1790 1216 We.)

291 1220 398 1273 ⁷28
429 1220 569 1270 Daci
605 1218 800 1270 editum
829 1218 956 1270 olim
978 1228 1040 1270 et
1059 1216 1310 1287 seriptum

1928 1148 2033 1203 ⁷2⁷
2066 1146 2270 1203 Non'm'
2296 1152 2425 1205 Pan·
2520 1187 2536 1203 .

1455 1216 1557 1285 im,
1592 1216 1674 1269 vel
1701 1221 1901 1269 Dum.
1972 1218 2140 1271 Maio:
2182 1222 2281 1273 Ge.
2310 1222 2400 1285 ΙΙΙ,
2432 1216 2536 1275 49⁷

291 1292 369 1340 Be
406 1290 698 1341 coniurato
721 1288 1053 1340 descendent
1081 1288 1250 1341 Dacus
1371 1288 1538 1340 Iuro.
1605 1287 1712 1339 Sed
1734 1286 1929 1341 Dahae
1952 1286 2142 1339 Medio.
2188 1294 2342 1342 Deae
2366 1290 2537 1354 Rom„

291 1358 448 1409 etiam
488 1358 617 1420 nrt..
664 1372 798 1427 quos
839 1354 1119 1410 vindicavit

290 1431 468 1491 Doce,
501 1427 748 1493 indocte,
795 1434 858 1478 ut
899 1434 960 1477 et
996 1427 1138 1497 apud

1158 1372 1365 1477 qusque
1405 1356 1591 1410 cerda.
1658 1356 1763 1409 Alii
1778 1354 2053 1439 onustae,
2096 1360 2299 1423 Dochi,
2333 1358 2537 1421 Doctae,

1251 1442 1364 1478 can.
1405 1426 1504 1477 vn
1521 1464 1537 1487 ,
1586 1426 1707 1481 429.
1741 1422 1847 1478 vid.
1887 1424 1955 1476 ad
1992 1422 2177 1479 smum
2214 1428 2357 1489 xm,
2410 1426 2533 1481 764.

292 1496 518 1567 (Apulei.
545 1496 615 1548 de
648 1496 1002 1565 orthograph.
1038 1506 1166 1549 sect.
1193 1496 1305 1549 56.:
1342 1495 1611 1560 „Dahae
1644 1513 1759 1549 cum
1794 1495 1833 1545 Ιι
1874 1502 1998 1545 ante
2037 1512 2088 1558 a,
2124 1496 2310 1566 populi
2350 1496 2403 1548 in
2434 1495 2537 1548 dc-

291 1565 448 1627 mtin
501 1565 807 1624 habitantes
855 1564 990 1621 alm
1036 1566 1367 1635 scythim-‘⁶

281 1648 457 1709 ponte
487 1636 746 1689 Montalb.
813 1637 1024 1690 Araxis
1058 1653 1142 1707 pr.
1173 1634 1362 1691 unuh.

284 1776 412 1835 Nisi
438 1786 637 1837 tamen
665 1798 772 1859 pro
817 1774 1144 1853 Thracibus
1159 1821 1177 1850 ‚
1221 1776 1370 1835 ultra

287 1882 435 1944 quos
463 1864 549 1921 illi
575 1862 912 1927 habitabant
936 1863 1039 1941 (cf.
1057 1862 1133 1922 ad
1154 1865 1369 1945 Georg.

285 1950 361 2025 11,
396 1949 584 2029 115),
629 1948 770 2009 dicti
794 1961 959 2024 sunt,
1004 1950 1196 2033 quiin
1239 1950 1370 2007 An-

285 2036 434 2093 tonii
461 2036 638 2117 copiis
667 2047 849 2094 erant.
937 2036 1236 2110 Horatius,
1269 2037 1370 2124 qui

285 2135 459 2201 saepe
485 2118 733 2205 populos
761 2122 1033 2183 barbaros
1062 2123 1216 2181 ultra
1243 2124 1370 2179 Da-

281 2208 532 2265 nubium
572 2218 862 2267 memorat
881 2252 898 2285 ,
946 2205 1125 2267 modo
1185 2208 1367 2266 Gelo-

275 2310 421 2370 nos,
463 2292 644 2352 modo
673 2290 881 2369 Getas,
921 2290 1103 2353 modo
1133 2293 1375 2353 Sarma-

285 2388 373 2437 tas
401 2389 502 2437 aut
531 2376 780 2461 Scythas
807 2381 1090 2438 nominat.

371 2549 520 2612 726.
551 2547 896 2628 Euphrates
924 2545 1054 2606 ibat
1070 2547 1196 2604 iam
1217 2545 1374 2606 mol-

285 2629 403 2690 lior
441 2631 624 2692 undis
675 2631 737 2692 h.
779 2633 998 2692 leniore
1050 2651 1259 2706 amne,
1301 2643 1369 2691 ut

282 2717 575 2778 domitum
619 2737 681 2776 se
725 2737 792 2776 ac
847 2717 1250 2796 subiugatum,
1303 2714 1366 2776 h.

281 2823 334 2864 e.
365 2805 616 2887 populos
645 2805 870 2864 accolas
897 2805 1080 2862 victos
1125 2812 1182 2860 et
1227 2801 1370 2860 sub-

279 2891 459 2950 iectos
481 2936 497 2964 ,
541 2890 908 2970 significaret.
989 2889 1092 2946 Uti
1134 2885 1369 2950 nmllita

284 2973 559 3036 dicuntur
589 2986 647 3036 et
691 2977 863 3058 alibi,
909 2993 1060 3058 quae
1103 2976 1258 3032 victa
1298 2992 1366 3032 ac

283 3074 524 3122 contusa
583 3064 948 3144 coercitaque
1009 3071 1164 3119 sunt.
1265 3059 1366 3119 Sic

283 3147 492 3208 moues
547 3149 746 3212 animi
773 3190 799 3218 ,
877 3145 1088 3204 mollia
1153 3143 1356 3204 corda.

280 3235 501 3295 Notum
557 3245 758 3293 autem
817 3233 912 3292 vel
968 3251 1044 3290 ex
1087 3233 1360 3292 Horatios

284 3317 658 3400 Medumque
666 3321 915 3398 flunaen
939 3315 1223 3398 gentibus
1246 3317 1364 3376 ad-

281 3403 480 3464 ditum
555 3408 730 3465 victis
793 3405 1051 3462 minores
1125 3401 1361 3462 volvere

282 3491 529 3552 vertices
547 3513 567 3550 .-
614 3493 722 3551 etsi
747 3489 860 3550 hoc
891 3488 964 3549 ad
992 3490 1231 3548 seriores
1252 3508 1363 3546 an·-

280 3597 388 3638 nos
413 3589 653 3660 spectat.
735 3579 954 3656 Magno
993 3595 1132 3634 vero
1160 3574 1363 3657 spiritu

280 3661 427 3724 haec
459 3663 612 3723 dicta
642 3673 699 3721 et
725 3666 789 3722 in
817 3663 1004 3720 maius
1032 3672 1200 3719 aucta
1233 3680 1366 3718 am-

280 3736 648 3832 plificataque
675 3759 830 3807 sunt.
857 3773 866 3784 ·
899 3745 1190 3806 Adversus
1216 3747 1366 3803 Par—

141 3879 160 3895 .
283 3834 414 3895 thos
459 3837 618 3893 enim
657 3835 760 3894 illo
817 3853 971 3892 anno
1015 3829 1164 3890 nihil
1207 3827 1364 3888 aliud

281 3941 392 3980 nec
419 3929 748 4000 susceptum
773 3939 886 3978 nec
913 3929 1160 3998 gestum,
1196 3935 1368 3997 prae-

281 4017 552 4088 terquam
593 4003 754 4087 quod
789 4005 1086 4086 Augustus
1104 4046 1121 4076 ,
1163 4003 1367 4082 Aegy-

281 4104 386 4174 pto
413 4091 478 4147 in
515 4100 858 4170 potestatem
897 4109 960 4170 p.
998 4091 1072 4148 R.
1113 4083 1365 4162 redacta,

281 4178 348 4236 in
415 4175 651 4255 Syriam
709 4193 969 4234 reversus
1013 4169 1364 4232 Parthorum

283 4263 506 4342 legatos
546 4257 746 4318 audiit.
802 4259 958 4318 conf.
1017 4259 1233 4336 Georg.
1286 4259 1361 4332 11,

288 4351 434 4412 170.
459 4345 560 4420 IV,
586 4345 632 4404 f.
715 4345 784 4404 Si
807 4363 947 4404 vero
987 4341 1168 4416 haec,
1213 4361 1362 4423 quae

257 4417 608 4514 'sequuntur
633 4445 692 4486 v.
718 4432 864 4494 726.
907 4432 1053 4494 727.
1098 4429 1243 4500 728,
1287 4426 1360 4485 aa

1448 1565 1557 1621 vid.
1608 1569 1799 1626 Osann.
1834 1562 1968 1623 ibid,
2026 1582 2081 1635 p.
2121 1566 2207 1621 ⁴77.
2254 1568 2399 1633 Wr.)
2478 1578 2536 1617 ee

1454 1774 1819 1857 triumphum
1859 1780 2026 1839 illum
2066 1792 2224 1841 recte
2271 1780 2534 1839 referun-

1445 1862 1581 1939 tur,
1636 1863 1965 1949 Euphrates
2020 1877 2077 1925 et
2118 1870 2339 1929 Araxe·
2397 1886 2533 1925 cum

1451 1946 1632 2007 Dahis
1711 1954 1940 2033 poetico
2024 1973 2189 2018 more
2288 1954 2533 2033 populos

1454 2035 1701 2121 Orientis
1730 2034 2050 2117 designant,
2083 2042 2185 2121 qui
2209 2040 2533 2097 Antonium

1450 2122 1683 2203 sequuti
1725 2135 1889 2183 eraut
1902 2170 1921 2199 ,
1978 2126 2190 2183 Morini
2235 2134 2431 2183 autem
2475 2132 2533 2183 et

1450 2204 1693 2265 'Rhenus
1750 2206 2112 2289 triumphum
2180 2212 2353 2293 primi
2416 2207 2533 2267 diei

1453 2292 1847 2353 Dalmaticum
1872 2296 2198 2377 respiciunt,
2223 2314 2339 2379 quo
2357 2295 2532 2354 etiam

1456 2374 1531 2436 de
1558 2378 1797 2438 Morinis
1813 2425 1829 2455 ,
1874 2392 2168 2440 extremae
2210 2400 2344 2440 orae
2388 2382 2533 2439 Gal-

1446 2462 1567 2520 liae
1591 2464 1865 2546 Belgicae
1894 2465 1968 2526 ad
1994 2468 2208 2526 fretum
2234 2466 2531 2527 Britanni-

1455 2569 1597 2607 cum
1647 2552 1867 2632 populo
1912 2550 2097 2630 (unde
2140 2555 2382 2611 extremi
2418 2551 2529 2610 Ῐιο-

1455 2635 1691 2691 minum
1731 2637 2006 2708 Morini,
2042 2649 2111 2696 ut
2146 2638 2349 2696 ultimi
2380 2637 2529 2694 Bri-

1451 2719 1630 2774 tanni
1644 2761 1667 2790 ,
1718 2719 1936 2778 ultima
1974 2721 2315 2799 Hesperia,
2374 2721 2531 2804 apud

1449 2803 1817 2882 Horatium),
1862 2813 1919 2862 et
1973 2809 2267 2865 nonnullis
2310 2807 2531 2864 Galliae

1451 2889 1916 2972 Germaniaeque
1945 2891 2171 2970 populis
2202 2892 2528 2952 rebellionis

1449 2975 1616 3034 sociis
1632 3017 1648 3050 ,
1708 2975 1968 3056 inprimis
2009 2971 2215 3035 Suavis
2252 2973 2528 3034 Rhenum

1447 3063 1845 3138 transgressis,
1892 3072 1950 3120 et
1978 3081 2012 3120 a
2042 3061 2108 3120 C.
2139 3060 2405 3122 Cariuate
2430 3082 2529 3119 re-

1444 3147 1682 3226 pressis,
1738 3145 2163 3228 triumphatum
2203 3147 2346 3223 fuit3
2404 3145 2527 3211 vid.

1445 3233 1558 3290 Dio
1602 3233 1702 3308 LI,
1755 3237 1860 3297 21.
1945 3231 2183 3292 Rhenus
2244 3229 2527 3306 bicornis,

1444 3315 1679 3377 Vahalis
1708 3329 1767 3376 et
1806 3313 2074 3395 Rhenus,
2114 3329 2183 3378 ut
2221 3329 2353 3378 tum
2392 3320 2528 3401 qui-

1447 3401 1585 3464 dem
1612 3423 1811 3462 cursus
1840 3415 1961 3462 erat
1977 3448 1994 3480 ‚
2030 3414 2345 3486 antequam
2368 3405 2527 3464 Dru-

1444 3509 1541 3548 sus
1568 3489 1807 3548 tertium
1834 3492 2063 3566 ostium,
2103 3490 2369 3567 Flevum,
2405 3489 2525 3550 fos-

1445 3594 1511 3634 sa
1540 3572 1711 3634 ducta
1740 3575 2013 3635 efficeret.
2096 3575 2322 3634 Dahae
2334 3617 2361 3647 ‚
2399 3578 2525 3635 No-

1446 3659 1649 3718 mades
1678 3659 1755 3718 ad
1797 3661 2072 3720 orientale
2114 3663 2305 3742 Caspii
2350 3662 2525 3722 maris

1445 3745 1604 3804 littus
1632 3765 1829 3805 versus
1856 3748 2053 3807 Oxum
2079 3748 2393 3806 incolentes
2429 3749 2526 3806 ul·-

1446 3841 1537 3890 tra
1562 3833 1883 3911 Hyrcanos.
1956 3841 2207 3910 pontem
2235 3829 2528 3912 indaegrna-

1451 3925 1551 3974 tue
1570 3915 1813 3976 Araxes
1824 3938 1851 3990 ;
1876 3915 2025 3975 nihil
2052 3917 2315 3997 amplius,
2346 3938 2523 4000 quam

1447 4012 1515 4060 ut
1542 4001 1761 4060 flumen
1790 4001 2057 4085 rapidum
2086 4001 2347 4086 adeoque
2370 4023 2523 4084 pon-

1445 4089 1517 4146 tis
1546 4086 1851 4167 impatiens
1881 4087 2095 4147 diceret
2111 4131 2128 4162 ,
2172 4107 2359 4169 eoque
2398 4089 2523 4166 ipso

1443 4173 1733 4232 feritatem
1758 4175 2087 4232 accolarum
2112 4173 2521 4230 Armeniorum

1446 4254 1781 4317 declararet.
1848 4259 2195 4318 Sumserunt
2220 4255 2356 4313 hinc
2384 4255 2523 4312 Sta-

1443 4344 1558 4402 tius
1574 4385 1592 4418 ‚
1634 4340 1984 4402 Claudianus
2000 4385 2017 4415 ,
2046 4339 2321 4400 Sidonius
2334 4381 2351 4411 ,
2378 4353 2521 4416 quos

1446 4425 1602 4506 apud
1632 4425 1881 4488 cardam
1906 4423 2107 4486 videre
2130 4424 2283 4482 licet.
