3009 5050
71 3456 78 3489 ,α
67 3372 78 3409 v-
67 3282 78 3345 *⁹-

67 3510 84 4187 ύ-“““““-ν-“

817 392 1003 465 AD
1107 390 1746 470 LIBRUM
1848 395 2026 472 VII
2386 409 2538 478 153

305 581 434 660 10),
461 591 591 640 tum
619 581 926 639 Homerica
953 585 1206 641 amatio
1233 585 1426 643 multis
1451 587 1727 668 mirisque
1770 583 1989 644 1111111113ο
2022 585 2095 644 de
2144 589 2318 646 maris
2358 599 2545 648 terra·

301 685 548 748 rumque
576 667 722 724 facie
749 669 993 742 variata,
1051 666 1123 726 de
1166 670 1382 749 Ulyssis
1423 672 1705 740 erroribus
1748 681 1807 729 et
1849 669 1924 731 ad
1968 674 2166 729 ltaliae
2206 673 2397 730 littora
2444 693 2546 732 ac-

302 771 482 810 cessu.
565 754 655 810 De
695 754 942 810 Hercule
987 752 1228 832 quidem
1269 754 1490 814 fabulas
1534 760 1899 831 innumeras,
1952 777 2239 835 maguum
2277 760 2547 838 inprimis

300 839 533 896 urbium
559 857 872 896 numerum
900 840 1097 896 Italiae
1127 841 1198 898 ab
1228 859 1296 897 eo
1325 842 1422 898 vel
1450 843 1522 899 ab
1566 844 1686 899 81113
1729 841 1858 900 filiis
1899 842 2296 918 conditarum,
2340 863 2546 904 narra—

299 935 536 998 verunt,
577 923 793 1004 Ulyssis
823 934 1022 982 autem
1047 927 1326 1004 progenie
1355 937 1454 985 aut
1481 929 1771 986 sociorum
1811 929 2077 1006 stirpibus
2124 948 2365 988 omnem
2408 950 2547 1008 pas-

231 1015 237 1024 “
300 1011 412 1068 sim
436 968 663 1068 Italiam
687 1009 1141 1090 frequentarunt.
1228 1012 1344 1090 Ipsi
1370 1008 1517 1070 adeo
1546 1013 1805 1070 Ausones
1833 1013 1905 1071 ab
1944 1014 2211 1089 Ausone,
2266 1035 2371 1072 seu
2414 1015 2546 1073 Gir-

301 1115 394 1154 ces
422 1093 540 1153 filio
573 1115 648 1153 ex
675 1095 876 1174 Ulysse
903 1115 1007 1153 seu
1035 1097 1348 1176 Calypsus,
1389 1107 1585 1156 ortum
1612 1096 1875 1156 habuisse
1901 1111 2223 1158 narrantur.
2307 1102 2542 1158 Festus·

298 1179 646 1238 Ausoniam
673 1179 1012 1257 appellavit
1037 1179 1259 1238 Auson
1309 1181 1539 1261 Ubysseis
1581 1193 1639 1239 et
1684 1183 1979 1260 Cabypsus
2007 1183 2193 1257 filius
2230 1203 2363 1241 eam
2398 1187 2545 1262 pri-

299 1286 467 1324 mam
500 1276 746 1344 partem
792 1265 1012 1323 Italiae
1028 1308 1052 1336 ,
1110 1268 1177 1322 in
1229 1287 1352 1344 qua
1411 1279 1555 1325 sunt
1596 1267 1772 1326 urbes
1812 1269 2225 1326 Beneventum
2266 1281 2323 1325 et
2368 1269 2543 1327 Cales

299 1349 444 1422 (hoc
475 1349 741 1432 quidem,
785 1360 855 1409 ut
891 1369 1063 1432 supra
1099 1351 1350 1410 vidimus
1367 1397 1382 1426 ‚
1425 1365 1610 1428 recte3
1655 1373 1795 1412 118111
1838 1374 1905 1411 88
1948 1356 2145 1414 Italiae
2181 1373 2311 1433 pars
2348 1357 2544 1414 Auso·-

297 1439 432 1496 niae
459 1439 698 1494 nomine
727 1439 955 1516 proprie
1001 1439 1239 1517 insignis
1285 1439 1460 1517 fuit);
1517 1439 1729 1497 deinde
1761 1438 2097 1517 paullatim
2140 1449 2264 1496 tota
2310 1459 2545 1520 quoque

303 1521 494 1579 Italia
517 1564 536 1590 ,
581 1541 736 1600 quae
765 1521 1094 1599 Apennino
1104 1523 1334 1597 finitur
1352 1566 1377 1595 ,
1421 1524 1587 1582 dicta
1612 1535 1697 1581 est
1726 1525 2012 1582 Ausonia
2039 1523 2344 1602 (hactenus
2372 1545 2543 1602 vetet,

301 1606 404 1665 sed
433 1607 654 1688 reliqua
681 1608 966 1683 fabulose)
996 1606 1076 1666 ab
1101 1609 1300 1666 eodem
1331 1610 1482 1666 duce
1498 1651 1525 1680 ,
1560 1631 1602 1667 a
1634 1629 1750 1689 quo
1790 1612 1969 1667 etiam
2012 1611 2316 1667 conditam
2337 1611 2544 1690 fuisse

301 1691 628 1750 Aruncam
683 1691 892 1750 urbem
913 1693 1136 1772 jerunt
1179 1694 1420 1768 (Suessa
1461 1696 1697 1754 Amnoa
1715 1740 1732 1769 ‚
1790 1697 1863 1754 ab
1902 1697 2191 1754 Auruncis
2240 1693 2543 1776 habitata).

300 1779 395 1834 Ab
423 1779 637 1858 Ulyssis
667 1789 726 1837 et
756 1780 944 1836 Circes
969 1781 1152 1837 tribus
1184 1781 1346 1854 filiis,
1390 1783 1580 1839 Romo
1598 1825 1614 1856 ,
1654 1783 1829 1838 Antia
1858 1793 1918 1839 et
1946 1781 2171 1856 Ardea,
2215 1791 2329 1840 tres
2371 1784 2545 1841 urbes

301 1862 560 1922 conditas
623 1875 681 1922 et
737 1867 1062 1924 nominatas
1130 1867 1467 1945 Xenagoras
1541 1865 1853 1926 tradiderat
1906 1885 1998 1946 ap.
2053 1869 2294 1947 Dionys.
2353 1870 2400 1942 Ι,
2460 1871 2545 1932 72

303 1951 389 2028 (p.
420 1947 554 2027 58).
597 1951 672 2008 cs.
701 1953 853 2010 viros
875 1948 1078 2010 doctos
1104 1949 1178 2008 ad
1208 1950 1489 2032 Stephan.
1519 1955 1581 2010 iu
1603 1947 1827 2030 ’Ἀρδεα
1857 1964 1913 2010 et
1944 1953 2171 2011 Cluver.
2214 1971 2348 2032 pag.
2394 1955 2543 2016 976.

299 2037 574 2096 Latinum
603 2035 791 2094 Circes
821 2047 879 2093 et
907 2037 1121 2116 Ulyssis
1147 2035 1378 2094 filium·
1360 2057 1480 2095 iam
1510 2037 1791 2096 Hesiodus
1819 2035 2071 2117 prodidit
2093 2036 2543 2115 Theog.1o11.

305 2125 488 2195 1013,
515 2119 858 2180 Telemachi
887 2132 945 2179 et
973 2123 1163 2180 Circes
1189 2123 1379 2180 filium
1407 2125 1537 2198 alii,
1578 2123 1729 2181 forte
1768 2126 1889 2202 ipse
1930 2124 2287 2202 Telegoniae
2321 2133 2541 2198 auctor,

299 2208 568 2264 88111111113
596 2209 830 2287 cyclici.
877 2227 936 2267 v.
967 2210 1185 2287 Hygin.
1215 2209 1258 2266 f.
1292 2211 1431 2283 127,
1459 2210 1565 2265 ubi
1608 2229 1665 2267 v.
1707 2211 1897 2288 Intpp.
1942 2207 2075 2267 add.
2126 2211 2391 2288 Geopon.
2432 2207 2542 2283 xl,

301 2295 361 2364 2,
389 2293 491 2349 11111
516 2311 574 2350 v.
604 2294 814 2352 Nicias.
885 2293 1274 2372 corruperant
1296 2291 1641 2352 Telemachi
1667 2313 1884 2352 110111811
1926 2305 1984 2352 et
2023 2293 2378 2353 tradiderant
2416 2291 2546 2351 Te-

299 2375 458 2454 lephi
502 2377 687 2436 filium
730 2380 854 2450 8111,
914 2397 1058 2480 quos
1119 2379 1412 2438 Gedrenus
1471 2390 1747 2459 sequutus
1790 2389 1873 2438 est
1918 2401 1979 2460 p.
2034 2381 2155 2445 185
2199 2383 2273 2438 D.
2358 2363 2547 2438 Huius

301 2463 528 2539 generis
565 2454 751 2520 multa
793 2465 852 2520 in
895 2466 1084 2543 primo
1125 2467 1318 2522 statim
1360 2465 1506 2522 libro
1552 2466 1816 2545 Dionysii
1861 2475 1919 2522 et
1958 2465 2141 2524 Solin.
2186 2482 2316 2545 cap:
2356 2469 2399 2530 2
2440 2483 2545 2523 co-

301 2550 502 2625 gnosci
526 2560 784 2625 possunt.
869 2549 1167 2607 Traducta
1195 2569 1427 2630 quoque
1457 2570 1547 2607 res
1577 2550 1651 2609 ad
1680 2534 1819 2609 alios
1860 2570 1895 2607 8
1937 2552 2114 2609 Τ1·018
2156 2572 2259 2609 3811
2302 2550 2545 2609 reduces

301 2650 406 2689 seu
433 2632 726 2710 profugos.
810 2634 898 2691 Ita
927 2634 1115 2713 Capys
1144 2634 1525 2713 Campaniam
1562 2638 1765 2693 tenuit.
1852 2635 1983 2692 Alia
2022 2656 2082 2694 v.
2124 2654 2217 2715 ap.
2262 2636 2427 2694 Serv.
2472 2635 2548 2695 ad

301 2718 457 2775 Aen.
515 2718 561 2789 Ι,
617 2716 761 2781 242.
843 2719 1000 2796 Ipsas
1051 2736 1344 2775 sacrorum
1388 2721 1636 2795 origines
1674 2722 1754 2776 sic
1795 2738 2099 2798 corrupere
2141 2723 2422 2792 Romani,
2480 2732 2549 2778 ut

300 2802 730 2881 Lupercalium.
814 2804 904 2859 De
940 2806 1142 2861 Fauno
1188 2824 1245 2862 v.
1288 2801 1585 2861 Plutarch.
1630 2804 1894 2860 Parallel.
1952 2824 2012 2881 p.
2056 2804 2179 2867 815
2234 2806 2300 2860 Ο.
2387 2765 2548 2873 91188

302 2889 500 2947 01111118
549 2890 599 2946 31
638 2890 820 2946 semel
859 2886 1256 2947 animadversa
1301 2900 1358 2947 et
1399 2898 1700 2967 perspecta
1748 2886 2015 2946 habueris
2032 2930 2047 2961 ,
2122 2886 2293 2944 ducta
2334 2888 2433 2944 illa
2474 2906 2549 2946 ex

299 2992 480 3054 prava
508 2975 813 3053 opinione,
857 2972 960 3032 sed
989 2994 1126 3033 cum
1165 2976 1390 3033 ratione
1434 2984 1617 3047 certa,
1660 2975 1979 3031 multarum
2024 2973 2439 3030 obscuritatum
2487 2984 2548 3032 et

303 3058 713 3118 difficultatum
764 3062 985 3118 nubem
1044 3080 1118 3119 ex
1175 3070 1370 3118 vetere
1421 3057 1657 3119 historia
1712 3058 1880 3117 facile
1926 3056 2237 3137 dispulsam
2294 3078 2413 3117 esse
2452 3060 2551 3117 in-

301 3148 422 3205 telli
464 3166 542 3203 es.

423 3166 627 3301 8911111
657 3230 818 3311 quod
843 3232 975 3290 satis
1002 3168 1300 3310 probabile
1335 3230 1484 3289 mihi
1528 3230 1625 3306 fit,
1672 3232 1777 3289 etsi
1820 3187 2037 3313 aliquid
2078 3247 2183 3310 pro
2224 3229 2447 3311 quuido
2490 3242 2551 3289 et

307 3317 604 3395 explorato
649 3319 715 3373 111
758 3314 881 3390 1113,
937 3336 1189 3399 quorum
1231 3318 1392 3376 nulla
1429 3314 1574 3375 fides
1636 3314 1907 3375 historica
1962 3327 2075 3391 est,
2132 3315 2359 3375 tradere
2400 3318 2555 3375 velle

304 3404 573 3481 ineptum
597 3404 702 3475 sit,
744 3404 944 3504 ipsam
973 3402 1232 3461 fabulam
1261 3400 1336 3460 de
1363 3402 1615 3461 Romulo
1664 3412 1725 3461 et
1767 3405 1951 3461 Remo
1998 3422 2031 3461 8
2072 3405 2207 3483 lupa
2250 3404 2471 3461 lactatis
2518 3422 2555 3461 a

304 3490 554 3548 nominis
595 3490 1062 3567 interpretatione
1107 3508 1230 3546 esse
1271 3486 1626 3569 prooectam·
1684 3508 1827 3545 nam
1866 3509 1899 3545 a
1943 3506 2163 3558 ruma,
2219 3506 2322 3545 seu
2364 3490 2552 3557 nami,

307 3572 466 3654 quod
494 3585 660 3633 vetus
685 3592 980 3633 mammae
1011 3592 1231 3633 nomen
1261 3586 1374 3648 est,
1417 3576 1641 3632 Romae
1682 3594 1903 3631 nomen
1947 3530 2250 3632 deduxisse
2294 3574 2555 3632 nonnul-

304 3659 392 3718 los
415 3658 714 3719 videmus·
699 3702 716 3733 ,
757 3668 826 3717 ut
853 3660 992 3717 alios
1023 3678 1058 3717 a
1087 3662 1303 3717 νινειιεε
1330 3680 1398 3717 ac
1426 3656 1632 3716 robore
1660 3659 1734 3716 ad
1766 3661 2047 3718 Graecam
2074 3678 2284 3717 vocem
2312 3652 2403 3732 ὁω
2406 3681 2550 3739 μην

307 3746 598 3823 lgnoratio
615 3746 898 3823 originis,
943 3764 978 3803 a
1005 3764 1120 3825 qua
1146 3764 1364 3803 nomen
1391 3744 1549 3805 urbis
1579 3744 1819 3803 ductum
1862 3756 2037 3817 esset,
2085 3741 2397 3803 hominum
2424 3745 2555 3799 ani-

307 3845 438 3888 mus
468 3829 554 3889 ad
591 3833 949 3888 coniecturas
989 3833 1300 3908 convertit,
1344 3847 1494 3911 quae
1533 3842 1735 3910 postea
1774 3834 1840 3889 in
1880 3829 2231 3888 narrationes
2276 3830 2554 3887 abierant.

311 3914 482 3986 Quod
508 3918 558 3973 si
595 3934 804 3975 verum
845 3926 932 3973 est
973 3927 1033 3973 et
1073 3936 1149 3973 ex
1187 3916 1605 3997 antiquioribus
1644 3928 1938 3988 sumtum,
1997 3914 2155 3996 quod
2200 3916 2433 3975 Servius
2479 3911 2557 3971 ad

309 4002 413 4058 lib.
439 4000 592 4075 vm,
623 4004 706 4065 90
737 4011 794 4059 et
823 4002 961 4059 alibi
985 4000 1186 4073 habet,
1231 4010 1298 4059 ut
1323 4000 1553 4058 Tiberis
1581 4004 1837 4082 priscum
1864 4018 2080 4058 nomen
2126 4001 2373 4057 Rumon
2423 3999 2559 4055 1118-

309 4088 386 4145 rit
411 4082 634 4167 (neque
661 4084 806 4144 illud
835 4085 982 4144 adeo
1011 4084 1321 4144 abhorrens
1351 4087 1424 4143 ab
1454 4088 1851 4167 antiquissimo
1894 4104 2179 4165 aquarum
2208 4097 2264 4143 et
2292 4085 2555 4141 amnium

310 4174 550 4229 nomine
577 4190 684 4251 per
711 4172 902 4233 Celtas
945 4182 1006 4229 et
1045 4174 1296 4229 Graecos
1339 4172 1609 4251 vulgato:
1656 4170 1846 4241 Rha,
1891 4170 2074 4239 Rho,
2119 4168 2310 4238 Rha,
2354 4164 2559 4233 Rhea,-

309 4254 544 4327 Rhius,
588 4255 756 4313 Rhea
785 4256 966 4336 [ρέω,
1011 4256 1222 4337 ρόος],
1238 4257 1293 4333 )·
1313 4274 1434 4313 non
1471 4254 1852 4336 improbabile
1892 4254 1991 4329 fit,
2048 4247 2207 4313 urbis
2254 4268 2473 4311 nomen
2521 4267 2557 4305 a

308 4341 554 4400 flumine
597 4361 720 4399 esse
767 4338 1041 4415 ductum,
1105 4350 1163 4402 et
1219 4342 1416 4399 omnia
1455 4342 1604 4418 alia,
1661 4358 1810 4423 quae
1843 4347 2153 4399 narrantur
2168 4383 2184 4414 ,
2238 4355 2345 4417 pro
2388 4348 2557 4390 com-

307 4425 522 4487 mentis
547 4428 832 4486 seriorum
859 4437 1113 4485 aetatum
1143 4445 1264 4485 8338
1285 4423 1595 4488 habenda.
