3009 5050
505 460 655 529 220
946 451 1030 525 P.
1083 446 1609 527 VIRGILII
1657 444 2223 525 MARONIS

503 642 712 713 Tum
741 656 1007 731 regeS,
1041 657 1427 734 asperque
1459 632 1759 707 inmani
1789 656 2127 733 corpore
2165 630 2537 729 Thybris:
2590 637 2741 709 330

498 744 565 816 A
604 762 766 839 quo
801 748 982 838 post
1008 737 1180 812 Itali
1211 734 1546 812 fluvium
1583 736 2061 833 cognomine
2092 734 2485 833 Thybrim

495 840 887 933 Diximus3
941 841 1196 915 amisit
1235 864 1516 915 verum
1541 853 1767 917 vetus
1798 838 2077 915 Albula
2109 862 2437 917 nomen.

496 947 632 1020 Me
679 944 1000 1045 pulsum
1042 944 1329 1043 patria,
1385 943 1806 1044 pelagique
1847 956 2191 1036 extrema
2237 952 2737 1044 sequentem,

495 1050 846 1123 Fortuna
878 1048 1390 1147 omnipotens
1422 1060 1502 1122 et
1527 1044 2030 1123 ineluctabile
2060 1042 2313 1121 satum

495 1152 636 1225 His
672 1175 1016 1250 posuere
1055 1149 1288 1243 lociS,
1339 1153 1769 1251 matrisque
1806 1152 2039 1247 egere
2070 1148 2489 1235 tremenda
2583 1156 2733 1225 335

499 1255 942 1343 Carmentis
969 1248 1380 1353 Nymphae
1413 1255 1752 1347 monita,
1790 1265 1871 1326 et
1904 1252 2099 1327 deus
2132 1266 2407 1327 auctor
2426 1248 2734 1351 Apollo.

495 1358 642 1435 Vix
677 1382 762 1434 ea
804 1355 1045 1449 dicta3
1103 1356 1397 1433 dehinc
1434 1379 1933 1456 progreSSUS,
1972 1367 2362 1430 monstrat
2392 1366 2470 1431 et
2498 1378 2734 1451 aram,

493 1464 594 1539 Et
628 1460 1211 1539 Carmentalem
1254 1463 1603 1539 Romani
1632 1460 1964 1536 nomine
1990 1472 2307 1559 portam

601 1610 774 1679 338.
821 1601 1176 1677 ΒΟΜΑΝΟ

489 1844 494 1849 .
632 1792 868 1859 (-333.
902 1791 1105 1862 pelago
1139 1789 1410 1859 scripsisse
1447 1790 1725 1860 Virgilium
1762 1791 2007 1861 opinatur
2040 1791 2254 1847 walter.
2292 1788 2361 1841 ad
2401 1787 2609 1839 Lucret.
2640 1786 2734 1845 IV,

493 1862 616 1916 267.
656 1863 802 1929 Wr.)
921 1858 1025 1915 334
1058 1872 1115 1911 et
1147 1861 1181 1910 i.
1218 1859 1415 1911 bellum
1449 1878 1557 1913 sec.
1594 1863 1801 1921 Mon-et„
1834 1862 1987 1913 male.
2104 1861 2204 1914 335
2242 1863 2454 1930 erigere
2496 1868 2733 1907 tremen-

496 1931 603 1981 dae
633 1932 784 1985 Rom.
1698 1931 1801 1985 337
1836 1932 1961 1983 dein
1996 1930 2256 1981 Montalb.
2328 1940 2382 1980 et
2426 1942 2581 1977 arma
2614 1925 2733 1973 Me-

495 2033 596 2085 dic.
633 2034 914 2104 (Scriptum
949 2042 1033 2083 est
1071 2032 1126 2085 in
1159 2032 1399 2084 Mediceo
1433 2035 1653 2099 ARMA,
1706 2032 1893 2101 quibus
1928 2033 2122 2099 signis,
2156 2044 2213 2083 ut
2246 2046 2407 2097 saepe
2443 2028 2598 2091 alibi,
2646 2026 2733 2077 in-

429 2130 436 2137 ·
493 2104 696 2157 dicatur
725 2102 1140 2172 transponendus
1177 2118 1292 2153 esse
1314 2102 1494 2157 literas
1529 2103 1665 2155 illas.
1705 2103 1851 2169 Wr.)
1954 2104 2058 2157 338
2093 2102 2330 2155 Romani
2356 2100 2571 2151 nomine
2598 2096 2734 2149 Gud.

495 2191 610 2225 cum
649 2183 874 2241 quatuor
908 2172 1024 2223 aliis
1061 2170 1267 2233 Heins.;
1331 2172 1467 2223 adde
1503 2172 1720 2231 Medic.;
1782 2188 1881 2223 nec
1915 2189 2193 2240 assequor,
2240 2170 2377 2221 unde
2412 2168 2544 2219 haec
2572 2166 2733 2217 lectio

493 2242 675 2293 venire
721 2242 970 2311 potuerit.
1035 2240 1254 2306 (Reduxi
1307 2258 1370 2291 ex
1422 2242 1633 2308 optimis
1682 2240 1833 2291 libris
1874 2244 2130 2294 Romani.
2198 2246 2447 2292 Romano
2496 2245 2667 2286 ortum
2704 2253 2735 2287 e

491 2311 659 2379 prima
691 2311 893 2379 syllaba
928 2310 1192 2379 sequentis
1245 2310 1511 2375 vocabuli,
1564 2322 1622 2361 ut
1666 2312 1851 2362 animi
1907 2314 2214 2366 miseratus
2246 2311 2337 2374 vl,
2389 2307 2507 2361 332-
2554 2315 2609 2356 et
2660 2308 2732 2362 Χ.

491 2380 641 2441 686.;
677 2380 778 2432 elia
813 2380 895 2433 his
929 2378 1119 2431 similia
1157 2396 1312 2447 quum
1346 2378 1492 2443 alibi,
1528 2391 1631 2431 tum
1666 2380 1735 2431 ad
1768 2382 1809 2443 1,
1846 2378 1960 2435 104.
1996 2380 2303 2434 notavimus.
2371 2375 2550 2428 Potuit
2576 2374 2733 2427 etiam

490 2450 700 2517 longius
752 2460 1010 2501 remotum
1054 2465 1341 2518 pronomen
1379 2453 1580 2515 Quam,
1631 2461 1687 2503 ut
1720 2450 2127 2519 corrumpendae
2174 2445 2581 2515 interpunctioni
2617 2446 2732 2509 fuit,

491 2519 560 2572 de
593 2538 696 2588 qua
747 2520 851 2572 vid.
887 2519 1056 2588 Heyn.
1101 2518 1170 2570 ad
1203 2537 1279 2571 vs.
1314 2536 1483 2587 prox„
1531 2520 1607 2571 ita
1655 2537 1811 2572 verae
1858 2519 2076 2572 lectioni
2114 2520 2352 2572 Romani
2392 2516 2732 2568 in-Romano

489 2589 770 2642 mutandae
801 2591 972 2642 locum
1005 2589 1148 2641 dare.
1221 2590 1290 2640 Et
1335 2589 1524 2642 vitiosa
1571 2590 1674 2641 ista
1719 2589 1987 2642 distinctio
2024 2591 2123 2641 iam
2156 2587 2507 2648 in‘Mediceo‚
2556 2585 2655 2636 etsi
2686 2583 2732 2637 is

489 2659 654 2712 habet
685 2663 939 2726 Romani,
975 2658 1172 2710 visitur.
1238 2659 1320 2710 Ad
1353 2677 1561 2712 sensnm
1594 2660 1816 2728 perinde
1852 2670 1961 2722 est,
1994 2661 2232 2712 Romani
2263 2675 2329 2710 en
2362 2661 2615 2708 Romano
2646 2655 2733 2706 le-

489 2747 600 2798 gas.
669 2730 775 2782 Sed
805 2738 1055 2800 apparet,
1101 2730 1340 2781 Romani
1384 2741 1672 2800 propterea
1720 2730 1990 2797 scripsisse
2041 2726 2346 2796 Virgilium,
2393 2741 2460 2776 ne
2496 2725 2629 2778 haec
2660 2729 2735 2776 Et

491 2799 885 2852 Carmentalem
937 2829 1002 2838 —
1059 2813 1280 2870 portam
1332 2816 1364 2848 e
1411 2800 1573 2851 verbo
1613 2812 1884 2852 monstrat
1943 2814 2193 2864 suspensa
2239 2797 2437 2850 faciant
2475 2793 2731 2861 legentes,

490 2869 590 2922 sed
635 2869 873 2939 proximo
922 2870 1127 2921 demum
1190 2885 1342 2920 versu
1395 2869 1601 2920 absolvi
1665 2869 1954 2920 orationem
2004 2867 2247 2919 sentiant.
2326 2867 2379 2916 N
2382 2881 2441 2914 ec
2503 2863 2735 2914 offendet

491 2956 812 3010 quemqnam,
845 2938 1098 2992 sermonis
1133 2936 1330 3006 poetici
1353 2953 1462 2988 non
1491 2937 1745 3004 ignarum,
1778 2937 1994 2988 nomine
2024 2935 2102 2986 ita
2128 2935 2265 2988 nude
2302 2933 2543 3002 positum.
2584 2933 2731 2998 Wr.)

887 1930 991 1983 336
1025 1942 1079 1980 et
1114 1932 1322 1981 monita
1353 1931 1593 1981 Parrhas.

487 3110 680 3157 ratum
736 3101 857 3170 sit3
935 3115 1038 3156 seu
1095 3093 1253 3174 quod
1317 3093 1574 3150 Sicanos
1652 3093 1923 3151 tractibus
1942 3137 1957 3166 ‚
2002 3093 2209 3173 quibus
2238 3091 2310 3148 ab
2340 3090 2563 3168 origine
2589 3109 2733 3170 pro-

487 3203 624 3242 cum
659 3182 884 3241 Siculc's
909 3179 1240 3253 confundit,
1270 3197 1414 3259 quos
1440 3178 1571 3236 loca
1651 3180 1777 3258 pria
1826 3189 2018 3253 erant,
2073 3175 2247 3235 (lucta
2294 3188 2447 3235 sunt.
2530 3179 2732 3256 Ipsum

484 3271 636 3325 inter
677 3268 944 3324 Tiberim
1001 3276 1061 3323 et
1115 3267 1276 3322 Lirin
1317 3265 1570 3322 tenuisse
1653 3262 1877 3320 Italiae
1944 3273 2002 3320 et
2092 3257 2407 3319 Oerwtria'e
2488 3281 2729 3338 nomen,

485 3361 710 3411 constat
725 3395 742 3419 ,
787 3355 890 3409 etsi
934 3352 1032 3408 alii
1056 3351 1120 3406 in
1147 3351 1416 3408 inferiore
1443 3353 1568 3408 Ita-
1648 3351 1838 3428 primo
1882 3347 1958 3405 ad
1996 3349 2119 3408 sole
2170 3349 2299 3406 loca
2344 3351 2493 3408 circa
2538 3351 2729 3408 sinum

482 3437 591 3513 lia,
637 3439 1045 3495 Oenotriormn
1087 3435 1254 3510 sede,
1297 3455 1396 3494 eos
1435 3455 1568 3493 me-

481 3532 747 3596 morent3
797 3522 954 3581 unde
981 3523 1098 3580 illic
1127 3521 1200 3580 ab
1238 3522 1566 3581 Ausonibus

481 3619 542 3666 et
581 3609 838 3686 Pelasgis
857 3654 874 3684 ‚
929 3603 1025 3666 hic
1067 3607 1138 3664 ab
1183 3609 1374 3686 Opicis
1387 3652 1404 3683 ‚
1464 3610 1567 3689 qni

465 3703 542 3768 ‘st
565 3695 676 3774 ipsi
705 3713 780 3751 ex
807 3696 1114 3754 Ausonum
1142 3713 1355 3772 genere
1383 3694 1564 3770 fuere,

483 3781 772 3838 exturbati
829 3782 894 3838 in
953 3781 1214 3838 Siciliam
1270 3781 1565 3839 traiecere.

481 3867 637 3924 conf.
666 3865 912 3926 Excurs.
953 3869 1007 3923 ΙΙ
1049 3864 1124 3923 ad
1164 3863 1225 3924 h.
1269 3867 1371 3925 lib.
1443 3866 1567 3923 Sa·-

481 3953 688 4008 tzcrm'a
747 3951 924 4008 tellzm
989 3953 1220 4031 proprie
1273 3953 1354 4010 ita
1413 3947 1565 4010 dicta

479 4037 594 4096 fuit
619 4039 684 4094 in
715 4038 862 4096 olivo
894 4039 1217 4118 Capitolino
1257 4035 1334 4096 ed
1375 4038 1565 4096 Tibe-

480 4123 595 4180 rim
623 4143 641 4194 3
699 4123 892 4183 clivus
957 4125 1287 4182 Saturnius
1327 4125 1378 4182 is
1421 4125 1563 4182 olim

480 4207 700 4268 dictus:
761 4211 1000 4291 Dionys.
1057 4212 1102 4283 1,
1168 4208 1270 4274 34.
1369 4209 1563 4268 Poetis

481 4293 620 4354 inde
647 4315 866 4354 nomen
893 4316 1001 4375 pro
1027 4295 1195 4354 Latio
1227 4306 1286 4353 et
1305 4313 1414 4374 pro
1442 4296 1565 4352 Ita·-

479 4382 560 4440 lia
637 4382 991 4464 frequentan'
1061 4381 1270 4471 coepit.
1370 4383 1566 4438 Etiam

479 4467 705 4550 reliqua
753 4469 950 4530 Italiae
1007 4470 1246 4528 nomina
1306 4488 1342 4526 a
1398 4469 1566 4527 certis

1650 3436 2015 3502 Lameticum
2056 3435 2368 3514 spectabat.
2428 3435 2502 3493 cf.
2552 3433 2729 3494 eund.

1648 3523 1895 3579 Excurs.
2006 3524 2151 3584 380.
2210 3522 2432 3580 Sumsit
2488 3531 2546 3578 et
2615 3520 2729 3578 hoc

1653 3618 1827 3686 poeta
1875 3606 1949 3665 de
1990 3608 2194 3664 Tiberi
2234 3629 2309 3666 ex
2352 3608 2548 3665 multis
2608 3607 2731 3665 aliis

1651 3694 1997 3752 commentis
2038 3713 2212 3773 super
2262 3697 2501 3752 nomine
2544 3693 2731 3750 Tibe-

1650 3780 1757 3854 ris;
1787 3801 1845 3838 v.
1876 3781 2043 3838 Serv.
2073 3777 2149 3838 ael
2174 3776 2236 3836 h.
2265 3781 2325 3852 l.,
2358 3781 2430 3837 cf.
2462 3775 2729 3851 Cerdam,

1652 3866 1882 3924 Cluver.
1938 3867 2099 3926 alios.
2186 3865 2383 3944 (reges
2438 3883 2731 3942 asperque

1664 3949 1917 4029 fflybris
1936 3993 1963 4021 ,
2023 3949 2143 4011 vid.
2196 3951 2265 4022 Q.
2320 3953 2389 4009 V.
2450 3951 2727 4023 XXXIII,

1651 4041 1712 4102 6.
1743 4049 1805 4095 et-
1828 4040 1899 4096 V.
1926 4041 1997 4096 L.
2028 4036 2105 4095 ad
2130 4055 2215 4094 vs.
2246 4039 2389 4100 293.
2443 4036 2621 4113 Wr.)

1732 4127 1879 4188 383.
1934 4126 2025 4181 De
2074 4119 2335 4182 Euandri
2372 4121 2623 4180 adventu
2670 4138 2728 4180 v.

1648 4228 1776 4352 3¹:¹³1·
1805 4208 2616 4372 V'Pfi‘kgffssitffinssmssissri
2636 4203 2730 4350 31⁶

1768 4337 1785 4352 ·
2376 4335 2403 4364 2

1650 4381 1897 4454 timum,
1940 4380 2366 4458 longinquum,
2408 4379 2617 4437 saltem
2654 4393 2731 4434 ex

1650 4485 1822 4524 sensu
1880 4473 1939 4522 et
1986 4466 2226 4524 notione
2270 4465 2489 4545 priscae
2546 4465 2729 4522 Grae-
