3009 5050
502 378 653 453 734

496 560 692 637 Bina
746 582 993 634 manu
1042 556 1205 633 lato
1240 559 1586 657 crispans
1628 555 1928 633 hastilia
1969 553 2214 634 ferro.

982 372 1064 447 P.
1116 368 1650 449 VIRGILII
1695 367 2250 447 MARONIS

2612 562 2763 642 165

498 662 705 741 Hinc
734 677 961 763 pater
992 666 1337 755 Aenean,
1402 664 1816 739 Romanae
1841 660 2100 760 stirpis
2131 658 2382 755 erige,

501 766 837 843 Sidereo
865 763 1203 864 flagrans
1234 764 1491 866 clipeo
1529 778 1610 841 et
1636 762 2114 841 coelestibus
2145 760 2404 855 armiS,

496 875 599 948 Et
628 871 833 945 iuxta
867 872 1279 964 Ascanius,
1325 886 1660 966 magnae
1685 891 1864 969 spes
1899 867 2144 943 altera
2165 870 2500 959 Romae,

498 972 963 1051 Procedant
993 974 1290 1067 castriS,
1332 974 1705 1075 ,p‘uraque
1744 972 1824 1045 in
1853 985 2071 1048 veste
2103 968 2472 1045 sacerdos

502 1077 883 1175 saetigeri
923 1074 1179 1151 fetum
1208 1076 1402 1170 suiS,
1456 1077 2017 1175 intonsamque
2051 1073 2494 1170 bidentem,

2607 1080 2762 1149 170

496 1180 835 1279 Adtulit,
890 1178 1403 1281 admovitque
1436 1203 1680 1281 pecus
1707 1176 2220 1277 flagrantibus
2250 1176 2418 1254 ariS.

497 1390 689 1443 Solem.
728 1388 943 1457 δεῖγμα.
990 1382 1293 1453 ἀνάδειξις.
1362 1388 1449 1440 sio
1494 1388 1600 1439 iam
1645 1388 1742 1440 Ge.
1781 1388 1862 1450 11,
1908 1386 2007 1441 241
2045 1387 2214 1439 Salsa
2263 1398 2445 1439 auum
2497 1384 2758 1437 ullus—-

506 1461 644 1512 Tale
690 1458 843 1511 dabie
891 1461 1173 1529 specimen.
1247 1459 1421 1523 (Solis
1464 1460 1559 1527 qui
1605 1474 1689 1541 sp:
1737 1461 1884 1510 Serv.
1931 1457 2120 1509 Dresd.
2176 1455 2417 1507 Valerius
2467 1458 2758 1521 Argonaut-

498 1531 589 1592 Vt,
622 1528 737 1583 58.:
773 1528 1081 1592 „dracones,
1118 1530 1300 1579 Matris
1337 1530 1511 1579 Horae
1544 1544 1824 1595 specimen.
1847 1531 1880 1556 ‘⁸

496 1600 588 1669 gie
624 1598 736 1650 ald.
773 1616 821 1649 v.
858 1598 992 1649 Pier.
1063 1600 1122 1649 in
1156 1597 1291 1649 altis
1322 1597 1524 1665 aliquot
1559 1597 1694 1649 Pier.

1309 1668 1407 1720 168
1443 1684 1570 1738 spes
1601 1686 1652 1718 a.
1688 1666 1874 1733 proles
1907 1666 2104 1717 Zulich.
2152 1684 2182 1717 a
2230 1684 2297 1715 m.
2333 1681 2416 1733 pr.

496 1668 719 1720 medem.
792 1668 899 1717 Hic
930 1666 1169 1719 Parrhas-

1931 1526 2037 1578 vid.
2071 1527 2143 1578 ib.
2179 1527 2350 1579 num.
2389 1527 2472 1577 W
2469 1526 2538 1588 ι’.)
2613 1523 2759 1575 biiu-

1835 1596 1936 1649 166
1978 1598 2112 1649 Tum
2161 1596 2300 1663 apud
2334 1594 2492 1645 Caris.
2529 1603 2584 1645 et
2617 1593 2759 1645 Dio-

2487 1662 2759 1730 Leges-unt

460 1764 469 1771 ·
499 1737 625 1788 olim
662 1736 901 1787 nonnulli
934 1754 1157 1805 magna,
1192 1746 1330 1787 teate
1362 1738 1564 1787 servio.
1603 1737 1730 1800 (vid.
1769 1738 1834 1798 Q.
1873 1736 1940 1788 V.
1975 1736 2126 1799 XVI,
2159 1734 2212 1788 6.
2251 1743 2309 1786 et
2337 1734 2458 1795 xn,
2494 1730 2576 1787 14.
2609 1734 2755 1799 Wr.)

501 1807 602 1861 170
638 1807 916 1875 Saetiger-i
960 1804 1141 1857 Heius.
1194 1816 1318 1873 post
1359 1806 1495 1859 Pier.
1552 1823 1583 1856 e
1629 1805 1760 1856 libb.
1795 1806 2048 1867 asseruit,
2114 1804 2327 1872 (quibua
2363 1802 2568 1855 accedit
2607 1806 2755 1855 Serv·

497 1874 687 1926 Drestl.
726 1876 807 1927 W
804 1873 873 1939 r.)
909 1890 1007 1942 pro
1046 1874 1257 1941 vulgato
1294 1874 1493 1925 altero:
1543 1876 1880 1944 Saetiger-ae.
1953 1876 2010 1924 In
2044 1877 2224 1941 Spret.
2275 1882 2389 1926 erat
2425 1874 2755 1941 Seaigemm.

500 1946 599 1999 171
634 1942 865 2014 Appulia
900 1943 1039 1994 coni.
1074 1944 1279 1994 Hei-sii
1310 1944 1451 2011 apud
1486 1946 1778 2001 Burmann..
1812 1960 1948 2013 qaae
1993 1942 2080 1995 vix
2124 1943 2354 1995 debebat
2403 1958 2464 1993 ex
2500 1958 2596 1993 ora
2628 1940 2754 1993 libri

497 2012 769 2065 Heinsiani
805 2012 1027 2063 euocari.
1092 2011 1471 2082 flagrantibus
1502 2012 1716 2081 potiore
1765 2014 1880 2064 iure
1913 2022 2128 2082 poterat
2162 2012 2388 2065 tentarit
2435 2027 2554 2063 cum
2589 2011 2751 2065 modo

495 2172 705 2229 Picum
734 2168 903 2247 (nam
929 2190 1115 2227 avum
1144 2171 1477 2251 simpliciter
1511 2169 1584 2230 de

495 2276 616 2315 uno
648 2276 723 2314 ex
738 2256 1204 2335 progenitoribus
1218 2260 1479 2337 accipere
1507 2258 1587 2315 li·-

460 2353 480 2391 ⁸
496 2342 615 2421 cet)
670 2363 703 2399 e
745 2344 909 2401 Circe
938 2345 1231 2403 sublatum
1272 2342 1586 2403 traderent.

494 2432 584 2487 Ita
640 2431 850 2487 Picum
906 2449 940 2485 a
983 2431 1145 2488 Circe
1202 2442 1463 2487 amatum
1509 2434 1586 2488 ex

497 2514 690 2575 Ovidii
715 2516 953 2574 Metam.
984 2516 1138 2590 XIV,
1168 2518 1295 2580 320
1310 2537 1437 2598 sqq.
1464 2537 1584 2576 no-

494 2604 706 2660 vimus.
795 2603 985 2660 Circes
1028 2614 1087 2660 et
1134 2601 1480 2661 Telemachi
1506 2604 1584 2661 fi-

494 2687 643 2746 lium
670 2690 946 2746 Latinum
976 2689 1075 2746 alii
1088 2688 1405 2763 ediderant,
1436 2709 1582 2770 quos

494 2775 763 2853 Hyginus
804 2774 923 2832 fab.
960 2778 1079 2838 127
1112 2777 1437 2853 exscripsit:
1477 2777 1582 2833 ubi

496 2859 653 2918 confi
696 2857 1003 2917 Muncker.
1074 2859 1349 2918 Ceterum
1384 2860 1581 2919 redia-

494 2955 621 3004 tam
647 2965 953 3018 coronam,
996 2947 1183 3026 qualis
1220 2949 1287 3004 in
1324 2949 1580 3024 Regibus

496 3043 557 3090 et
581 3033 1029 3111 Imperatoribus
1058 3033 1437 3112 conspicitur,
1470 3053 1582 3090 ex-

493 3119 745 3196 primere
788 3121 989 3198 utique
1030 3119 1215 3176 voluit
1256 3129 1458 3197 poete,
1502 3137 1580 3176 an

491 3223 633 3262 vero
686 3213 981 3262 ostentum
1018 3204 1283 3282 Augusto
1310 3215 1441 3282 post
1468 3223 1580 3260 ne-

496 3308 629 3347 cem
656 3289 911 3348 Caesaris
936 3290 1145 3348 urbem
1181 3292 1437 3367 ingresso
1468 3291 1580 3348 ob·-

492 3375 679 3433 latum
694 3376 780 3452 (v.
802 3377 929 3434 loca
944 3379 1065 3433 iam
1080 3373 1309 3432 laudata
1326 3394 1359 3432 a
1372 3374 1577 3448 Cet-da,

496 3461 740 3520 Suetou.
786 3481 913 3540 cap.
946 3459 1045 3533 94,
1082 3471 1139 3518 et
1154 3461 1355 3518 Vellei.
1384 3463 1576 3534 11,59‚

496 3549 565 3624 6)
596 3550 929 3626 respexerit,
961 3545 1185 3603 dubito.
1270 3549 1499 3620 Feram,
1528 3548 1580 3604 si

494 3635 622 3713 quis
648 3633 935 3691 honorem
964 3633 1193 3688 Caesari
1228 3642 1287 3688 et
1312 3634 1580 3710 Augusto

492 3715 761 3774 habitum
776 3716 893 3775 huc
903 3719 1162 3776 retulerit
1179 3739 1199 3774 .·
1232 3717 1582 3775 distinctam

490 3803 685 3861 radah
725 3821 1007 3860 coronam
1024 3824 1043 3858 .·
1100 3823 1157 3862 v.
1200 3823 1252 3862 c.
1298 3823 1392 3881 ap.
1420 3804 1578 3862 Flor.

490 3890 595 3960 m,
639 3893 699 3960 2,
744 3891 845 3962 91,
894 3887 967 3946 de
1004 3889 1246 3946 Caesare
1294 3909 1352 3948 v.
1381 3891 1578 3968 Intpp.

492 3972 570 4032 ad
596 3974 801 4032 Vellei.
834 3975 876 4031 Ι.
908 3993 959 4032 c.
989 3976 1187 4032 Primo
1217 3985 1417 4032 tamen
1445 3974 1578 4033 loco

490 4061 750 4120 fabulam
778 4063 1055 4139 spectavit
1082 4061 1245 4117 Maro
1288 4059 1361 4118 de
1391 4061 1575 4135 Circe,

493 4147 645 4206 Solis
675 4147 791 4204 filia
804 4191 819 4221 ,
882 4148 1043 4204 cuius
1088 4156 1262 4224 caput
1288 4145 1578 4204 radiatum

492 4234 567 4292 ab
612 4235 1015 4312 Argonauticis
1058 4232 1409 4290 celebratur:
1454 4231 1575 4290 vid.

490 4319 919 4399 Apollon.·IV‚
976 4321 1121 4382 727.
1178 4315 1357 4396 Orph.
1408 4320 1574 4381 1216

491 4423 621 4488 sqq.
666 4406 897 4465 Corona
936 4403 1157 4464 radiata
1196 4422 1305 4484 pro
1360 4403 1576 4482 insigni

1665 2169 1865 2231 habita
1902 2182 1986 2230 est
2027 2172 2217 2251 primo
2259 2190 2469 2249 regum
2496 2170 2754 2251 Aegypti

1671 2270 1728 2317 et
1757 2258 1982 2339 Syriae,
2027 2255 2166 2315 inde
2199 2258 2473 2331 Caesaris,
2502 2256 2754 2335 Augusti

1672 2355 1728 2402 et
1755 2363 2168 2415 successorum,
2198 2341 2300 2402 sed
2319 2353 2450 2423 post
2467 2354 2752 2417 mortem-3

1671 2448 1706 2486 a
1732 2433 1962 2487 Nerone
1989 2449 2128 2489 vero
2157 2429 2314 2504 inde,
2347 2431 2524 2487 etiam
2545 2430 2752 2507 γίνου-

1665 2517 1835 2575 tium.
1919 2515 2186 2574 Notabile
2226 2514 2288 2575 h.
2327 2516 2370 2574 l.
2415 2527 2499 2574 est
2519 2561 2536 2587 ,
2592 2511 2752 2595 quod

1667 2621 1883 2662 corona
1921 2604 2116 2660 Latini
2155 2601 2376 2662 radiata
2416 2603 2532 2660 ΧΠ
2559 2601 2752 2662 radios

1665 2687 1874 2761 habet,
1919 2707 2042 2746 uon
2093 2687 2288 2748 dicam
2331 2689 2648 2748 consilioue
2693 2696 2752 2746 et

1665 2784 1927 2853 respectu
1971 2772 2048 2832 ad
2077 2775 2192 2832 XII
2227 2776 2520 2832 mensium
2545 2774 2644 2831 vel
2667 2775 2752 2832 si·

1663 2879 1916 2938 gnarum
1989 2861 2324 2918 caelestium
2397 2877 2748 2932 numenium

1663 2946 1799 3004 alias
1855 2957 2266 3025 computantur
2303 2945 2484 3004 modo
2523 2956 2748 3024 septem

1662 3030 1810 3090 radii
1848 3031 2028 3090 modo
2055 3035 2356 3110 pauciores
2395 3033 2492 3092 vel
2534 3033 2746 3110 plures.

1662 3120 1847 3176 Docte
1891 3115 1966 3176 de
2004 3114 2094 3176 his
2134 3137 2323 3198 nuper
2367 3120 2486 3196 egit
2515 3118 2745 3196 elegans

1660 3214 1928 3260 veterum
1955 3205 2456 3263 monimentorum
2467 3207 2745 3282 interpres

1660 3289 1844 3346 Minio
1875 3288 2276 3364 (Monumene
2313 3292 2588 3368 antiques
2619 3291 2746 3345 ine-

1662 3373 1808 3452 dics)
1837 3373 1914 3434 ad
1943 3393 2246 3452 gemmam
2259 3376 2528 3456 Septimii
2543 3375 2745 3433 Severi

1660 3462 1811 3540 Imp.
1843 3462 1958 3520 Το.
1982 3463 2028 3518 1.
2051 3481 2112 3540 p.
2133 3465 2271 3526 1-78.
2362 3463 2507 3526 165.
2535 3459 2742 3518 Bina.-

1666 3566 1742 3604 ex
1793 3565 1962 3604 more
2016 3545 2285 3606 heroum.
2342 3568 2402 3607 v.
2449 3545 2638 3604 Cerda
2689 3555 2744 3603 et

1663 3651 1792 3711 sup.
1835 3632 1936 3690 lib.
1982 3634 2028 3707 1,
2081 3636 2228 3696 813.
2333 3636 2480 3696 167.
2527 3631 2744 3690 habens

1666 3719 1922 3796 clipeum
1951 3729 2009 3775 et
2037 3737 2200 3776 amna
2229 3737 2263 3774 a
2291 3719 2518 3778 Venere
2559 3728 2744 3774 matre

1663 3815 1918 3883 accepta.
2013 3803 2292 3862 Sida-em
2331 3801 2394 3862 h.
2439 3805 2482 3864 l.
2516 3805 2614 3863 vel
2653 3800 2744 3860 di-

1661 3892 1832 3947 vinus
1861 3889 1956 3948 vel
1981 3889 2230 3967 fulgens,
2259 3908 2562 3962 coruscus,
2591 3887 2744 3947 side-

1663 3976 1738 4032 ris
1783 3977 1994 4048 instar,
2069 3969 2406 4054 οἷστερόειςς
2471 3976 2742 4056 frequens

1661 4063 1880 4139 poetis,
1909 4063 2156 4120 alterum
2171 4059 2284 4118 hoo
2301 4079 2440 4118 cum
2449 4061 2743 4139 flagrum

1663 4149 1952 4204 convenit.
1999 4145 2114 4223 (—·-
2150 4135 2290 4211 168.
2323 4165 2588 4224 magnae
2612 4163 2742 4223 spes

1660 4231 1858 4288 altera
1885 4233 2120 4289 Romae
2140 4253 2160 4286 .·
2209 4251 2330 4290 esse
2355 4229 2510 4289 hanc
2537 4250 2742 4290 vocem

1663 4317 1951 4376 Ciceronis
1967 4360 1986 4391 ,
2051 4329 2340 4397 arreptam
2393 4337 2427 4374 a
2485 4318 2738 4396 Virgilio,

1659 4401 1896 4462 trudam
1937 4403 2106 4462 Serv.
2151 4402 2230 4462 ad
2267 4404 2396 4462 Ecl.
2423 4403 2522 4478 Vl,
2557 4407 2658 4466 11.
2685 4411 2738 4459 et
