3009 5050
493 465 644 539 620

966 457 1049 532 P.
1104 453 1634 533 VIRGILII
1684 454 2248 533 MARONIS

490 645 706 718 Haec
737 639 998 716 omnis
1027 640 1285 738 regio,
1342 652 1421 716 et
1450 639 1637 715 celsi
1680 639 1903 741 plaga
1943 643 2178 742 pinea
2211 641 2534 740 montiS‚
2587 654 2744 724 320

493 744 745 824 Cedat
779 743 1158 818 amicitiae
1191 749 1726 836 Teucrorum3
1785 757 1865 819 et
1910 743 2264 821 foederis
2307 770 2597 848 aequas

486 849 859 927 Dicamus
893 846 1147 945 leges,
1200 847 1622 949 sociosque
1653 849 1732 922 in
1769 869 2011 946 regna
2039 873 2455 942 vocemus;

491 949 968 1048 Considant,
1020 951 1084 1026 si
1111 962 1373 1026 tantus
1402 975 1664 1049 amor,
1720 963 1799 1025 et
1823 952 2142 1028 moenia
2175 951 2544 1033 condant.

496 1056 635 1131 Sin
666 1053 857 1130 alios
884 1052 1065 1128 finis
1095 1051 1487 1156 aliamque
1523 1078 1931 1154 capessere
1959 1068 2287 1154 gentem

486 1160 627 1237 Est
656 1159 1002 1255 animus,
1052 1171 1553 1260 possuntque
1585 1158 1759 1234 solo
1796 1157 2192 1237 decedere
2221 1171 2533 1237 nostro:
2589 1169 2736 1238 325

472 1373 479 1381 ·
594 1323 766 1393 325.
815 1333 1169 1390 roseum·

626 1521 735 1576 820
764 1521 873 1573 Hic
904 1521 1091 1572 Frnne.

497 1590 703 1659 aliqnot
737 1590 881 1658 apud
912 1591 1017 1640 Βιιι·
988 1605 1186 1645 ι·.ιιιιιιιιι
1222 1607 1337 1642 eum
1372 1589 1538 1642 Goth.
1573 1607 1678 1642 see.

490 1660 679 1728 signe,
731 1659 894 1729 idque
942 1658 1161 1710 Heinsio
1210 1659 1336 1712 olim
1370 1659 1600 1730 placuit,

488 1843 663 1914 poeta
702 1832 931 1892 videtur
978 1831 1247 1894 habuisse
1263 1878 1283 1909 ,
1333 1835 1435 1916 qui
1472 1836 1575 1895 Si-

486 1937 663 1978 canos
728 1938 965 2000 quoque
1014 1919 1088 1978 ad
1144 1922 1411 1980 Tiberim
1462 1923 1575 1980 ali-

488 2003 725 2086 quando
752 2006 1058 2063 incoluisse
1068 2017 1387 2064 narrarent.
1416 2008 1572 2065 conf.

488 2093 733 2148 Excurs-
788 2087 865 2148 ad
918 2091 1084 2166 vm,
1127 2090 1287 2166 314,
1333 2112 1393 2171 p.
1425 2091 1571 2156 284·

488 2177 648 2255 Ager
675 2173 801 2252 hio,
847 2177 949 2256 qui
976 2177 1129 2234 Latii
1154 2195 1286 2255 pars
1316 2187 1468 2250 erat,
1498 2178 1572 2236 ab

487 2262 777 2319 Auruncis
820 2272 881 2320 et
910 2262 1133 2320 Rutulis
1171 2265 1383 2341 partim
1412 2263 1574 2320 eole-

489 2349 660 2405 batur
686 2349 897 2427 partim
924 2347 1299 2428 pascebatur:
1344 2369 1402 2407 v.
1427 2351 1574 2412 318.

487 2436 646 2507 3193
705 2451 844 2511 ergo
885 2429 993 2492 hos
1050 2434 1293 2492 Rutulos
1344 2445 1402 2492 et
1444 2435 1574 2491 Au-

484 2538 697 2578 runcos
725 2519 835 2578 sub
869 2520 1066 2579 Latini
1107 2521 1354 2601 imperio
1398 2521 1574 2579 fuisse

485 2623 720 2663 neeesse
764 2616 869 2664 est.
954 2606 1109 2665 Sunt
1148 2608 1213 2663 in
1261 2604 1377 2666 hoe
1430 2626 1572 2685 agro

485 2690 659 2749 eolles
676 2735 694 2765 ‚
744 2701 803 2749 et
844 2702 1059 2753 tractus
1086 2694 1272 2772 asperi
1300 2702 1357 2750 et
1384 2694 1576 2751 saxosi

485 2796 595 2835 nec
622 2778 733 2834 nisi
760 2779 987 2855 pascuis
1014 2775 1239 2852 idonei,
1268 2787 1397 2837 tum
1418 2795 1574 2859 quo-

486 2882 605 2943 que
634 2864 851 2941 pineta.
930 2862 1173 2922 Videtur
1199 2862 1311 2923 hoc
1342 2863 1417 2923 ad
1445 2864 1572 2923 col-

484 2950 569 3007 les
594 2949 853 3007 Albanos
898 2962 1197 3029 spectare,
1242 2968 1388 3030 quos
1432 2968 1571 3027 ager

484 3035 593 3093 iste
622 3037 906 3113 attingere
936 3034 1167 3109 debuit,
1198 3034 1572 3115 quandoqui-

484 3118 624 3179 dem
662 3118 843 3179 iidem
888 3123 1139 3179 omnino-
1160 3139 1367 3199 agrum
1408 3122 1572 3178 Lau-

482 3215 711 3263 rentem
764 3206 1063 3265 finiebant.
1166 3164 1321 3265 soum
1374 3208 1438 3264 in
1480 3204 1571 3264 his

486 3293 701 3365 omnia,
731 3302 895 3371 puto,
920 3295 1053 3351 satis
1082 3291 1371 3371 expedita.
1430 3292 1574 3351 Ser-

484 3378 613 3435 vius
652 3388 807 3435 reete
834 3376 1045 3436 refellit
1074 3380 1375 3437 Donatum
1391 3422 1408 3453 ‚
1470 3378 1573 3459 qui

484 3460 560 3520 ad
590 3480 756 3540 agros
784 3463 936 3520 cirea
962 3464 1235 3521 Ufentem
1263 3464 1325 3521 fl.
1350 3464 1572 3522 inVol-

483 3549 591 3606 scis
646 3546 791 3605 haee
834 3548 1149 3623 referebat3
1208 3551 1346 3623 etsi,
1409 3548 1570 3629 quod

482 3635 693 3707 miror,
737 3634 1039 3693 Cluverius
1084 3636 1299 3693 Donati
1326 3645 1568 3693 senten-

484 3718 629 3777 tiam
656 3720 959 3798 amplexus
986 3730 1071 3778 est
1090 3765 1106 3795 ,
1152 3718 1297 3778 Ital.
1344 3730 1471 3777 ant.
1502 3741 1564 3800 p.

483 3805 626 3867 789.
684 3806 903 3865 Habuit
932 3816 1128 3865 autem
1160 3817 1333 3885 poeta
1362 3816 1567 3865 aueto-

480 3888 709 3947 ritatem
723 3937 743 3967 ‚
787 3910 965 3971 quam
992 3893 1055 3949 in
1096 3890 1185 3951 his
1212 3902 1567 3973 sequeretur,

482 3974 745 4051 Catonis,
806 3978 907 4058 qui
924 4020 943 4051 ‚
993 3988 1059 4037 ut
1098 3976 1255 4057 apud
1296 3978 1568 4037 Servium

480 4060 693 4139 legitur
708 4104 725 4137 ‚
808 4062 873 4119 in
914 4063 1240 4141 Originibus
1290 4082 1569 4122 narrave-

481 4154 599 4221 rat,
629 4147 917 4208 Troianos
962 4167 997 4207 a
1028 4150 1239 4207 Latino
1278 4150 1565 4229 accepisse

480 4252 722 4313 agrum,
778 4234 883 4315 qui
922 4244 1069 4293 esset
1108 4234 1261 4292 inter
1298 4235 1568 4292 Lauren-

476 4328 607 4377 tum
636 4332 695 4380 et
736 4330 919 4379 casu-a
960 4320 1218 4379 Troiana
1235 4363 1252 4394 ‚
1295 4320 1566 4399 iugerum

476 4404 646 4465 Dec,
708 4407 994 4465 Domitius
1046 4406 1147 4465 lib.
1212 4408 1241 4463 1
1294 4403 1565 4467 historiae

478 4508 617 4547 suae
644 4490 699 4548 D
726 4492 929 4573 iugera
972 4491 1260 4569 ediderat,
1328 4503 1564 4552 auctore

1226 1520 1333 1575 324
1364 1523 1431 1572 Si
1460 1521 1522 1572 irs
1555 1519 1698 1574 alios
1717 1520 1875 1590 fines
1905 1520 1992 1574 vel
2041 1521 2193 1592 leges
2237 1519 2438 1573 zulich.
2507 1520 2741 1574 aliarum

1816 1590 1919 1644 325
1952 1603 2292 1674 poscuntque
2322 1608 2380 1641 se
2383 1608 2427 1642 ο.
2461 1591 2654 1642 Moret.
2687 1601 2740 1640 et

1654 1659 1810 1712 etiam
1845 1610 2130 1714 Waddelio
2167 1670 2224 1711 et
2255 1659 2640 1728 Cuninghamo.
2685 1669 2738 1711 et

1655 1837 1885 1896 Viotore
1915 1837 1985 1896 0.
2017 1837 2090 1895 G.
2119 1837 2194 1894 R.
2223 1857 2276 1896 e.
2299 1839 2395 1908 12,
2426 1853 2608 1916 quem
2623 1855 2738 1893 nu-

1653 1942 1886 1980 merum
1913 1941 1991 1980 ex
2017 1923 2270 1980 Hemina
2299 1941 2535 2002 quoque
2569 1941 2738 2000 repe-
2783 1933 2788 1938 '

1655 2011 1726 2066 tit
1777 2007 2012 2067 Solinus
2075 2027 2204 2086 cap.
2254 2010 2315 2071 8.
2401 2005 2738 2065 Studiorum

1654 2095 1764 2150 XL
1793 2112 2001 2171 agrum
2028 2113 2063 2151 a
2091 2093 2239 2152 colle
2257 2137 2274 2168 ,
2305 2093 2400 2152 eui
2425 2090 2735 2150 Lavinium

1653 2179 1991 2259 impositum
2009 2223 2027 2254 ,
2075 2197 2502 2260 quaquaversus
2529 2189 2738 2258 paten-

1655 2275 1778 2323 tem
1814 2285 1920 2345 per
1958 2263 2163 2324 foedus
2199 2284 2338 2323 cum
2376 2265 2589 2322 Latino
2630 2284 2737 2344 pa·

1657 2361 1818 2408 ctum
1859 2353 2088 2410 cessisse
2132 2351 2400 2408 Troianis
2441 2369 2736 2408 memora·-

1655 2446 1859 2495 verant
1900 2438 1998 2494 alii
2043 2435 2200 2516 apud
2241 2437 2482 2516 Dionys.
2541 2437 2587 2510 1,
2634 2437 2736 2501 59.

1655 2523 1736 2581 At
1775 2521 1930 2603 apud
1970 2523 2222 2603 Appinn.
2264 2521 2366 2581 lib.
2395 2524 2424 2579 1
2462 2542 2552 2602 pr.
2581 2523 2737 2580 Fau-

1654 2628 1766 2667 nus
1822 2612 2021 2668 Martis
2065 2610 2103 2667 f.
2147 2628 2286 2667 cum
2323 2608 2440 2665 filia
2492 2610 2736 2667 Lavinia

1663 2696 1892 2753 Aeneae
1935 2694 2127 2753 0000
2168 2693 2486 2754 stadiorum
2529 2713 2736 2775 agrum

1653 2782 1718 2837 in
1761 2782 2004 2839 circuitu
2039 2778 2172 2839 dat.
2218 2778 2321 2841 καὶ
2367 2780 2580 2841 δίδωσι
2617 2782 2736 2861 γῆν

1654 2864 1720 2929 ἐκ
1741 2860 2032 2945 περιόδου
2047 2864 2306 2927 σταδίων
2317 2866 2734 2943 τετρακοσίων,

1653 2970 1806 3033 quae
1815 2954 2019 3032 utique
2029 2953 2218 3010 verior
2243 2952 2416 3009 lectio
2443 2961 2530 3008 est
2555 2970 2736 3033 quam

1651 3040 1857 3119 τριῶν.
1873 3040 1972 3095 Me
1988 3036 2092 3096 de
2073 3056 2343 3116 tugerum
2363 3056 2613 3095 numero
2627 3056 2734 3117 pa-
2771 3058 2784 3091 ·.

1655 3123 2062 3181 rumlaborare
2089 3123 2259 3181 facile
2273 3124 2592 3201 intelliges3
2621 3120 2734 3181 hoe

1653 3209 1924 3268 volebam
1943 3254 1960 3283 ,
2001 3220 2069 3267 ut
2091 3219 2398 3283 constaret,
2439 3209 2614 3267 fuisse
2643 3210 2735 3268 fa-

1655 3314 1816 3353 mam
1874 3297 2204 3376 antiquam,
2265 3314 2446 3377 quam
2497 3296 2562 3351 in
2607 3314 2736 3358 rem

1655 3400 1824 3439 snam
1871 3384 2043 3441 vertit
2105 3400 2174 3439 ac
2229 3379 2486 3438 traduxit
2547 3382 2733 3441 Maro.

1655 3464 1828 3537 Quod
1851 3466 2091 3525 tandem
2106 3468 2346 3525 Latinus
2377 3469 2456 3523 ait
2475 3464 2598 3523 siba·
2609 3486 2735 3523 esee

1651 3571 1875 3631 agrum
1909 3574 1995 3612 vs.
2037 3556 2198 3625 816,
2255 3562 2445 3632 potest
2479 3548 2624 3626 hoe,
2683 3552 2732 3610 si

1651 3639 1781 3719 quis
1813 3639 1895 3697 ita
1935 3639 2104 3713 velit,
2151 3640 2382 3718 proprie
2401 3637 2592 3717 accipi
2606 3682 2623 3713 ,
2653 3658 2734 3697 ex

1650 3734 1843 3783 vetere
1869 3726 1988 3783 vita
2003 3768 2020 3799 ‚
2049 3743 2162 3804 qua
2189 3724 2420 3802 regibus
2449 3726 2734 3802 assignata

1652 3811 1778 3888 agri
1819 3811 2008 3889 portio
2023 3853 2038 3881 ‚
2093 3808 2337 3888 τέμενος
2351 3856 2368 3885 ,
2413 3820 2480 3868 ut
2519 3810 2616 3869 vel
2657 3830 2732 3869 ex

1651 3898 1910 3955 Homero
1937 3905 2144 3954 notum
2170 3893 2334 3953 Iliad.
2363 3919 2426 3973 μ,
2456 3900 2604 3961 318.

1738 3978 1884 4045 824.
1940 3979 2135 4038 aliam
2175 3990 2416 4059 gentem
2429 4003 2456 4054 ,·
2519 3984 2731 4039 iterum

1651 4086 1758 4146 pro
1787 4077 1955 4125 terra.
2042 4064 2314 4145 (proprie
2361 4065 2572 4125 dieitur
2613 4078 2730 4123 ten-

1649 4172 1786 4209 ram
1813 4152 1908 4211 vel
1937 4154 2178 4209 omnino
2194 4150 2395 4209 locum
2407 4172 2728 4230 capessere,

1651 4238 1840 4313 mlv,
1868 4234 2014 4301 846.
2043 4238 2113 4311 V,
2141 4240 2288 4301 703·
2317 4240 2596 4311 1X‚366·
2625 4240 2729 4312 xl,

1649 4323 1830 4398 466.-
1859 4320 1998 4381 hinc
2023 4320 2218 4379 aliam
2239 4332 2486 4401 gentem
2519 4344 2730 4401 capes-

1649 4427 1774 4464 sere
1801 4419 1885 4466 est
1914 4418 2134 4467 terram
2159 4406 2322 4465 aliua
2347 4410 2552 4488 gentis
2593 4430 2728 4487 oap-

1647 4492 1921 4558 ——.325
1951 4494 2009 4551 ει·
2029 4504 2287 4571 possm
2327 4493 2636 4571 decedere,

2769 3170 2787 3227 ἓ
