3009 5050
748 353 1353 494 AENmbos
1405 415 1619 494 ΜΒ.
1673 417 1766 514 x,
1823 423 2060 496 2-9

2363 423 2516 500 429

376 602 826 684 Caelicolae
850 601 1117 701 magni
1135 660 1157 698 ,
1212 587 1585 704 quianam
1622 605 2016 684 sententia
2037 603 2262 682 vobis

266 711 513 786 Versa
546 721 765 784 retro
784 767 805 802 ‚
856 719 1335 808 tantumque
1369 707 1651 782 animis
1687 708 1996 786 certatis
2022 707 2312 810 iniquis
2337 716 2376 786 Ρ

269 811 733 889 Abnueram
754 807 975 887 bello
1004 809 1311 887 Italiam
1351 831 1832 888 concurrere
1863 812 2210 891 Teucria

269 918 492 1010 Quae
522 927 797 992 contra
824 914 1161 990 vetitum
1196 911 1641 992 discordia?
1693 913 1868 1016 quis
1908 927 2172 992 metus
2205 925 2340 992 aut
2361 913 2518 992 hos
2619 944 2634 961 ·

372 1028 441 1098 6.
485 1041 679 1110 om
706 1031 877 1094 mu

404 1173 442 1227 6
475 1175 606 1242 quia
648 1191 807 1238 nam,
852 1169 1119 1241 antiquain
1168 1185 1378 1236 vocem,
1428 1169 1690 1223 adstruxit
1737 1171 1864 1224 satis
1898 1171 2116 1228 Pia-ias.
2173 1171 2316 1226 conf.
2359 1187 2518 1242 supra

268 1243 349 1306 V,
402 1241 499 1305 13,
560 1241 662 1294 etsi
706 1259 814 1295 non
869 1241 1023 1314 pauci
1082 1239 1315 1292 eiusdem
1374 1250 1428 1292 et
1490 1239 1632 1308 apud
1695 1241 2039 1294 But-mannum
2058 1281 2075 1306 ,
2138 1241 2252 1294 bini
2309 1257 2517 1312 quoquo

267 1309 503 1364 Gothani
536 1330 651 1364 cum
684 1313 811 1374 nrt..
844 1328 1115 1382 quaenam
1150 1308 1419 1362 exhibent.
1489 1327 1631 1378 quae
1655 1309 1764 1362 iam
1793 1310 2014 1363 Dorvill.
2050 1329 2081 1362 a
2115 1328 2194 1378 pr.
2229 1329 2297 1365 m.
2333 1313 2518 1380 (quia-

266 1399 432 1446 ηαηι,
480 1393 537 1434 ut
578 1381 695 1452 ipse
742 1381 974 1450 Heynius
1025 1380 1107 1442 V,
1156 1379 1256 1444 13„
1305 1378 1521 1432 iunctim
1574 1377 1787 1446 scripsi3
1833 1397 1962 1452 nam
2013 1377 2148 1432 enim
2181 1379 2269 1432 hic
2304 1378 2518 1431 encliti-

268 1467 391 1504 con.
433 1449 577 1516 Wr.)
690 1451 725 1506 7
761 1463 912 1503 retro
948 1462 1031 1502 ess
1066 1447 1225 1500 Goth.
1262 1464 1366 1500 sec.
1434 1449 1598 1499 annis
1630 1465 1712 1518 pr.

268 1519 407 1574 alter
440 1520 649 1589 Menag.
784 1520 821 1574 9

266 1589 339 1646 ⁷3
376 1591 512 1656 Quis
559 1589 699 1644 dem
744 1590 801 1642 in
893 1587 1121 1642 taudem
1148 1613 1215 1626 -
1238 1587 1366 1656 egit.

268 1731 565 1790 Hactenus
612 1749 733 1790 non
761 1729 917 1789 male
956 1724 1032 1787 ad
1059 1737 1253 1787 ortum
1294 1737 1355 1786 et

270 1835 543 1875 occasum
562 1815 723 1896 apud
737 1817 903 1876 Serv.
919 1815 1182 1873 refertur.
1204 1815 1353 1872 Per-

268 1903 355 1980 git
378 1900 540 1960 idem
555 1919 575 1959 ε
627 1912 753 1976 „est
780 1912 977 1960 autem
1004 1917 1195 1959 sermo
1221 1901 1353 1958 En-

266 1989 525 2046 nianus“
566 1984 681 2046 hoo
722 1988 905 2062 bene3
964 1984 1067 2045 sed
1107 1987 1349 2068 reliqua,

268 2093 419 2156 quae
474 2075 857 2133 subiiciuntur
877 2117 898 2148 ‚
953 2091 1163 2154 parum
1217 2081 1355 2131 sunt

266 2161 589 2240 perspicua.
688 2161 925 2220 Scilicet
976 2160 1077 2218 alii
1130 2169 1355 2216 tectum

268 2245 529 2325 bipatens
553 2265 673 2304 esse
702 2255 978 2325 putarunt
994 2289 1013 2319 ,
1056 2242 1217 2326 quod
1242 2243 1355 2302 ha·-

267 2331 369 2389 bet
442 2331 595 2388 fores
662 2332 813 2389 binis
868 2331 1049 2390 valvis
1107 2340 1353 2408 apertas.

271 2413 477 2492 (Hanc
518 2417 967 2494 explicationem
1002 2424 1073 2473 ut
1126 2416 1355 2493 ample·-

272 2509 425 2573 ctar,
454 2498 700 2560 suadent
726 2521 768 2581 p
783 2519 820 2559 o
834 2519 865 2559 r
878 2510 903 2558 t
917 2519 954 2558 a
970 2519 1003 2556 e
1028 2499 1353 2578 bipatentes

269 2586 347 2661 ΙΙ,
378 2588 523 2649 330.
608 2587 697 2643 Ita
738 2587 915 2643 etiam
956 2586 1021 2641 in
1046 2586 1209 2662 regia
1236 2585 1357 2643 So·-

269 2670 341 2731 lis
369 2670 657 2748 „Argenti
680 2670 893 2729 bifores
930 2666 1235 2727 radiabant
1259 2670 1357 2727 lu-

270 2756 437 2827 mine
463 2755 665 2813 valvae
682 2756 719 2787 ‘⁸
764 2774 861 2834 ap.
904 2752 1073 2812 Ovid.
1109 2754 1253 2811 Met.
1278 2755 1355 2828 11,

271 2840 336 2905 4.
380 2837 530 2898 adde
571 2859 655 2898 vs.
705 2842 805 2905 18.
862 2838 1053 2918 Wr.)
1137 2836 1254 2897 Ad.
1295 2859 1356 2900 v.

272 2928 316 2991 6
345 2924 506 2983 idem
535 2924 802 2984 Servius:
849 2926 1201 3003 ,‚quianam,
1232 2944 1353 2999 cur,

272 3028 489 3095 quare:
520 3030 711 3071 sermo
723 3012 1043 3085 Ennianus,
1062 3011 1357 3089 quianam

273 3096 539 3177 legiones
571 3094 876 3155 caedimus·
886 3094 1112 3175 set-ro?
1128 3098 1166 3129 ‘⁴
1222 3116 1352 3176 sup.

270 3182 345 3258 V,
377 3186 456 3247 13
497 3184 648 3241 Heu
684 3184 980 3263 quianam
1024 3182 1182 3239 tanti
1220 3203 1355 3241 em·-

272 3278 488 3327 xerunt
515 3266 761 3327 aethera
789 3266 983 3326 nimbi
999 3265 1033 3324 P
1088 3266 1355 3346 (Viden-

272 3355 647 3414 turEnniana
672 3356 773 3413 illa
786 3355 1025 3433 Virgilio
1056 3355 1355 3440 obversata

274 3458 397 3499 esse
418 3483 436 3514 ,
479 3460 631 3522 quae
670 3441 945 3521 leguntur
990 3458 1085 3521 ap.
1132 3441 1355 3501 Hessel.

272 3545 335 3605 p.
353 3528 437 3591 77
440 3543 493 3583 .:
540 3526 859 3608 „quianam
888 3525 1088 3584 dieteis
1112 3527 1355 3587 nostr-eis

272 3612 557 3671 sententia
588 3610 743 3669 fiexa
770 3606 951 3671 est?“
1017 3610 1197 3691 Wr.)

360 3700 423 3761 6.
465 3697 663 3759 Oratio
676 3700 826 3756 Iovis
840 3698 1152 3756 maiestatis
1160 3697 1355 3778 plena,

272 3780 399 3861 ipsa
424 3782 701 3841 brevitate
732 3794 789 3842 et
827 3784 1101 3865 antiquae
1141 3785 1357 3843 oratio-

272 3868 365 3941 nis
410 3866 641 3943 studi03
691 3870 771 3927 alc
815 3888 991 3927 versa
1039 3879 1193 3926 retro
1247 3888 1355 3948 pro

274 3962 521 4014 mutata.
562 3953 782 4011 animia
810 3955 1039 4033 iniquia
1064 3974 1172 4035 pro
1202 3954 1358 4013 iufe-

272 4040 393 4099 σὼ.
480 4042 523 4103 8
564 4058 692 4121 sqq.
732 4040 1069 4122 Nusquam,
1113 4041 1163 4099 si
1202 4040 1355 4098 bene

270 4126 649 4185 meminimus
662 4168 680 4197 ,
726 4137 897 4203 poeta
927 4144 1359 4185 commemora-

272 4212 359 4273 vit
384 4212 449 4268 in
476 4210 894 4288 superioribus,
936 4214 1139 4270 Iovem
1172 4214 1358 4270 inter-

273 4292 519 4371 dixisse,
555 4315 635 4354 ne
664 4292 745 4353 dii
773 4296 993 4355 bellum
1018 4298 1170 4368 inter
1197 4298 1357 4357 Tro-

269 4384 435 4441 ianos
454 4390 463 4401 ”
481 4390 539 4441 et
588 4382 825 4442 Latinos
864 4382 1151 4459 foverent.
1232 4384 1355 4443 Nec

1434 1584 1738 1654 ingeniose,
1786 1585 1902 1658 quis
1948 1585 2147 1657 neget?
2207 1587 2364 1640 modo
2408 1603 2518 1640 non

1435 1733 1664 1808 praeter
1701 1727 1992 1788 Venerem
2019 1739 2078 1788 et
2104 1732 2394 1790 Iunonem
2419 1727 2520 1788 alii

1436 1812 1520 1870 dii
1577 1831 1708 1872 eam
1763 1833 1890 1872 rem
1945 1833 2172 1874 curasse
2225 1813 2518 1875 videntur.

1438 1899 1592 1969 Quin
1633 1901 1826 1979 potius
1871 1901 2024 1959 Iovis
2078 1903 2256 1960 verba
2307 1919 2520 1980 parum

1438 1995 1607 2043 caute
1660 1985 1971 2065 praemissa
2024 1983 2210 2045 videri
2277 1996 2520 2068 possunt

1434 2071 1539 2129 lib.
1565 2071 1614 2144 I,
1643 2074 1771 2135 263
1815 2070 2067 2129 Bellum
2102 2074 2316 2152 ingens
2348 2083 2520 2152 geret

1438 2154 1634 2214 Italia
1664 2166 1774 2215 etc.
1857 2160 1982 2217 Nec
2010 2158 2246 2218 Servius
2276 2157 2352 2218 ad
2378 2157 2444 2218 h.
2471 2159 2518 2220 Ι.

1434 2261 1565 2300 rem
1603 2241 1860 2321 expedit.
1955 2243 2166 2302 Refero
2206 2241 2362 2303 hunc
2378 2288 2396 2320 ‚
2459 2255 2520 2304 et

1435 2323 1558 2386 fere
1581 2329 1780 2386 omnia
1805 2329 1934 2386 loca
1947 2373 1964 2403 ,
2017 2329 2079 2386 in
2112 2330 2323 2410 quibus
2369 2327 2518 2388 deo-

1437 2411 1572 2470 r'um
1611 2414 1968 2474 interventus
2025 2416 2336 2494 exponitur
2397 2413 2518 2492 (cf.

1436 2499 1682 2557 Excurs.
1711 2491 1840 2557 ΓΜ*
1869 2498 1945 2559 ad
1970 2500 2070 2559 lib.
2099 2501 2236 2579 lx),
2249 2503 2402 2561 inter
2429 2519 2519 2579 ea,

1440 2602 1590 2664 quae
1617 2582 1942 2643 Aeneidem
1979 2584 2248 2645 nondum
2285 2587 2522 2645 absolu-

1437 2678 1562 2725 tam
1591 2680 1862 2747 arguunt.
1937 2670 2154 2745 Voluit,
2183 2680 2344 2751 puto,
2373 2669 2522 2733 haec

1436 2762 1814 2833 praestruere,
1829 2765 1895 2813 ut
1924 2752 2188 2829 debebat,
2204 2758 2268 2813 in
2295 2757 2522 2835 superi·-

1441 2838 1656 2913 oribus,
1673 2849 1732 2897 et
1757 2837 2004 2899 deorum
2029 2842 2266 2901 consilia
2280 2843 2521 2901 omniuo
2647 2872 2654 2889 ·

1437 2934 1820 3005 attemperare
1847 2926 2042 3005 paullo
2067 2924 2398 3003 diligentius
2425 2945 2525 2983 re-

1438 3010 1550 3069 bus
1578 3012 1643 3068 in
1669 3011 1838 3070 Latio
1865 3011 2069 3091 gestis3
2111 3010 2214 3070 sed
2239 3030 2400 3069 mors
2427 3012 2525 3071 in·-

1440 3094 1582 3155 cidit
1640 3107 1902 3157 conams.
2000 3098 2229 3156 Interea
2282 3106 2524 3177 possunt

1436 3180 1585 3242 haec
1615 3192 1677 3241 et
1693 3184 1832 3257 ⁸alia
1871 3178 2054 3243 videri
2085 3202 2164 3243 ex
2189 3203 2259 3242 eo
2287 3202 2521 3262 genere,

1439 3288 1591 3349 quae
1633 3271 1806 3327 tacite
1848 3287 1884 3326 a
1937 3278 2110 3348 poeta
2125 3312 2143 3343 ,
2219 3278 2524 3351 tamquam

1436 3354 1590 3420 facta
1607 3380 1640 3429 ,·
1666 3355 1812 3434 poni
1845 3365 2192 3434 potueruut:
2254 3353 2524 3437 adeoque

1436 3460 1528 3500 res
1563 3438 1678 3498 hoo
1720 3438 1900 3499 modo
1943 3439 2299 3521 procedunt:
2371 3442 2522 3501 Iuno

1436 3527 1612 3587 nimis
1640 3525 1851 3606 cupide
1890 3524 2112 3586 faverat
2151 3528 2397 3602 Turnog
2456 3536 2524 3589 ut

1438 3614 1616 3671 etiam
1639 3613 1856 3692 Iupiter
1893 3614 2224 3671 consultum
2265 3610 2522 3691 duceret,

1440 3717 1682 3757 avocare
1725 3718 1858 3757 eam
1899 3717 1936 3757 a
1987 3718 2186 3778 pugna
2227 3719 2356 3779 sup.
2412 3700 2522 3775 lx,

1440 3786 1569 3849 802
1594 3803 1723 3865 sqq.
1807 3782 2036 3863 Eadem
2061 3786 2299 3843 Iunonis
2325 3786 2523 3865 impo-

1438 3871 1619 3927 tentia
1673 3879 1866 3928 motus
1921 3870 2142 3951 Iupiter
2209 3871 2524 3931 concilium

1441 3951 1687 4013 deorum
1726 3953 1961 4030 indicit,
2013 3966 2082 4015 ut
2123 3954 2372 4015 deorum
2397 3966 2526 4016 atu-

1440 4038 1536 4099 dia
1556 4084 1573 4116 ,
1608 4042 1844 4100 Iunonis
1872 4042 2152 4122 inprimis,
2181 4042 2478 4122 reprimat.

1526 4130 1586 4191 9.
1618 4126 1757 4199 Quis
1783 4138 1974 4186 metus
1991 4172 2008 4201 ,
2055 4129 2358 4187 cuiusnam
2383 4126 2527 4187 mali

1443 4223 1546 4271 aut
1584 4214 1828 4292 periculi
1857 4210 2216 4293 depellendi,
2261 4210 2524 4289 adduxit,

1438 4308 1505 4357 ut
1535 4308 1778 4379 utraque
1808 4318 1938 4378 pars
1964 4298 2190 4357 bellum
2213 4290 2526 4357 moveret?

1434 4384 1624 4443 Docta
1669 4386 1872 4444 oratio.
1911 4384 2177 4467 {sermm
2218 4380 2524 4459 lacessere,

1818 1449 2042 1501 crataeis
2075 1457 2200 1502 tert.
2271 1461 2519 1502 eet-tatur
2647 1487 2656 1498 .

905 1521 991 1571 uis
1034 1517 1174 1570 deus
1206 1529 1306 1569 aut
1340 1517 1444 1571 hos
1476 1517 1556 1570 Io.
1589 1517 1750 1570 Schra
1789 1535 1909 1570 erus
1941 1517 1998 1570 in
2033 1517 2268 1570 schedis:
2329 1528 2390 1570 ut
2421 1517 2516 1571 inf.
