3009 5050
689 411 1299 492 AENEIDOS
1352 415 1561 493 LIB.
1615 419 1708 507 X,
1762 422 2201 499 638--660
2407 431 2554 501 529

213 616 235 632 “
304 601 547 676 Forte
573 601 759 676 ratis
793 598 979 677 celsi
1010 601 1431 677 coniuncta
1460 601 1867 703 crepidine
1897 606 2050 682 saxi

304 704 693 804 Expositis
726 703 978 780 stabat
1005 704 1267 800 scaliS,
1316 717 1398 781 et
1422 719 1676 806 ponte
1701 719 2022 808 parat03
2099 753 2102 756 ·

307 808 483 902 Qu'a
511 831 650 882 rex
694 807 1029 885 Clusinis
1058 807 1429 884 advectus
1459 809 1784 888 Osinius
1811 813 1988 890 oris.
2397 820 2550 891 655

216 915 227 926 '
302 913 477 985 Huc
508 935 682 987 sese
714 909 1024 1012 trepida
1050 916 1368 988 Aeneae
1393 909 1766 1010 fugientis
1800 915 2064 1013 imago

304 1014 648 1092 Coniicit
676 1014 759 1089 in
785 1013 1154 1094 latebras:
1206 1039 1358 1091 nec
1393 1019 1714 1092 Turnus
1743 1019 2065 1115 segnior
2107 1016 2380 1109 instat3

296 1119 893 1219 Eisuperatque
926 1143 1227 1216 moraS,
1284 1131 1365 1196 et
1391 1119 1660 1220 pontis
1693 1120 2023 1196 transilit
2070 1119 2289 1195 altos,

298 1221 449 1300 Vix
474 1245 801 1322 proram
828 1221 1241 1322 adtigeratz
1293 1222 1597 1324 rumpit
1629 1225 1994 1300 Saturnia
2025 1220 2334 1318 funem,

298 1325 835 1428 Avolsamque
944 1327 1151 1428 rapit
1262 1324 1626 1406 revoluta
1739 1350 1892 1429 per
1969 1349 2320 1428 aequora
2421 1349 2554 1403 na-

534 1467 547 1477 ·
1242 1451 1250 1457 ·
1461 1451 1670 1508 vem.
2376 1438 2552 1510 ⁸660

438 1637 545 1692 655
566 1638 694 1690 saxi
707 1665 775 1678 -
789 1637 926 1690 celsi
946 1635 1112 1691 Goth.
1138 1644 1267 1689 tert.
1403 1636 1516 1692 654
1547 1636 1815 1708 Inpositis
1849 1636 2056 1705 Hagen.
2123 1648 2294 1706 ponte
2321 1650 2554 1709 peracto

301 1705 465 1758 Goth.
489 1713 617 1758 tert.
690 1706 819 1775 (Vix
856 1707 1069 1774 dignum
1094 1714 1416 1772 memoratu,
1464 1709 1606 1776 quod
1647 1708 1754 1760 hoo
1779 1723 1934 1758 versu
1969 1717 2231 1775 paratos,
2278 1707 2550 1774 superiore

212 1956 223 1968 .
301 1915 517 1982 Osirim
546 1907 857 1980 Gothsec„
892 1915 1071 1983 sicque
1114 1913 1319 1984 aliquot
1348 1915 1488 1968 Pier.
1519 1933 1634 1967 cum
1671 1915 1824 1968 Rom.
1897 1915 2098 1966 onium
2123 1913 2305 1966 Frane.
2350 1925 2404 1967 et
2431 1915 2551 1969 ald.

300 1985 523 2036 Oui-sius
552 1984 730 2053 Bigot.
754 2002 854 2054 pto
878 2002 989 2038 var.
1018 1984 1142 2037 lect.
1209 1984 1405 2052 Ineptit
1424 1984 1634 2038 Servius
1653 2022 1670 2049 ‚
1719 1983 1810 2052 qui
1847 1981 2124 2036 Massicum
2155 1983 2401 2036 Osimium
2427 1983 2554 2038 hino

298 2053 587 2123 exsculpit,
622 2062 678 2105 et
721 2053 1095 2106 Grammaticus
1140 2054 1279 2122 apud
1324 2053 1559 2106 Macrob.
1597 2055 1666 2119 V,
1703 2051 1788 2115 15,
1822 2070 1876 2121 p.
1916 2052 2035 2115 532,
2071 2050 2160 2119 qui
2205 2053 2336 2106 haee
2359 2071 2514 2121 repre

295 2121 493 2176 heudit.
598 2123 705 2177 656
728 2125 876 2176 Huic
906 2123 1099 2178 Medic.
1166 2128 1389 2176 Aeneae
1428 2125 1651 2194 trepida
1689 2122 1808 2174 Διά.
1837 2139 1920 2192 pr.
1964 2133 2018 2173 et
2051 2121 2212 2174 Goth.
2254 2139 2334 2190 pr.
2389 2124 2552 2191 (idem

294 2193 571 2244 verborum
612 2193 759 2246 ⁴ordo
816 2193 873 2244 in
912 2193 1105 2245 Medic.
1152 2193 1295 2263 apud
1332 2195 1554 2261 Foggin.
1607 2192 1753 2256 Wr.)
1836 2203 1923 2244 tre
1958 2192 2106 2242 idam
2141 2197 2364 2244 Aeneae
2414 2191 2552 2245 alter

295 2263 484 2314 Hamb.
588 2261 691 2316 657
722 2265 783 2314 in
826 2261 1083 2315 tenebras
1122 2263 1327 2330 Hagen.
1396 2265 1455 2314 in
1498 2259 1731 2315 latebris
1765 2277 1847 2327 pr.
1933 2277 2080 2326 enag.
2153 2260 2424 2314 Lau-bras·
2447 2277 2548 2328 pro

294 2329 502 2398 refugio
548 2330 701 2382 dixit.
788 2334 1017 2401 segnius
1065 2330 1201 2382 alter
1252 2331 1539 2398 Hamburg.
1620 2333 1729 2393 (—
1761 2329 1882 2382 658.
1917 2342 2122 2396 pontes
2157 2330 2349 2382 Medic.
2402 2333 2548 2398 Wr.)

298 2398 401 2452 659
439 2401 591 2470 rupit
634 2396 836 2468 aliquot
868 2399 1048 2452 Heius.
1092 2417 1209 2450 cum
1252 2399 1416 2454 Goth.
1454 2417 1538 2468 pr.
1582 2400 1762 2466 sieque
1812 2397 1932 2449 edd.
1965 2397 2104 2464 apud
2131 2397 2268 2450 Pier.
2295 2410 2354 2450 et
2395 2402 2546 2452 Rom.

300 2467 461 2535 (adde
516 2469 599 2521 12.
640 2469 791 2530 Wr.)
907 2469 1013 2522 660
1059 2469 1321 2522 Avolsam
1358 2477 1417 2519 et
1453 2467 1764 2520 Advulsam
1804 2466 1862 2516 in
1901 2466 2037 2518 Pier.
2081 2465 2216 2517 libb.
2284 2471 2549 2521 Evulsum

296 2534 449 2589 Laid.
519 2536 768 2589 resoluta
794 2536 959 2590 Goth.
997 2546 1125 2591 tert.
1192 2540 1379 2591 navim
1406 2538 1544 2591 Pier.
1581 2536 1810 2589 malebat
1851 2552 1916 2587 ex
1938 2544 2068 2589 vett.
2096 2536 2326 2605 scriptis.
2395 2539 2549 2591 clas—

298 2728 505 2808 attingi
557 2746 725 2809 posse
778 2710 1089 2807 gaudebat.
1175 2728 1385 2805 (Prior
1465 2730 1580 2787 rim
1609 2727 1683 2788 de
1711 2728 1918 2787 itinere
1945 2746 2050 2808 per
2095 2745 2347 2808 aequora
2373 2749 2547 2789 revo-

298 2815 443 2873 ratio
458 2858 477 2889 ‚
520 2824 590 2873 ut
615 2814 963 2893 simplicior,
1006 2816 1183 2893 longe
1210 2836 1385 2896 prae-
1464 2816 1622 2873 luto:
1683 2813 1940 2873 avolsam
1998 2816 2147 2871 Iuno
2196 2832 2388 2873 rursus
2429 2818 2548 2893 agit

296 2898 537 2959 ferenda
570 2901 755 2959 alteri.
804 2899 983 2979 Wr.)
1461 2920 1570 2981 per
1597 2918 1834 2981 aequor.
1870 2896 2071 2977 Wr.)-

382 2987 526 3051 658.
570 2986 777 3046 Stabat
800 2986 951 3044 forte
974 2985 1137 3045 navis
1164 2986 1245 3044 ita
1275 2983 1387 3043 ad·-

296 3083 457 3130 mota
484 3073 664 3131 littori
690 3089 899 3130 saxoso
917 3116 935 3147 ,
982 3082 1051 3130 ut
1092 3089 1243 3151 pons
1272 3092 1379 3152 ep-

295 3158 525 3239 plicitus
570 3167 733 3217 esset.
794 3156 1034 3235 crepido
1062 3160 1200 3215 saxi
1213 3200 1236 3228 ,
1280 3178 1380 3217 or-

292 3255 431 3303 nate
459 3240 534 3303 de
559 3246 754 3303 littore
774 3284 799 3313 ,
827 3254 1111 3323 quatenus
1140 3245 1377 3305 enfinet.

294 3348 401 3386 rex
418 3372 443 3401 ,
500 3350 575 3387 ex
616 3349 781 3387 more
833 3331 1041 3387 veteris
1100 3330 1229 3387 nevi
1270 3348 1377 3409 pro

294 3416 420 3475 viro
451 3434 525 3473 ex
552 3414 939 3496 principibus:
972 3424 1073 3473 aut
1100 3414 1191 3473 fac
1205 3414 1379 3474 fuisse

292 3504 529 3561 Lartem
558 3502 926 3560 Clusinorum
942 3545 959 3576 ,
986 3501 1093 3558 sub
1115 3502 1379 3576 Massico,

296 3586 660 3649 duee.totius
701 3588 969 3665 agminis.
1012 3587 1087 3645 of.
1131 3606 1189 3645 v.
1239 3590 1377 3661 166,

296 3682 355 3731 et
380 3674 527 3731 Exc.
556 3676 603 3731 Ι.
664 3672 959 3750 (Osinium
988 3682 1046 3729 et
1071 3672 1381 3729 Massicum

294 3760 469 3815 unius
512 3757 765 3817 hominis
806 3758 1047 3815 nomina
1094 3776 1214 3815 esse
1254 3757 1380 3815 vult

296 3842 564 3918 Servius,
606 3854 672 3901 ut
698 3846 1039 3901 Numanum
1064 3842 1381 3901 Remulum

294 3948 489 4009 supra.
539 3928 715 4005 lVr.)
802 3932 947 3992 660.
977 3948 1243 4006 aequora
1281 3948 1381 3985 re-

296 4013 507 4073 voluta
524 4056 547 4083 ,
579 4012 653 4071 de
672 4014 967 4096 ⁸fluctuum
994 4033 1219 4071 recessu
1236 4058 1253 4087 ,
1282 4032 1380 4071 re-

296 4100 480 4174 fluxu,
512 4118 545 4156 a
570 4100 763 4157 littore
792 4100 1032 4178 accipio.
1084 4096 1377 4176 (,,Ὗπαλ,-

294 4182 449 4267 λαγή
480 4194 581 4259 est,
601 4204 707 4264 pro
723 4182 1057 4243 revolutam
1073 4191 1376 4241 navem.“

294 4274 453 4330 Haec
482 4272 651 4329 Serv.
678 4269 1010 4329 Revolvere
1050 4270 1162 4326 iter
1189 4288 1377 4351 quum

291 4378 464 4439 supra
512 4358 775 4434 legamus
814 4356 937 4431 lx,
982 4357 1125 4419 391.
1144 4398 1161 4429 ,
1206 4357 1376 4436 equi-

292 4442 433 4505 dem
488 4460 741 4524 aequore
810 4441 1073 4499 revoluta
1126 4460 1373 4522 accepe-

392 4543 709 4619 Vmeu..
754 4540 967 4615 Tou.
1018 4538 1152 4617 III.

1551 2990 1695 3051 666.
1743 2986 2024 3062 ingratus
2070 2980 2288 3039 salutas
2334 2984 2545 3063 exqui-
2603 3012 2622 3025 ‹

1462 3072 1570 3130 site
1611 3070 1688 3129 ed
1737 3072 2028 3129 Graecum
2067 3086 2298 3126 morem
2325 3061 2544 3149 ἀχάρι-

1466 3176 1606 3230 στος
1655 3155 1954 3236 σωτηρίας
1989 3174 2072 3213 so.
2114 3151 2323 3215 ἓνεκαε
2385 3152 2546 3235 quod

1462 3242 1538 3301 ad
1567 3244 1815 3301 salutem
1831 3284 1849 3316 ‚
1876 3243 2059 3300 vitam
2094 3249 2378 3298 servatam
2392 3284 2410 3315 ‚
2452 3251 2545 3299 at-

1460 3330 1625 3387 tinet.
1683 3330 1786 3387 Sic
1811 3327 2008 3407 paullo
2031 3335 2182 3401 ante,
2213 3326 2342 3383 veri
2350 3346 2535 3383 vana.

1434 3415 1590 3493 (-
1618 3416 1760 3477 667.
1789 3432 1930 3469 cum
1969 3430 2111 3469 voce
2125 3453 2147 3479 ,
2205 3408 2410 3469 additis
2453 3409 2542 3469 his
2635 3460 2644 3465 .

1460 3501 1681 3573 νει-δίε.
1735 3498 1908 3557 simul
1947 3498 2220 3555 clamans.
2319 3497 2540 3555 Tihun.

1460 3587 1572 3659 m,
1618 3582 1677 3657 4,
1718 3583 1857 3647 64.:
1947 3584 2104 3659 „Tu
2141 3580 2323 3640 modo
2373 3602 2542 3640 oum

1460 3671 1697 3729 multa
1734 3665 1970 3726 brachia
2009 3666 2182 3725 tende
2221 3660 2540 3746 preoe;“

1460 3758 1565 3815 ubi
1592 3751 1710 3815 vid.
1739 3750 2034 3829 Huschk.,
2064 3752 2214 3811 adde
2240 3752 2538 3814 Drakeub.

1462 3841 1540 3900 ad
1579 3840 1687 3901 Sil.
1744 3842 1872 3898 Ital.
1917 3840 2012 3911 X,
2057 3838 2202 3902 432.
2259 3858 2294 3897 a
2333 3840 2537 3897 Burm.

1461 3924 1622 3986 laud„
1649 3925 1837 3985 Aliter
1864 3935 2062 3983 tamen
2089 3924 2279 3982 Valet.
2308 3926 2396 3982 ΕΙ.
2413 3926 2538 3997 VH,

1462 4015 1610 4077 269.
1656 4030 1828 4091 supra
1867 4013 1930 4067 in
1970 4010 2042 4068 V.
2071 4012 2140 4066 L.
2187 4006 2260 4067 ad
2287 4012 2362 4085 11,
2391 4008 2536 4073 406.

1460 4096 1620 4156 laud.
1697 4096 1886 4173 W.)
2003 4098 2149 4159 668.
2221 4096 2324 4153 Vir
2377 4095 2539 4159 fortis

1458 4184 1634 4263 fugae
1679 4182 1964 4261 flagitium
2023 4180 2274 4259 appellat
2314 4184 2535 4235 crimen

1460 4280 1519 4327 et
1535 4288 1822 4347 poenam.
1905 4266 2062 4324 Tota
2105 4267 2287 4324 oratio
2315 4264 2537 4341 gravis-

1456 4355 1634 4428 sima,
1667 4363 1725 4411 et
1753 4350 1991 4411 affectus
2017 4350 2208 4429 plene.
2278 4350 2398 4403 Neo
2427 4344 2536 4405 ha—

1455 4440 1568 4498 beo
1613 4440 1854 4521 quicum
1905 4452 2238 4512 comparem
2278 4442 2536 4511 praeter-

2018 4535 2122 4605 34
