3009 5050
79 905 89 958 Ι

79 1003 84 1042 1

79 1091 86 1150 1

79 1173 86 1216 l

79 1263 86 1302 ι

79 1329 84 1386 ἰ

80 4468 92 4505 Ψ
79 4374 92 4423 1-
79 4196 90 4331 --
79 3942 88 4157 ----—-—--v
79 3772 86 3899 —-v--
79 3670 84 3723 —-
80 3596 86 3635 ,-
79 3512 84 3551 —
79 3428 86 3463 ,-

749 363 934 438 AD
1039 363 1689 462 LIBRUM
1795 364 1967 443 v11
2334 377 2476 451 147

239 553 524 610 Iuniarum
551 563 698 612 artes
727 565 784 612 et
809 555 1068 612 instituta
1097 551 1559 617 adsciscentibus.
1644 554 2029 623 Consentiunt
2067 572 2209 618 oum
2233 555 2325 618 his
2351 560 2480 619 loca

239 639 469 697 Aristot.
513 637 588 698 de
631 641 776 718 Rep.
817 641 940 714 VH,
988 643 1066 704 10
1113 635 1316 722 ᾤκουν
1355 636 1422 701 δὲ
1472 635 1539 704 τὸ
1580 635 1691 720 μὲν
1742 638 1897 722 πρός
1948 638 2061 722 τήν
2130 643 2477 724 Τυῤῥηνίαν

239 718 490 800 Ὀπικοὶ,
533 721 638 785 καὶ
681 717 1012 805 πρότερον,
1069 723 1173 785 καὶ
1223 727 1342 786 νῦν
1379 720 1745 806 καλούμενοι
1782 723 1897 808 τήν
1939 726 2290 808 ἐπωνυμίαν
2334 725 2475 791 Αὕ-

241 825 440 885 σονες,
495 819 556 868 et
593 811 833 890 Dionys.
875 813 924 885 1,
969 813 1056 874 72
1095 827 1176 868 ex
1214 811 1546 886 Aristotele,
1604 803 1827 890 Ὀπικὴ
1842 859 1864 888 ,
1926 813 1994 870 in
2036 828 2159 891 qua
2194 815 2469 872 Latium.

237 895 328 952 Ex
355 891 626 976 Thucyd.
655 897 752 970 VI,
804 900 859 971 1,
901 915 1038 954 cum
1075 899 1318 975 Dionys,
1357 899 1403 971 1,
1447 899 1533 960 22
1582 895 1819 953 Siczdos
1830 939 1857 967 ,
1904 897 2052 954 dum
2105 898 2323 976 Opicos
2350 900 2476 977 sw-

233 991 476 1058 gerent,
520 983 586 1037 in
619 980 901 1040 Siciliam
932 981 1230 1039 traiecisse
1243 1003 1262 1038 .·
1311 982 1417 1040 etsi
1459 977 1843 1062 Thucydides
1866 983 2090 1066 Siculos
2116 985 2179 1040 in
2204 984 2475 1044 inferiore

237 1067 395 1124 Italia
437 1067 780 1146 quaesivisse
820 1065 1082 1126 videtur:
1143 1069 1278 1148 quia
1316 1067 1481 1125 Italia
1520 1067 1591 1122 ab
1650 1067 1883 1124 Graecis
1937 1070 2351 1148 antiquioribus
2401 1066 2474 1127 de

239 1162 490 1212 extrema
517 1163 682 1232 parte
723 1151 838 1213 dici
877 1153 1140 1210 sollenne
1185 1160 1322 1208 erat.
1411 1151 1665 1210 Omnino
1710 1162 1907 1208 autem
1946 1155 2165 1210 mirum
2204 1173 2327 1212 non
2371 1166 2472 1230 est,

233 1240 294 1296 in
318 1247 480 1296 tanta
507 1239 860 1317 populorum
889 1239 1232 1315 cognatione
1257 1239 1500 1294 nomina
1526 1249 1945 1315 saepenumero
1970 1241 2295 1316 promiscue
2312 1242 2471 1318 poni.

399 1324 494 1382 Ab
521 1322 629 1382 hac
659 1325 964 1382 communi
1004 1321 1333 1380 Ans-'onum
1365 1324 1547 1398 stirpe
1587 1323 1781 1379 ortum
1824 1321 2047 1384 duxere
2086 1333 2172 1382 tot
2208 1327 2473 1382 nomini-

234 1409 338 1466 bus
377 1407 601 1466 diversi
640 1408 866 1466 :Italiae
897 1407 1156 1486 populi:
1197 1408 1476 1490 permixti
1519 1405 1755 1487 quidem
1802 1407 1889 1466 illi
1925 1411 2137 1487 passim
2176 1429 2315 1467 cum
2356 1412 2473 1467 Pe-

233 1492 432 1570 lasgis,
499 1493 636 1552 alibi
679 1509 816 1552 cum
858 1494 1192 1554 Siculorum
1233 1503 1292 1555 et
1347 1493 1705 1559 Umbrorum
1759 1495 2013 1574 reliquiis
2026 1537 2045 1568 ‚
2100 1494 2251 1552 forte
2298 1497 2473 1553 etiam

233 1594 370 1636 cum
411 1580 564 1652 aliis,
622 1582 724 1660 qui
765 1598 799 1637 a
839 1580 1048 1653 Gallis,
1106 1579 1442 1656 Liguribus,
1496 1578 1767 1637 Liburnis
1818 1580 2057 1660 aliisque
2094 1580 2310 1659 Illyrici
2364 1601 2473 1658 ge-

231 1665 381 1721 neris
407 1666 635 1744 populis
663 1668 776 1724 orti
803 1675 965 1724 erant
973 1677 996 1739 ’ς
1038 1663 1368 1725 Ausonium
1393 1674 1593 1722 tamen
1632 1681 1852 1722 nomen
1891 1666 2111 1746 ubique
2145 1667 2257 1724 fuit
2296 1685 2474 1746 supe-

233 1751 346 1806 rius
406 1759 464 1808 et
517 1751 810 1810 Ausoniae
871 1752 1104 1828 originis
1157 1751 1398 1829 vestigia
1450 1766 1717 1808 mansere
1765 1751 1985 1830 ubique
2040 1769 2165 1808 non
2211 1752 2470 1810 obscura.

239 1831 456 1892 Sabini
488 1833 730 1916 'quidem
748 1881 765 1911 ,
811 1839 912 1917 qni
957 1857 1024 1893 ea
1063 1839 1193 1900 loca
1231 1835 1631 1896 inhabitabant
1648 1879 1665 1909 ‚
1706 1837 1769 1892 in
1816 1837 2023 1917 quibus
2063 1833 2329 1895 Ausones
2370 1853 2473 1896 seu

230 1919 570 1999 Aborigines
597 1923 828 1982 Umbris
857 1923 1108 2002 expulsis
1135 1931 1522 1980 successerant
1552 1920 1821 2002 (Dionys.
1849 1924 1896 1996 1,
1930 1920 2029 1986 14.
2070 1924 2145 1996 Π,
2188 1921 2292 1986 48.
2337 1919 2471 2000 49),

227 2025 334 2084 pro
362 2009 754 2066 vetustissimis
785 2011 907 2066 eius
931 2011 1116 2088 stirpis
1143 2009 1378 2078 fuerunt
1403 1997 1625 2064 habiti:
1672 2003 1747 2063 ad
1788 2025 1886 2066 eos
1932 2009 2215 2084 originem
2256 2008 2473 2064 refere—

227 2091 370 2150 bant
415 2093 690 2150 Picentes
709 2137 732 2165 ,
800 2093 1053 2173 Peligni
1064 2137 1092 2166 ,
1145 2093 1496 2153 Marrucini
1507 2133 1537 2162 ,
1594 2090 1826 2150 Vestini
1839 2134 1866 2162 ,
1922 2093 2168 2163 Marsi,
2235 2091 2471 2171 Aequi,

223 2177 487 2236 Hernici
499 2221 524 2248 ,
573 2179 892 2238 Samnites.
983 2182 1040 2238 A
1087 2181 1444 2242 Samnitibus
1485 2177 1782 2234 mentam·
1793 2220 1819 2248 ,
1860 2177 2159 2254 Illy-pini,
2198 2178 2471 2250 Lucani,

226 2272 288 2322 et
315 2263 387 2320 ab
413 2261 506 2322 his
533 2265 768 2322 Bruttii
808 2277 1222 2345 provenerant3
1263 2285 1312 2324 «a
1353 2263 1713 2324 Sembitibus
1758 2265 1933 2321 etiam
1991 2264 2327 2340 Campani,
2370 2267 2472 2344 qui

227 2350 447 2426 priscos
488 2351 752 2410 locorum
791 2353 1042 2425 incolas,
1098 2352 1410 2410 Ausonum
1449 2359 1509 2406 et
1548 2349 1961 2408 Auruncorum
2002 2351 2256 2409 nominis
2274 2393 2291 2424 ,
2334 2367 2471 2408 cum

221 2435 478 2490 Etruscis
496 2479 512 2507 ,
569 2438 718 2514 agris
761 2439 974 2516 passim
1018 2438 1321 2494 eiecerunt.
1405 2433 1745 2497 Accumtius
1787 2432 1933 2492 haec
1975 2453 2266 2513 exponere
2309 2445 2469 2495 tanto

223 2522 606 2597 opportunius
635 2521 745 2580 fuit
762 2565 777 2593 ,
823 2542 938 2601 quo
965 2521 1151 2579 multa
1169 2566 1184 2593 ‚
1230 2538 1380 2602 quae
1405 2522 1472 2577 in
1515 2521 1887 2601 sequentibus
1926 2516 2001 2579 ad
2042 2532 2248 2599 poetae
2285 2520 2471 2579 inter-

219 2607 610 2684 pretationem
639 2604 979 2679 afferentur,
1019 2607 1146 2663 sine
1170 2605 1258 2663 his
1287 2609 1390 2663 vix
1413 2605 1661 2682 intelligi
1684 2616 1944 2685 possunt.

401 2690 698 2749 Habemus
738 2692 858 2749 iam
899 2704 1276 2749 communem
1317 2691 1563 2746 Ausonii
1602 2694 1828 2766 generis
1867 2693 2103 2767 stirpem
2120 2733 2136 2763 ,
2196 2688 2271 2747 de
2310 2692 2471 2753 cuius

219 2778 536 2835 remotiore
567 2774 1148 2856 origine.inquire·ndi
1189 2776 1352 2833 locus
1391 2792 1550 2831 nunc
1599 2793 1721 2831 non
1767 2785 1881 2849 est;
1941 2776 2045 2831 etsi
2086 2776 2343 2851 proclive
2386 2786 2472 2833 est

219 2882 256 2921 a
325 2861 552 2921 Celticis
609 2863 836 2941 populis
891 2867 1024 2922 eain
1083 2871 1360 2940 repetere.
1461 2857 1561 2916 Ad
1604 2861 1877 2937 Ligures,
1930 2858 2219 2915 Ibericum
2267 2878 2470 2935 genus,

215 2950 368 3005 olim
395 2968 528 3007 eam
567 2948 814 3007 retulere
851 2949 1154 3027 scriptores
1193 2944 1350 3026 apud
1389 2946 1631 3025 Dionys.
1674 2947 1722 3019 1,
1773 2950 1871 3008 10.
1954 2944 2173 3001 Verum
2211 2962 2321 3002 nec
2364 2942 2471 3002 de·-

216 3032 378 3093 smiri
409 3036 723 3116 quicquam
765 3036 828 3090 in
873 3036 1185 3111 agrestium
1223 3033 1490 3111 gentium
1530 3031 1845 3107 originibus
1884 3038 2007 3087 tam
2046 3030 2292 3111 antiquis
2333 3040 2471 3110 pot-

219 3130 308 3177 est
325 3164 342 3195 ,
383 3140 496 3179 nec
524 3118 600 3177 ad
625 3139 816 3177 unum
841 3118 940 3177 sed
973 3117 1052 3177 acl
1074 3121 1266 3198 plures
1306 3139 1339 3175 e
1383 3118 1771 3197 septentrione
1812 3125 1869 3173 et
1910 3113 2208 3175 occidente
2248 3114 2470 3177 adven-

217 3216 412 3263 tantes
465 3195 745 3265 barbaros
791 3206 1038 3288 populos
1089 3208 1278 3285 prima
1333 3204 1617 3262 Italorum
1660 3204 1823 3280 origo
1862 3198 2163 3259 referenda
2210 3220 2332 3260 esse
2374 3202 2469 3260 vi·

216 3290 414 3351 detur·
478 3310 486 3315 ’
742 3304 750 3312 ⁸
943 3321 951 3329 '
1512 3308 1525 3313 ³

393 3373 810 3455 progredimur
870 3394 1028 3433 nunc
1085 3374 1160 3433 ad
1217 3376 1494 3448 alterum,
1559 3370 1718 3457 quod
1756 3373 2092 3453 posuimus:
2145 3390 2369 3431 novum
2406 3372 2467 3429 in

215 3462 482 3521 cantune
507 3472 704 3523 nostro
733 3462 1062 3520 fabularum
1091 3460 1356 3521 ordinem
1375 3506 1392 3535 ‚
1451 3480 1592 3541 quas
1635 3458 1884 3517 Italicos
1926 3457 2158 3536 mythos
2199 3458 2465 3537 appelles,

215 3549 297 3605 ab
323 3546 535 3607 iisdem
576 3548 773 3626 priscis
814 3541 1042 3626 po'pulis
1059 3579 1099 3619 ,·
1131 3542 1511 3627 inprimisque
1550 3547 1625 3603 ab
1662 3542 1991 3609 Ausonibus
2036 3553 2097 3601 et
2132 3544 2469 3621 Aborigini-

211 3634 327 3694 bus
345 3678 362 3708 ‚
405 3630 752 3713 procedere:
793 3631 980 3691 modo
1021 3630 1481 3707 adolescentum,
1528 3632 1630 3712 qui
1669 3628 1817 3688 haec
1854 3632 2051 3707 legent
2068 3672 2085 3703 ,
2130 3630 2353 3687 animos
2396 3648 2466 3687 eo

213 3716 416 3777 adhuc
459 3716 908 3791 intenderimus,
951 3728 1020 3775 ut
1056 3717 1462 3777 Romanorum
1511 3719 1798 3795 originem
1836 3717 2187 3794 linguaeque
2226 3715 2469 3771 Latinae

211 3819 448 3863 caussas
505 3824 610 3863 suo
663 3802 772 3882 ipsi
823 3802 1044 3861 iudicio
1087 3820 1163 3864 ex
1202 3804 1589 3882 superioribus
1630 3802 1984 3879 intelligant:
2039 3818 2177 3857 cum
2217 3800 2469 3857 Romani

211 3890 590 3947 Albalmnnn
619 3890 810 3949 ,coloni
835 3889 1050 3947 fuerint
1066 3932 1081 3961 ,
1125 3907 1202 3945 ex
1229 3890 1619 3966 Aboriginum
1634 3932 1650 3961 ‚
1694 3886 1807 3945 hoc
1850 3896 1933 3943 est
1980 3886 2313 3956 Ausonum,
2359 3902 2467 3961 ge·

207 3995 393 4049 nere,
433 3972 541 4031 sed
569 3986 706 4031 cum
735 3974 988 4051 Pelasgis
1007 4018 1023 4047 ,
1071 3983 1158 4047 et,
1195 3976 1248 4031 si
1273 3974 1468 4031 famae
1493 3970 1709 4031 fundus
1737 3991 1873 4029 vere
1899 3971 2010 4029 fuit
2028 4014 2043 4043 ‚
2088 3988 2227 4027 cum
2254 3970 2469 4025 Troia-

205 4062 307 4119 nis
341 4080 410 4119 ac
439 4060 673 4117 Graecis
717 4061 906 4117 mixto
922 4102 939 4132 ,
983 4056 1059 4115 ad
1099 4056 1547 4135 intelligendum
1582 4060 1643 4115 in
1685 4066 1920 4136 promtu
1963 4066 2075 4129 est,
2140 4070 2469 4111 sennonem

207 4148 560 4207 Romanum
589 4162 626 4201 a
649 4145 867 4203 Latinis
893 4144 1274 4225 inprimisque
1303 4144 1375 4201 ab
1415 4142 1655 4203 Albanis
1692 4142 2017 4221 profectum
2031 4185 2047 4215 ,
2090 4155 2469 4197 communem

208 4228 599 4310 eundemque
644 4248 781 4287 cum
823 4242 1088 4287 sermone
1130 4229 1469 4302 Ausonum,
1542 4226 1830 4307 huiusque
1882 4226 2115 4285 nonnisi
2158 4220 2467 4279 dialectum

203 4319 395 4377 fuisse
410 4360 426 4390 ‚
485 4314 780 4373 excultum
826 4325 1164 4392 temporum
1213 4332 1476 4373 successu
1494 4356 1513 4386 ,
1582 4332 1720 4396 cum
1775 4322 2101 4371 ceterorum
2142 4302 2469 4363 Ausonicae

201 4404 406 4481 sfirpis
435 4400 787 4479 populomm
815 4418 1004 4459 sermo
1033 4400 1332 4479 antiquam
1372 4399 1737 4477 asperitatem
1774 4400 2115 4455 retinuisset.
2200 4386 2471 4443 Habuere

1884 4495 2054 4566 10*

2540 251 2569 285 ἱ
