<?xml version="1.0" encoding="UTF-8"?>
<!DOCTYPE html PUBLIC "-//W3C//DTD XHTML 1.0 Transitional//EN"
    "http://www.w3.org/TR/xhtml1/DTD/xhtml1-transitional.dtd">
<html xmlns="http://www.w3.org/1999/xhtml" xml:lang="en" lang="en">
 <head>
  <title>
</title>
<meta http-equiv="Content-Type" content="text/html;charset=utf-8" />
  <meta name='ocr-system' content='tesseract 3.04.00' />
  <meta name='ocr-capabilities' content='ocr_page ocr_carea ocr_par ocr_line ocrx_word'/>
</head>
<body>
  <div class='ocr_page' id='page_1' title='image "./pvblivsvirgiliv00unkngoog_0461.png"; bbox 0 0 3009 5050; ppageno 0'>
   <div class='ocr_carea' id='block_1_1' title="bbox 562 409 2320 490">
    <p class='ocr_par' dir='ltr' id='par_1_1' title="bbox 562 409 2320 490">
     <span class='ocr_line' id='line_1_1' title="bbox 562 409 2320 490; baseline -0.003 0"><span class='ocrx_word' id='word_1_1' title='bbox 562 417 712 490; x_wconf 83' lang='lat'><strong><em>492</em></strong></span> <span class='ocrx_word' id='word_1_2' title='bbox 1048 412 1131 486; x_wconf 93' lang='lat' dir='ltr'><strong><em>P.</em></strong></span> <span class='ocrx_word' id='word_1_3' title='bbox 1184 410 1710 490; x_wconf 88' lang='lat' dir='ltr'>VIRGILII</span> <span class='ocrx_word' id='word_1_4' title='bbox 1763 409 2320 487; x_wconf 88' lang='lat' dir='ltr'><strong>MARONIS</strong></span> 
     </span>
    </p>
   </div>
   <div class='ocr_carea' id='block_1_2' title="bbox 557 593 2804 1006">
    <p class='ocr_par' dir='ltr' id='par_1_2' title="bbox 557 593 2804 800">
     <span class='ocr_line' id='line_1_2' title="bbox 557 593 2804 696; baseline -0.002 -22"><span class='ocrx_word' id='word_1_5' title='bbox 557 601 802 674; x_wconf 86' lang='lat' dir='ltr'><strong>Deest</strong></span> <span class='ocrx_word' id='word_1_6' title='bbox 830 595 985 670; x_wconf 85' lang='lat' dir='ltr'><strong><em>iam</em></strong></span> <span class='ocrx_word' id='word_1_7' title='bbox 1014 608 1223 670; x_wconf 84' lang='lat' dir='ltr'><strong><em>terra</em></strong></span> <span class='ocrx_word' id='word_1_8' title='bbox 1251 593 1519 693; x_wconf 80' lang='lat' dir='ltr'><strong><em>fugae:</em></strong></span> <span class='ocrx_word' id='word_1_9' title='bbox 1563 595 1887 695; x_wconf 85' lang='lat' dir='ltr'><strong><em>pelagus</em></strong></span> <span class='ocrx_word' id='word_1_10' title='bbox 1934 597 2364 672; x_wconf 79' lang='lat' dir='ltr'>Troiamne</span> <span class='ocrx_word' id='word_1_11' title='bbox 2385 606 2804 696; x_wconf 81' lang='lat' dir='ltr'><strong><em>petemus?</em></strong></span> 
     </span>
     <span class='ocr_line' id='line_1_3' title="bbox 558 697 2671 800; baseline 0 -25"><span class='ocrx_word' id='word_1_12' title='bbox 558 705 772 776; x_wconf 81' lang='lat' dir='ltr'><strong><em>Haec</em></strong></span> <span class='ocrx_word' id='word_1_13' title='bbox 814 701 953 794; x_wconf 83' lang='lat' dir='ltr'><strong><em>ait,</em></strong></span> <span class='ocrx_word' id='word_1_14' title='bbox 1007 711 1085 774; x_wconf 87' lang='lat' dir='ltr'><strong><em>et</em></strong></span> <span class='ocrx_word' id='word_1_15' title='bbox 1109 697 1423 776; x_wconf 88' lang='lat' dir='ltr'><strong><em>medius</em></strong></span> <span class='ocrx_word' id='word_1_16' title='bbox 1456 697 1746 774; x_wconf 88' lang='lat' dir='ltr'><strong><em>densos</em></strong></span> <span class='ocrx_word' id='word_1_17' title='bbox 1781 702 2232 800; x_wconf 86' lang='lat' dir='ltr'><strong>prorumpit</strong></span> <span class='ocrx_word' id='word_1_18' title='bbox 2265 698 2345 775; x_wconf 86' lang='lat' dir='ltr'><strong><em>in</em></strong></span> <span class='ocrx_word' id='word_1_19' title='bbox 2378 698 2671 777; x_wconf 79' lang='lat' dir='ltr'><strong><em>hostiS.</em></strong></span> 
     </span>
    </p>

    <p class='ocr_par' dir='ltr' id='par_1_3' title="bbox 558 801 2804 1006">
     <span class='ocr_line' id='line_1_4' title="bbox 563 801 2804 904; baseline -0 -22"><span class='ocrx_word' id='word_1_20' title='bbox 563 803 867 882; x_wconf 83' lang='lat' dir='ltr'><strong><em>Obvius</em></strong></span> <span class='ocrx_word' id='word_1_21' title='bbox 893 801 1078 877; x_wconf 90' lang='lat' dir='ltr'><strong><em>huic</em></strong></span> <span class='ocrx_word' id='word_1_22' title='bbox 1105 805 1494 902; x_wconf 87' lang='lat' dir='ltr'><strong><em>primum,</em></strong></span> <span class='ocrx_word' id='word_1_23' title='bbox 1549 802 1724 877; x_wconf 83' lang='lat' dir='ltr'><strong><em>fatis</em></strong></span> <span class='ocrx_word' id='word_1_24' title='bbox 1767 802 2154 878; x_wconf 82' lang='lat' dir='ltr'><strong><em>adductus</em></strong></span> <span class='ocrx_word' id='word_1_25' title='bbox 2181 803 2495 904; x_wconf 80' lang='lat' dir='ltr'><strong><em>iniquiS‚</em></strong></span> <span class='ocrx_word' id='word_1_26' title='bbox 2673 813 2804 881; x_wconf 87' lang='grc'><strong><em>380</em></strong></span> 
     </span>
     <span class='ocr_line' id='line_1_5' title="bbox 558 905 2802 1006; baseline -0.003 -20"><span class='ocrx_word' id='word_1_27' title='bbox 558 909 684 986; x_wconf 76' lang='lat' dir='ltr'><strong><em>Fit</em></strong></span> <span class='ocrx_word' id='word_1_28' title='bbox 710 911 992 1004; x_wconf 68' lang='lat' dir='ltr'><strong><em>Lagusa</em></strong></span> <span class='ocrx_word' id='word_1_29' title='bbox 1042 905 1281 1002; x_wconf 89' lang='lat' dir='ltr'><strong><em>hunc,</em></strong></span> <span class='ocrx_word' id='word_1_30' title='bbox 1314 927 1606 1003; x_wconf 83' lang='lat' dir='ltr'><strong><em>magno</em></strong></span> <span class='ocrx_word' id='word_1_31' title='bbox 1639 905 1860 982; x_wconf 80' lang='lat' dir='ltr'><strong><em>vellit</em></strong></span> <span class='ocrx_word' id='word_1_32' title='bbox 1881 905 2076 981; x_wconf 90' lang='lat' dir='ltr'><strong><em>dum</em></strong></span> <span class='ocrx_word' id='word_1_33' title='bbox 2107 907 2474 1006; x_wconf 88' lang='lat' dir='ltr'><strong><em>pondere</em></strong></span> <span class='ocrx_word' id='word_1_34' title='bbox 2515 931 2802 1000; x_wconf 84' lang='lat' dir='ltr'><strong><em>saxum,</em></strong></span> 
     </span>
    </p>
   </div>
   <div class='ocr_carea' id='block_1_3' title="bbox 559 1091 2804 2206">
    <p class='ocr_par' dir='ltr' id='par_1_4' title="bbox 559 1091 2804 2206">
     <span class='ocr_line' id='line_1_6' title="bbox 698 1091 2804 1166; baseline -0.002 -14"><span class='ocrx_word' id='word_1_35' title='bbox 698 1097 801 1152; x_wconf 81' lang='lat'><strong><em>378</em></strong></span> <span class='ocrx_word' id='word_1_36' title='bbox 833 1095 1079 1166; x_wconf 67' lang='lat' dir='ltr'><strong><em>Pelagus</em></strong></span> <span class='ocrx_word' id='word_1_37' title='bbox 1108 1091 1405 1149; x_wconf 55' lang='lat' dir='ltr'><strong><em>&#39;Troiamne</em></strong></span> <span class='ocrx_word' id='word_1_38' title='bbox 1439 1095 1544 1148; x_wconf 78' lang='lat' dir='ltr'><strong><em>hoe</em></strong></span> <span class='ocrx_word' id='word_1_39' title='bbox 1577 1105 1689 1161; x_wconf 75' lang='lat' dir='ltr'><strong><em>est,</em></strong></span> <span class='ocrx_word' id='word_1_40' title='bbox 1727 1106 1896 1148; x_wconf 83' lang='lat' dir='ltr'><strong><em>utrum</em></strong></span> <span class='ocrx_word' id='word_1_41' title='bbox 1929 1096 2148 1164; x_wconf 75' lang='lat' dir='ltr'><strong>Pelagus</strong></span> <span class='ocrx_word' id='word_1_42' title='bbox 2184 1115 2252 1149; x_wconf 84' lang='lat' dir='ltr'><strong><em>an</em></strong></span> <span class='ocrx_word' id='word_1_43' title='bbox 2285 1095 2504 1148; x_wconf 86' lang='lat' dir='ltr'><strong><em>Troiam</em></strong></span> <span class='ocrx_word' id='word_1_44' title='bbox 2523 1096 2554 1148; x_wconf 80' lang='lat'><strong><em>⁰?</em></strong></span> <span class='ocrx_word' id='word_1_45' title='bbox 2607 1096 2804 1164; x_wconf 77' lang='lat' dir='ltr'><strong><em>Pelago</em></strong></span> 
     </span>
     <span class='ocr_line' id='line_1_7' title="bbox 564 1165 2803 1235; baseline -0.003 -16"><span class='ocrx_word' id='word_1_46' title='bbox 564 1167 873 1228; x_wconf 75' lang='lat' dir='ltr'><strong><em>Troiamne,</em></strong></span> <span class='ocrx_word' id='word_1_47' title='bbox 923 1166 1087 1235; x_wconf 84' lang='lat' dir='ltr'><strong><em>(quod</em></strong></span> <span class='ocrx_word' id='word_1_48' title='bbox 1123 1175 1289 1217; x_wconf 75' lang='lat' dir='ltr'><strong><em>esset:</em></strong></span> <span class='ocrx_word' id='word_1_49' title='bbox 1340 1183 1461 1217; x_wconf 83' lang='lat' dir='ltr'><strong><em>num</em></strong></span> <span class='ocrx_word' id='word_1_50' title='bbox 1511 1166 1642 1218; x_wconf 86' lang='lat' dir='ltr'><strong><em>mari</em></strong></span> <span class='ocrx_word' id='word_1_51' title='bbox 1694 1166 1908 1218; x_wconf 82' lang='lat' dir='ltr'><strong><em>Troiam</em></strong></span> <span class='ocrx_word' id='word_1_52' title='bbox 1953 1183 2175 1232; x_wconf 78' lang='lat' dir='ltr'><strong><em>novam,</em></strong></span> <span class='ocrx_word' id='word_1_53' title='bbox 2225 1184 2340 1217; x_wconf 86' lang='lat' dir='ltr'><strong><em>nam</em></strong></span> <span class='ocrx_word' id='word_1_54' title='bbox 2375 1165 2686 1235; x_wconf 73' lang='lat' dir='ltr'><strong><em>antiquam,</em></strong></span> <span class='ocrx_word' id='word_1_55' title='bbox 2715 1167 2803 1215; x_wconf 78' lang='lat' dir='ltr'><strong><em>iam</em></strong></span> 
     </span>
     <span class='ocr_line' id='line_1_8' title="bbox 561 1233 2802 1305; baseline -0.003 -15"><span class='ocrx_word' id='word_1_56' title='bbox 561 1237 787 1290; x_wconf 71' lang='lat' dir='ltr'><strong><em>excisam</em></strong></span> <span class='ocrx_word' id='word_1_57' title='bbox 808 1275 824 1300; x_wconf 87' lang='lat'>,</span> <span class='ocrx_word' id='word_1_58' title='bbox 871 1235 1097 1287; x_wconf 74' lang='lat' dir='ltr'><strong><em>Arcades</em></strong></span> <span class='ocrx_word' id='word_1_59' title='bbox 1152 1245 1337 1304; x_wconf 77' lang='lat' dir='ltr'><strong><em>petere</em></strong></span> <span class='ocrx_word' id='word_1_60' title='bbox 1383 1235 1526 1287; x_wconf 86' lang='lat' dir='ltr'><strong><em>haud</em></strong></span> <span class='ocrx_word' id='word_1_61' title='bbox 1577 1245 1858 1302; x_wconf 79' lang='lat' dir='ltr'><strong><em>poterant,</em></strong></span> <span class='ocrx_word' id='word_1_62' title='bbox 1904 1237 2184 1305; x_wconf 85' lang='lat' dir='ltr'><strong><em>petendam</em></strong></span> <span class='ocrx_word' id='word_1_63' title='bbox 2225 1255 2338 1287; x_wconf 73' lang='lat' dir='ltr'><strong><em>ease</em></strong></span> <span class='ocrx_word' id='word_1_64' title='bbox 2373 1235 2661 1303; x_wconf 76' lang='lat' dir='ltr'><strong><em>putatia?)</em></strong></span> <span class='ocrx_word' id='word_1_65' title='bbox 2697 1233 2802 1286; x_wconf 76' lang='lat' dir='ltr'><strong><em>edd.</em></strong></span> 
     </span>
     <span class='ocr_line' id='line_1_9' title="bbox 561 1303 2802 1374; baseline -0.002 -16"><span class='ocrx_word' id='word_1_66' title='bbox 561 1305 735 1373; x_wconf 79' lang='lat' dir='ltr'><strong><em>vulgg.</em></strong></span> <span class='ocrx_word' id='word_1_67' title='bbox 786 1314 907 1357; x_wconf 87' lang='lat' dir='ltr'><strong><em>ante</em></strong></span> <span class='ocrx_word' id='word_1_68' title='bbox 960 1305 1158 1369; x_wconf 66' lang='lat' dir='ltr'><strong><em>Heius„</em></strong></span> <span class='ocrx_word' id='word_1_69' title='bbox 1206 1323 1319 1356; x_wconf 81' lang='lat' dir='ltr'><strong><em>cum</em></strong></span> <span class='ocrx_word' id='word_1_70' title='bbox 1366 1315 1540 1356; x_wconf 84' lang='lat' dir='ltr'><strong><em>tamen</em></strong></span> <span class='ocrx_word' id='word_1_71' title='bbox 1592 1305 1764 1370; x_wconf 64' lang='lat' dir='ltr'><strong><em>codd„</em></strong></span> <span class='ocrx_word' id='word_1_72' title='bbox 1813 1305 1952 1374; x_wconf 88' lang='lat' dir='ltr'><strong><em>quod</em></strong></span> <span class='ocrx_word' id='word_1_73' title='bbox 2001 1317 2056 1356; x_wconf 89' lang='lat' dir='ltr'><strong><em>et</em></strong></span> <span class='ocrx_word' id='word_1_74' title='bbox 2090 1305 2291 1356; x_wconf 70' lang='lat' dir='ltr'><strong><em>Pierius·</em></strong></span> <span class='ocrx_word' id='word_1_75' title='bbox 2325 1305 2534 1356; x_wconf 82' lang='lat' dir='ltr'><strong><em>monuit</em></strong></span> <span class='ocrx_word' id='word_1_76' title='bbox 2576 1306 2647 1357; x_wconf 82' lang='lat' dir='ltr'><strong><em>de</em></strong></span> <span class='ocrx_word' id='word_1_77' title='bbox 2696 1303 2802 1366; x_wconf 67' lang='lat' dir='ltr'><strong><em>suis,</em></strong></span> 
     </span>
     <span class='ocr_line' id='line_1_10' title="bbox 562 1373 2802 1442; baseline -0.002 -14"><span class='ocrx_word' id='word_1_78' title='bbox 562 1386 861 1428; x_wconf 73' lang='lat' dir='ltr'><strong>constanter</strong></span> <span class='ocrx_word' id='word_1_79' title='bbox 898 1375 1158 1426; x_wconf 82' lang='lat' dir='ltr'><strong><em>habeant:</em></strong></span> <span class='ocrx_word' id='word_1_80' title='bbox 1195 1375 1439 1442; x_wconf 68' lang='lat' dir='ltr'><strong><em>Pelagus</em></strong></span> <span class='ocrx_word' id='word_1_81' title='bbox 1478 1377 1785 1426; x_wconf 79' lang='lat' dir='ltr'><strong><em>Troiamne.</em></strong></span> <span class='ocrx_word' id='word_1_82' title='bbox 1855 1373 1972 1426; x_wconf 73' lang='lat' dir='ltr'><strong><em>Nisi</em></strong></span> <span class='ocrx_word' id='word_1_83' title='bbox 2045 1375 2146 1426; x_wconf 84' lang='lat' dir='ltr'><strong><em>uod</em></strong></span> <span class='ocrx_word' id='word_1_84' title='bbox 2183 1375 2320 1426; x_wconf 88' lang='lat' dir='ltr'><strong><em>Gud.</em></strong></span> <span class='ocrx_word' id='word_1_85' title='bbox 2357 1384 2414 1426; x_wconf 86' lang='lat' dir='ltr'><strong><em>et</em></strong></span> <span class='ocrx_word' id='word_1_86' title='bbox 2446 1376 2610 1427; x_wconf 67' lang='lat' dir='ltr'><strong><em>Laid.</em></strong></span> <span class='ocrx_word' id='word_1_87' title='bbox 2647 1374 2802 1425; x_wconf 78' lang='lat' dir='ltr'><strong><em>Pela-</em></strong></span> 
     </span>
     <span class='ocr_line' id='line_1_11' title="bbox 559 1443 2800 1516; baseline -0.002 -20"><span class='ocrx_word' id='word_1_88' title='bbox 559 1463 668 1516; x_wconf 72' lang='lat' dir='ltr'><strong><em>gus</em></strong></span> <span class='ocrx_word' id='word_1_89' title='bbox 708 1447 961 1498; x_wconf 79' lang='lat' dir='ltr'><strong><em>Troiane.</em></strong></span> <span class='ocrx_word' id='word_1_90' title='bbox 1031 1443 1284 1496; x_wconf 81' lang='lat' dir='ltr'><strong><em>Montalb.</em></strong></span> <span class='ocrx_word' id='word_1_91' title='bbox 1325 1447 1542 1496; x_wconf 80' lang='lat' dir='ltr'><strong><em>Troiam</em></strong></span> <span class='ocrx_word' id='word_1_92' title='bbox 1571 1445 1893 1513; x_wconf 65' lang='lat' dir='ltr'><strong><em>pelagiane.</em></strong></span> <span class='ocrx_word' id='word_1_93' title='bbox 1959 1445 2000 1494; x_wconf 89' lang='lat' dir='ltr'>E</span> <span class='ocrx_word' id='word_1_94' title='bbox 2041 1482 2054 1494; x_wconf 89' lang='lat'>.</span> <span class='ocrx_word' id='word_1_95' title='bbox 2091 1461 2170 1512; x_wconf 84' lang='lat' dir='ltr'><strong><em>pr.</em></strong></span> <span class='ocrx_word' id='word_1_96' title='bbox 2207 1445 2377 1495; x_wconf 84' lang='lat' dir='ltr'><strong><em>Burm.</em></strong></span> <span class='ocrx_word' id='word_1_97' title='bbox 2411 1447 2674 1515; x_wconf 70' lang='lat' dir='ltr'><strong><em>Pelagus</em></strong></span> <span class='ocrx_word' id='word_1_98' title='bbox 2695 1457 2800 1494; x_wconf 71' lang='lat' dir='ltr'><strong><em>ter-</em></strong></span> 
     </span>
     <span class='ocr_line' id='line_1_12' title="bbox 563 1513 2798 1584; baseline -0.002 -19"><span class='ocrx_word' id='word_1_99' title='bbox 563 1533 766 1566; x_wconf 75' lang='lat' dir='ltr'><strong><em>ramne.</em></strong></span> <span class='ocrx_word' id='word_1_100' title='bbox 834 1515 887 1564; x_wconf 83' lang='lat' dir='ltr'>M</span> <span class='ocrx_word' id='word_1_101' title='bbox 894 1513 1051 1565; x_wconf 87' lang='lat' dir='ltr'><strong><em>ediol.</em></strong></span> <span class='ocrx_word' id='word_1_102' title='bbox 1100 1514 1341 1582; x_wconf 70' lang='lat' dir='ltr'><strong><em>Pelagos</em></strong></span> <span class='ocrx_word' id='word_1_103' title='bbox 1392 1515 1696 1569; x_wconf 80' lang='lat' dir='ltr'><strong><em>Troiamne.</em></strong></span> <span class='ocrx_word' id='word_1_104' title='bbox 1781 1514 1945 1564; x_wconf 83' lang='lat' dir='ltr'><strong><em>Porro</em></strong></span> <span class='ocrx_word' id='word_1_105' title='bbox 1972 1526 2229 1584; x_wconf 70' lang='lat' dir='ltr'><strong><em>petamus</em></strong></span> <span class='ocrx_word' id='word_1_106' title='bbox 2262 1513 2450 1566; x_wconf 85' lang='lat' dir='ltr'><strong><em>Medic.</em></strong></span> <span class='ocrx_word' id='word_1_107' title='bbox 2501 1533 2538 1565; x_wconf 71' lang='lat' dir='ltr'><strong><em>a</em></strong></span> <span class='ocrx_word' id='word_1_108' title='bbox 2591 1532 2664 1564; x_wconf 86' lang='lat' dir='ltr'><strong><em>m.</em></strong></span> <span class='ocrx_word' id='word_1_109' title='bbox 2709 1529 2798 1562; x_wconf 79' lang='lat' dir='ltr'><strong><em>sec.</em></strong></span> 
     </span>
     <span class='ocr_line' id='line_1_13' title="bbox 561 1581 2800 1654; baseline -0.002 -19"><span class='ocrx_word' id='word_1_110' title='bbox 561 1585 699 1636; x_wconf 80' lang='lat' dir='ltr'><strong><em>Gud.</em></strong></span> <span class='ocrx_word' id='word_1_111' title='bbox 736 1591 791 1634; x_wconf 79' lang='lat' dir='ltr'><strong><em>et</em></strong></span> <span class='ocrx_word' id='word_1_112' title='bbox 825 1582 961 1633; x_wconf 80' lang='lat' dir='ltr'><strong><em>alter</em></strong></span> <span class='ocrx_word' id='word_1_113' title='bbox 995 1584 1210 1634; x_wconf 82' lang='lat' dir='ltr'><strong><em>Mentel.</em></strong></span> <span class='ocrx_word' id='word_1_114' title='bbox 1263 1599 1379 1633; x_wconf 78' lang='lat' dir='ltr'><strong><em>eum</em></strong></span> <span class='ocrx_word' id='word_1_115' title='bbox 1413 1581 1530 1633; x_wconf 69' lang='lat' dir='ltr'><strong><em>aliia</em></strong></span> <span class='ocrx_word' id='word_1_116' title='bbox 1565 1583 1736 1633; x_wconf 71' lang='lat' dir='ltr'><strong><em>Burin.</em></strong></span> <span class='ocrx_word' id='word_1_117' title='bbox 1775 1593 1832 1632; x_wconf 84' lang='lat' dir='ltr'><strong><em>et</em></strong></span> <span class='ocrx_word' id='word_1_118' title='bbox 1864 1600 1978 1634; x_wconf 79' lang='lat' dir='ltr'><strong><em>cum</em></strong></span> <span class='ocrx_word' id='word_1_119' title='bbox 2013 1582 2216 1650; x_wconf 79' lang='lat' dir='ltr'><strong><em>aliquot</em></strong></span> <span class='ocrx_word' id='word_1_120' title='bbox 2247 1583 2433 1646; x_wconf 84' lang='lat' dir='ltr'><strong><em>Pierii,</em></strong></span> <span class='ocrx_word' id='word_1_121' title='bbox 2481 1584 2584 1652; x_wconf 85' lang='lat' dir='ltr'><strong><em>qui</em></strong></span> <span class='ocrx_word' id='word_1_122' title='bbox 2611 1585 2800 1654; x_wconf 70' lang='lat' dir='ltr'><strong><em>petetis</em></strong></span> 
     </span>
     <span class='ocr_line' id='line_1_14' title="bbox 562 1651 2796 1724; baseline -0.001 -18"><span class='ocrx_word' id='word_1_123' title='bbox 562 1671 629 1706; x_wconf 78' lang='lat' dir='ltr'><strong><em>ex</em></strong></span> <span class='ocrx_word' id='word_1_124' title='bbox 662 1652 783 1704; x_wconf 83' lang='lat' dir='ltr'><strong><em>edd.</em></strong></span> <span class='ocrx_word' id='word_1_125' title='bbox 817 1661 945 1704; x_wconf 79' lang='lat' dir='ltr'><strong><em>vett.</em></strong></span> <span class='ocrx_word' id='word_1_126' title='bbox 982 1652 1175 1714; x_wconf 77' lang='lat' dir='ltr'><strong><em>habet,</em></strong></span> <span class='ocrx_word' id='word_1_127' title='bbox 1226 1652 1369 1720; x_wconf 87' lang='lat' dir='ltr'><strong><em>quod</em></strong></span> <span class='ocrx_word' id='word_1_128' title='bbox 1404 1662 1460 1703; x_wconf 85' lang='lat' dir='ltr'><strong><em>et</em></strong></span> <span class='ocrx_word' id='word_1_129' title='bbox 1492 1652 1550 1702; x_wconf 86' lang='lat' dir='ltr'><strong><em>in</em></strong></span> <span class='ocrx_word' id='word_1_130' title='bbox 1584 1651 1746 1703; x_wconf 85' lang='lat' dir='ltr'><strong><em>Goth.</em></strong></span> <span class='ocrx_word' id='word_1_131' title='bbox 1779 1669 1860 1721; x_wconf 91' lang='lat' dir='ltr'><strong><em>pr.</em></strong></span> <span class='ocrx_word' id='word_1_132' title='bbox 1897 1652 2152 1717; x_wconf 84' lang='lat' dir='ltr'><strong><em>occurrit,</em></strong></span> <span class='ocrx_word' id='word_1_133' title='bbox 2185 1651 2374 1721; x_wconf 81' lang='lat' dir='ltr'><strong><em>reliqui</em></strong></span> <span class='ocrx_word' id='word_1_134' title='bbox 2401 1656 2644 1724; x_wconf 74' lang='lat' dir='ltr'><strong><em>pecatis.</em></strong></span> <span class='ocrx_word' id='word_1_135' title='bbox 2679 1661 2694 1714; x_wconf 62' lang='grc' dir='ltr'><strong>ι</strong></span> <span class='ocrx_word' id='word_1_136' title='bbox 2711 1668 2796 1720; x_wconf 76' lang='lat' dir='ltr'><strong><em>pe-</em></strong></span> 
     </span>
     <span class='ocr_line' id='line_1_15' title="bbox 563 1720 2796 1793; baseline -0.002 -19"><span class='ocrx_word' id='word_1_137' title='bbox 563 1733 745 1774; x_wconf 69' lang='lat' dir='ltr'><strong><em>tamue</em></strong></span> <span class='ocrx_word' id='word_1_138' title='bbox 792 1731 872 1772; x_wconf 72' lang='lat' dir='ltr'><strong><em>eat</em></strong></span> <span class='ocrx_word' id='word_1_139' title='bbox 903 1720 1065 1774; x_wconf 85' lang='lat' dir='ltr'><strong><em>altera</em></strong></span> <span class='ocrx_word' id='word_1_140' title='bbox 1100 1722 1257 1773; x_wconf 77' lang='lat' dir='ltr'><strong><em>lectio</em></strong></span> <span class='ocrx_word' id='word_1_141' title='bbox 1292 1721 1533 1773; x_wconf 79' lang='lat' dir='ltr'><strong><em>Medicei.</em></strong></span> <span class='ocrx_word' id='word_1_142' title='bbox 1573 1723 1719 1788; x_wconf 83' lang='lat' dir='ltr'><strong><em>Wr.)</em></strong></span> <span class='ocrx_word' id='word_1_143' title='bbox 1805 1723 2014 1793; x_wconf 76' lang='lat' dir='ltr'><strong><em>Pelago</em></strong></span> <span class='ocrx_word' id='word_1_144' title='bbox 2046 1724 2356 1773; x_wconf 72' lang='lat' dir='ltr'><strong><em>Lot-namne</em></strong></span> <span class='ocrx_word' id='word_1_145' title='bbox 2384 1735 2647 1793; x_wconf 73' lang='lat' dir='ltr'><strong><em>petemus</em></strong></span> <span class='ocrx_word' id='word_1_146' title='bbox 2678 1723 2726 1771; x_wconf 89' lang='lat' dir='ltr'><strong><em>h.</em></strong></span> <span class='ocrx_word' id='word_1_147' title='bbox 2757 1737 2796 1770; x_wconf 82' lang='lat' dir='ltr'><strong><em>e.</em></strong></span> 
     </span>
     <span class='ocr_line' id='line_1_16' title="bbox 560 1790 2795 1862; baseline -0.002 -19"><span class='ocrx_word' id='word_1_148' title='bbox 560 1790 835 1843; x_wconf 76' lang='lat' dir='ltr'><strong><em>Arcadiam</em></strong></span> <span class='ocrx_word' id='word_1_149' title='bbox 854 1827 869 1854; x_wconf 86' lang='lat'><strong>,</strong></span> <span class='ocrx_word' id='word_1_150' title='bbox 903 1791 1019 1856; x_wconf 80' lang='lat' dir='ltr'>vel,</span> <span class='ocrx_word' id='word_1_151' title='bbox 1066 1791 1485 1842; x_wconf 72' lang='lat' dir='ltr'><strong><em>Pallanteamne</em></strong></span> <span class='ocrx_word' id='word_1_152' title='bbox 1513 1803 1793 1862; x_wconf 71' lang='lat' dir='ltr'><strong><em>petemus,</em></strong></span> <span class='ocrx_word' id='word_1_153' title='bbox 1841 1791 2114 1858; x_wconf 76' lang='lat' dir='ltr'><strong><em>ingeniose</em></strong></span> <span class='ocrx_word' id='word_1_154' title='bbox 2151 1792 2388 1844; x_wconf 82' lang='lat' dir='ltr'><strong><em>tentabat</em></strong></span> <span class='ocrx_word' id='word_1_155' title='bbox 2421 1793 2494 1842; x_wconf 84' lang='lat' dir='ltr'><strong><em>lo.</em></strong></span> <span class='ocrx_word' id='word_1_156' title='bbox 2533 1791 2795 1844; x_wconf 78' lang='lat' dir='ltr'><strong><em>Schrader.</em></strong></span> 
     </span>
     <span class='ocr_line' id='line_1_17' title="bbox 564 1859 2794 1931; baseline -0.001 -20"><span class='ocrx_word' id='word_1_157' title='bbox 564 1859 623 1911; x_wconf 73' lang='lat' dir='ltr'><strong><em>in</em></strong></span> <span class='ocrx_word' id='word_1_158' title='bbox 656 1859 879 1910; x_wconf 73' lang='lat' dir='ltr'><strong><em>schedia.</em></strong></span> <span class='ocrx_word' id='word_1_159' title='bbox 926 1860 1053 1924; x_wconf 81' lang='lat' dir='ltr'><strong><em>(vid.</em></strong></span> <span class='ocrx_word' id='word_1_160' title='bbox 1105 1861 1235 1912; x_wconf 83' lang='lat' dir='ltr'><strong><em>Not.</em></strong></span> <span class='ocrx_word' id='word_1_161' title='bbox 1293 1863 1433 1924; x_wconf 83' lang='lat' dir='ltr'><strong><em>Wr.)</em></strong></span> <span class='ocrx_word' id='word_1_162' title='bbox 1572 1860 1675 1914; x_wconf 80' lang='grc'><strong><em>379</em></strong></span> <span class='ocrx_word' id='word_1_163' title='bbox 1709 1863 1972 1931; x_wconf 64' lang='lat' dir='ltr'><strong><em>prorupit</em></strong></span> <span class='ocrx_word' id='word_1_164' title='bbox 2001 1861 2241 1916; x_wconf 67' lang='lat' dir='ltr'><strong><em>Parthas.</em></strong></span> <span class='ocrx_word' id='word_1_165' title='bbox 2311 1861 2547 1926; x_wconf 80' lang='lat' dir='ltr'><strong><em>(Invenit</em></strong></span> <span class='ocrx_word' id='word_1_166' title='bbox 2585 1864 2642 1912; x_wconf 80' lang='lat' dir='ltr'><strong><em>in</em></strong></span> <span class='ocrx_word' id='word_1_167' title='bbox 2675 1877 2794 1920; x_wconf 63' lang='lat' dir='ltr'><strong><em>mss„</em></strong></span> 
     </span>
     <span class='ocr_line' id='line_1_18' title="bbox 568 1928 2792 2000; baseline 0 -20"><span class='ocrx_word' id='word_1_168' title='bbox 568 1928 752 1980; x_wconf 79' lang='lat' dir='ltr'><strong><em>nescio</em></strong></span> <span class='ocrx_word' id='word_1_169' title='bbox 788 1928 1001 1997; x_wconf 74' lang='lat' dir='ltr'><strong><em>quibus,</em></strong></span> <span class='ocrx_word' id='word_1_170' title='bbox 1042 1931 1246 1982; x_wconf 69' lang='lat' dir='ltr'><strong><em>densos</em></strong></span> <span class='ocrx_word' id='word_1_171' title='bbox 1278 1931 1486 1981; x_wconf 71' lang='lat' dir='ltr'><strong><em>medius</em></strong></span> <span class='ocrx_word' id='word_1_172' title='bbox 1516 1932 1772 2000; x_wconf 76' lang='lat' dir='ltr'><strong><em>irrumpit</em></strong></span> <span class='ocrx_word' id='word_1_173' title='bbox 1803 1930 2010 1980; x_wconf 73' lang='lat' dir='ltr'><strong><em>Con-tina</em></strong></span> <span class='ocrx_word' id='word_1_174' title='bbox 2043 1930 2110 1980; x_wconf 82' lang='lat' dir='ltr'><strong><em>ad</em></strong></span> <span class='ocrx_word' id='word_1_175' title='bbox 2145 1931 2334 1982; x_wconf 82' lang='lat' dir='ltr'><strong><em>Lucan.</em></strong></span> <span class='ocrx_word' id='word_1_176' title='bbox 2369 1933 2461 1992; x_wconf 75' lang='lat' dir='ltr'><strong><em>iv,</em></strong></span> <span class='ocrx_word' id='word_1_177' title='bbox 2492 1933 2627 1985; x_wconf 85' lang='lat'><strong>778.</strong></span> <span class='ocrx_word' id='word_1_178' title='bbox 2667 1928 2792 1990; x_wconf 76' lang='lat' dir='ltr'><strong><em>lVr.)</em></strong></span> 
     </span>
     <span class='ocr_line' id='line_1_19' title="bbox 563 1998 2795 2068; baseline -0.002 -17"><span class='ocrx_word' id='word_1_179' title='bbox 563 1999 669 2052; x_wconf 82' lang='lat'><strong><em>380</em></strong></span> <span class='ocrx_word' id='word_1_180' title='bbox 689 1999 839 2066; x_wconf 68' lang='lat' dir='ltr'><strong><em>sotis</em></strong></span> <span class='ocrx_word' id='word_1_181' title='bbox 868 2001 1099 2068; x_wconf 81' lang='lat' dir='ltr'><strong><em>primum</em></strong></span> <span class='ocrx_word' id='word_1_182' title='bbox 1133 1998 1400 2050; x_wconf 70' lang='lat' dir='ltr'><strong><em>deductas</em></strong></span> <span class='ocrx_word' id='word_1_183' title='bbox 1431 2000 1567 2050; x_wconf 80' lang='lat' dir='ltr'><strong><em>Veu.</em></strong></span> <span class='ocrx_word' id='word_1_184' title='bbox 1640 1998 1910 2051; x_wconf 68' lang='lat' dir='ltr'><strong><em>deductu-5</em></strong></span> <span class='ocrx_word' id='word_1_185' title='bbox 1957 1999 2112 2050; x_wconf 78' lang='lat' dir='ltr'><strong><em>etiam</em></strong></span> <span class='ocrx_word' id='word_1_186' title='bbox 2147 1999 2311 2051; x_wconf 86' lang='lat' dir='ltr'><strong><em>Goth.</em></strong></span> <span class='ocrx_word' id='word_1_187' title='bbox 2343 2009 2468 2052; x_wconf 84' lang='lat' dir='ltr'><strong><em>tert.</em></strong></span> <span class='ocrx_word' id='word_1_188' title='bbox 2545 2001 2795 2052; x_wconf 65' lang='lat' dir='ltr'><strong><em>advectu</em></strong></span> 
     </span>
     <span class='ocr_line' id='line_1_20' title="bbox 560 2066 2786 2138; baseline -0.001 -19"><span class='ocrx_word' id='word_1_189' title='bbox 560 2069 801 2119; x_wconf 72' lang='lat' dir='ltr'><strong><em>Pan-han.</em></strong></span> <span class='ocrx_word' id='word_1_190' title='bbox 904 2067 1004 2123; x_wconf 79' lang='lat'><strong><em>381</em></strong></span> <span class='ocrx_word' id='word_1_191' title='bbox 1040 2071 1128 2120; x_wconf 70' lang='lat' dir='ltr'><strong><em>laio</em></strong></span> <span class='ocrx_word' id='word_1_192' title='bbox 1162 2069 1369 2136; x_wconf 86' lang='lat' dir='ltr'><strong><em>quidam</em></strong></span> <span class='ocrx_word' id='word_1_193' title='bbox 1404 2066 1530 2119; x_wconf 84' lang='lat' dir='ltr'><strong><em>olim</em></strong></span> <span class='ocrx_word' id='word_1_194' title='bbox 1579 2069 1700 2120; x_wconf 83' lang='lat' dir='ltr'><strong><em>edd.</em></strong></span> <span class='ocrx_word' id='word_1_195' title='bbox 1734 2068 1873 2136; x_wconf 82' lang='lat' dir='ltr'><strong><em>apud</em></strong></span> <span class='ocrx_word' id='word_1_196' title='bbox 1917 2067 2052 2119; x_wconf 81' lang='lat' dir='ltr'><strong><em>Pier.</em></strong></span> <span class='ocrx_word' id='word_1_197' title='bbox 2121 2070 2276 2120; x_wconf 70' lang='lat' dir='ltr'><strong><em>vellit</em></strong></span> <span class='ocrx_word' id='word_1_198' title='bbox 2319 2086 2521 2138; x_wconf 86' lang='lat' dir='ltr'><strong><em>magno</em></strong></span> <span class='ocrx_word' id='word_1_199' title='bbox 2569 2072 2714 2120; x_wconf 77' lang='lat' dir='ltr'><strong><em>Rom.</em></strong></span> <span class='ocrx_word' id='word_1_200' title='bbox 2746 2077 2786 2116; x_wconf 79' lang='lat' dir='ltr'><strong><em>et</em></strong></span> 
     </span>
     <span class='ocr_line' id='line_1_21' title="bbox 564 2136 2792 2206; baseline -0.001 -17"><span class='ocrx_word' id='word_1_201' title='bbox 564 2136 767 2206; x_wconf 82' lang='lat' dir='ltr'><strong><em>aliquot</em></strong></span> <span class='ocrx_word' id='word_1_202' title='bbox 798 2137 981 2192; x_wconf 79' lang='lat' dir='ltr'><strong><em>Hoim.</em></strong></span> <span class='ocrx_word' id='word_1_203' title='bbox 1018 2155 1080 2192; x_wconf 78' lang='lat' dir='ltr'><strong><em>ae</em></strong></span> <span class='ocrx_word' id='word_1_204' title='bbox 1117 2141 1287 2190; x_wconf 86' lang='lat' dir='ltr'><strong><em>Burm.</em></strong></span> <span class='ocrx_word' id='word_1_205' title='bbox 1320 2155 1436 2190; x_wconf 81' lang='lat' dir='ltr'><strong><em>cum</em></strong></span> <span class='ocrx_word' id='word_1_206' title='bbox 1470 2137 1609 2190; x_wconf 69' lang='lat' dir='ltr'><strong><em>binis</em></strong></span> <span class='ocrx_word' id='word_1_207' title='bbox 1642 2138 1802 2190; x_wconf 84' lang='lat' dir='ltr'><strong><em>Goth.</em></strong></span> <span class='ocrx_word' id='word_1_208' title='bbox 1837 2147 1894 2189; x_wconf 82' lang='lat' dir='ltr'><strong><em>et</em></strong></span> <span class='ocrx_word' id='word_1_209' title='bbox 1927 2139 2035 2190; x_wconf 79' lang='lat' dir='ltr'><strong><em>Ms.</em></strong></span> <span class='ocrx_word' id='word_1_210' title='bbox 2071 2141 2349 2205; x_wconf 63' lang='lat' dir='ltr'><strong><em>Bernman„</em></strong></span> <span class='ocrx_word' id='word_1_211' title='bbox 2393 2139 2536 2190; x_wconf 83' lang='lat' dir='ltr'><strong><em>unde</em></strong></span> <span class='ocrx_word' id='word_1_212' title='bbox 2586 2153 2792 2190; x_wconf 80' lang='lat' dir='ltr'><strong><em>revoca-</em></strong></span> 
     </span>
    </p>
   </div>
   <div class='ocr_carea' id='block_1_4' title="bbox 485 2313 1648 4545">
    <p class='ocr_par' dir='ltr' id='par_1_5' title="bbox 485 2313 1648 4545">
     <span class='ocr_line' id='line_1_22' title="bbox 496 2313 1640 2397; baseline 0.003 -25"><span class='ocrx_word' id='word_1_213' title='bbox 496 2329 503 2351; x_wconf 66' lang='lat'>*</span> <span class='ocrx_word' id='word_1_214' title='bbox 561 2316 677 2372; x_wconf 78' lang='lat' dir='ltr'><strong><em>tius</em></strong></span> <span class='ocrx_word' id='word_1_215' title='bbox 702 2313 862 2372; x_wconf 87' lang='lat' dir='ltr'><strong><em>idem</em></strong></span> <span class='ocrx_word' id='word_1_216' title='bbox 889 2326 1077 2396; x_wconf 88' lang='lat' dir='ltr'><strong><em>patet,</em></strong></span> <span class='ocrx_word' id='word_1_217' title='bbox 1123 2335 1301 2396; x_wconf 88' lang='lat' dir='ltr'><strong><em>quam</em></strong></span> <span class='ocrx_word' id='word_1_218' title='bbox 1341 2327 1552 2397; x_wconf 85' lang='lat' dir='ltr'><strong><em>pontus</em></strong></span> <span class='ocrx_word' id='word_1_219' title='bbox 1581 2329 1640 2376; x_wconf 87' lang='lat' dir='ltr'><strong><em>et</em></strong></span> 
     </span>
     <span class='ocr_line' id='line_1_23' title="bbox 560 2402 1640 2483; baseline 0.006 -27"><span class='ocrx_word' id='word_1_220' title='bbox 560 2402 818 2480; x_wconf 81' lang='lat' dir='ltr'><strong><em>pelagus,</em></strong></span> <span class='ocrx_word' id='word_1_221' title='bbox 850 2421 999 2483; x_wconf 84' lang='lat' dir='ltr'><strong><em>quae</em></strong></span> <span class='ocrx_word' id='word_1_222' title='bbox 1018 2404 1191 2460; x_wconf 84' lang='lat' dir='ltr'><strong><em>maris</em></strong></span> <span class='ocrx_word' id='word_1_223' title='bbox 1219 2405 1455 2462; x_wconf 87' lang='lat' dir='ltr'><strong><em>notione</em></strong></span> <span class='ocrx_word' id='word_1_224' title='bbox 1471 2424 1640 2462; x_wconf 83' lang='lat' dir='ltr'><strong><em>oom-</em></strong></span> 
     </span>
     <span class='ocr_line' id='line_1_24' title="bbox 485 2485 1641 2576; baseline 0.004 -33"><span class='ocrx_word' id='word_1_225' title='bbox 485 2553 506 2576; x_wconf 53' lang='lat'><strong>·</strong></span> <span class='ocrx_word' id='word_1_226' title='bbox 558 2485 841 2567; x_wconf 83' lang='lat' dir='ltr'><strong><em>prehensa</em></strong></span> <span class='ocrx_word' id='word_1_227' title='bbox 868 2497 1020 2547; x_wconf 83' lang='lat' dir='ltr'><strong><em>sunt.</em></strong></span> <span class='ocrx_word' id='word_1_228' title='bbox 1068 2489 1117 2545; x_wconf 92' lang='lat' dir='ltr'>P</span> <span class='ocrx_word' id='word_1_229' title='bbox 1136 2499 1357 2549; x_wconf 89' lang='lat' dir='ltr'><strong><em>ontus</em></strong></span> <span class='ocrx_word' id='word_1_230' title='bbox 1389 2500 1471 2549; x_wconf 87' lang='lat' dir='ltr'><strong><em>est</em></strong></span> <span class='ocrx_word' id='word_1_231' title='bbox 1499 2509 1641 2571; x_wconf 87' lang='lat' dir='ltr'><strong><em>pro-</em></strong></span> 
     </span>
     <span class='ocr_line' id='line_1_25' title="bbox 558 2571 1640 2655; baseline 0.002 -25"><span class='ocrx_word' id='word_1_232' title='bbox 558 2571 809 2631; x_wconf 83' lang='lat' dir='ltr'><strong><em>fundum</em></strong></span> <span class='ocrx_word' id='word_1_233' title='bbox 828 2618 844 2650; x_wconf 88' lang='lat'>,</span> <span class='ocrx_word' id='word_1_234' title='bbox 875 2586 934 2633; x_wconf 86' lang='lat' dir='ltr'><strong><em>et</em></strong></span> <span class='ocrx_word' id='word_1_235' title='bbox 959 2577 1150 2654; x_wconf 85' lang='lat' dir='ltr'><strong><em>ipsum</em></strong></span> <span class='ocrx_word' id='word_1_236' title='bbox 1177 2595 1307 2634; x_wconf 83' lang='lat' dir='ltr'><strong><em>voc.</em></strong></span> <span class='ocrx_word' id='word_1_237' title='bbox 1327 2576 1580 2655; x_wconf 66' lang='lat' dir='ltr'><strong><em>fundus</em></strong></span> <span class='ocrx_word' id='word_1_238' title='bbox 1607 2596 1640 2632; x_wconf 92' lang='lat' dir='ltr'>e</span> 
     </span>
     <span class='ocr_line' id='line_1_26' title="bbox 564 2656 1640 2738; baseline 0.002 -21"><span class='ocrx_word' id='word_1_239' title='bbox 564 2660 787 2718; x_wconf 81' lang='lat' dir='ltr'><strong><em>Graeco</em></strong></span> <span class='ocrx_word' id='word_1_240' title='bbox 846 2656 1060 2731; x_wconf 76' lang='grc' dir='ltr'><strong><em>πόντος</em></strong></span> <span class='ocrx_word' id='word_1_241' title='bbox 1114 2661 1337 2719; x_wconf 78' lang='lat' dir='ltr'><strong><em>factum</em></strong></span> <span class='ocrx_word' id='word_1_242' title='bbox 1378 2661 1640 2738; x_wconf 73' lang='lat' dir='ltr'><strong><em>videturr,</em></strong></span> 
     </span>
     <span class='ocr_line' id='line_1_27' title="bbox 558 2742 1639 2825; baseline 0.003 -23"><span class='ocrx_word' id='word_1_243' title='bbox 558 2742 698 2803; x_wconf 83' lang='lat' dir='ltr'><strong><em>hinc</em></strong></span> <span class='ocrx_word' id='word_1_244' title='bbox 728 2748 847 2825; x_wconf 86' lang='lat' dir='ltr'><strong><em>ipse</em></strong></span> <span class='ocrx_word' id='word_1_245' title='bbox 888 2743 1209 2825; x_wconf 84' lang='lat' dir='ltr'><strong><em>profundus</em></strong></span> <span class='ocrx_word' id='word_1_246' title='bbox 1252 2746 1461 2806; x_wconf 82' lang='lat' dir='ltr'><strong><em>dicitur</em></strong></span> <span class='ocrx_word' id='word_1_247' title='bbox 1488 2749 1639 2805; x_wconf 87' lang='lat' dir='ltr'><strong><em>Aen.</em></strong></span> 
     </span>
     <span class='ocr_line' id='line_1_28' title="bbox 560 2831 1639 2910; baseline 0.002 -21"><span class='ocrx_word' id='word_1_248' title='bbox 560 2831 631 2904; x_wconf 89' lang='lat' dir='ltr'><strong><em>V,</em></strong></span> <span class='ocrx_word' id='word_1_249' title='bbox 664 2832 810 2895; x_wconf 88' lang='lat'><strong>615.</strong></span> <span class='ocrx_word' id='word_1_250' title='bbox 895 2834 1235 2910; x_wconf 78' lang='lat' dir='ltr'>Pelagus</span> <span class='ocrx_word' id='word_1_251' title='bbox 1280 2844 1363 2891; x_wconf 82' lang='lat' dir='ltr'><strong><em>est</em></strong></span> <span class='ocrx_word' id='word_1_252' title='bbox 1424 2834 1639 2907; x_wconf 68' lang='lat' dir='ltr'><strong><em>altum-3</em></strong></span> 
     </span>
     <span class='ocr_line' id='line_1_29' title="bbox 558 2914 1642 2997; baseline 0 -22"><span class='ocrx_word' id='word_1_253' title='bbox 558 2914 696 2975; x_wconf 82' lang='lat' dir='ltr'><strong><em>hinc</em></strong></span> <span class='ocrx_word' id='word_1_254' title='bbox 738 2918 808 2991; x_wconf 85' lang='lat' dir='ltr'><strong><em>V,</em></strong></span> <span class='ocrx_word' id='word_1_255' title='bbox 854 2920 947 2979; x_wconf 83' lang='lat'><strong><em>8.:</em></strong></span> <span class='ocrx_word' id='word_1_256' title='bbox 1023 2920 1141 2992; x_wconf 87' lang='lat' dir='ltr'><strong><em>„Ut</em></strong></span> <span class='ocrx_word' id='word_1_257' title='bbox 1179 2920 1506 2997; x_wconf 83' lang='lat' dir='ltr'><strong><em>pelagus</em></strong></span> <span class='ocrx_word' id='word_1_258' title='bbox 1547 2928 1642 2975; x_wconf 87' lang='lat' dir='ltr'><strong><em>te-</em></strong></span> 
     </span>
     <span class='ocr_line' id='line_1_30' title="bbox 558 3003 1640 3084; baseline 0.001 -24"><span class='ocrx_word' id='word_1_259' title='bbox 558 3022 741 3061; x_wconf 82' lang='lat' dir='ltr'>nuere</span> <span class='ocrx_word' id='word_1_260' title='bbox 770 3014 935 3078; x_wconf 70' lang='lat' dir='ltr'><strong><em>ntes,</em></strong></span> <span class='ocrx_word' id='word_1_261' title='bbox 963 3024 1073 3062; x_wconf 83' lang='lat' dir='ltr'><strong><em>nec</em></strong></span> <span class='ocrx_word' id='word_1_262' title='bbox 1102 3006 1222 3061; x_wconf 85' lang='lat' dir='ltr'><strong><em>iam</em></strong></span> <span class='ocrx_word' id='word_1_263' title='bbox 1248 3007 1494 3084; x_wconf 76' lang='lat' dir='ltr'><strong><em>amplius</em></strong></span> <span class='ocrx_word' id='word_1_264' title='bbox 1523 3003 1640 3062; x_wconf 82' lang='lat' dir='ltr'><strong><em>ulla</em></strong></span> 
     </span>
     <span class='ocr_line' id='line_1_31' title="bbox 560 3089 1641 3171; baseline -0.002 -24"><span class='ocrx_word' id='word_1_265' title='bbox 560 3091 823 3147; x_wconf 82' lang='lat' dir='ltr'><strong><em>Occurrit</em></strong></span> <span class='ocrx_word' id='word_1_266' title='bbox 882 3091 1048 3149; x_wconf 83' lang='lat' dir='ltr'><strong><em>tellus</em></strong></span> <span class='ocrx_word' id='word_1_267' title='bbox 1066 3135 1082 3164; x_wconf 90' lang='lat'><strong>,</strong></span> <span class='ocrx_word' id='word_1_268' title='bbox 1138 3092 1323 3147; x_wconf 85' lang='lat' dir='ltr'><strong><em>maria</em></strong></span> <span class='ocrx_word' id='word_1_269' title='bbox 1378 3089 1641 3171; x_wconf 88' lang='lat' dir='ltr'><strong><em>undique</em></strong></span> 
     </span>
     <span class='ocr_line' id='line_1_32' title="bbox 560 3173 1638 3255; baseline 0.003 -25"><span class='ocrx_word' id='word_1_270' title='bbox 560 3184 619 3231; x_wconf 89' lang='lat' dir='ltr'><strong><em>et</em></strong></span> <span class='ocrx_word' id='word_1_271' title='bbox 648 3173 905 3255; x_wconf 84' lang='lat' dir='ltr'><strong><em>undique</em></strong></span> <span class='ocrx_word' id='word_1_272' title='bbox 940 3178 1229 3234; x_wconf 89' lang='lat' dir='ltr'><strong><em>coelum.“</em></strong></span> <span class='ocrx_word' id='word_1_273' title='bbox 1275 3186 1331 3234; x_wconf 85' lang='lat' dir='ltr'><strong><em>et</em></strong></span> <span class='ocrx_word' id='word_1_274' title='bbox 1359 3178 1463 3251; x_wconf 88' lang='lat' dir='ltr'><strong><em>IX,</em></strong></span> <span class='ocrx_word' id='word_1_275' title='bbox 1496 3179 1638 3240; x_wconf 85' lang='lat'><strong>81.:</strong></span> 
     </span>
     <span class='ocr_line' id='line_1_33' title="bbox 560 3258 1648 3341; baseline 0.002 -26"><span class='ocrx_word' id='word_1_276' title='bbox 560 3261 871 3339; x_wconf 84' lang='lat' dir='ltr'><strong><em>„pelagi</em></strong></span> <span class='ocrx_word' id='word_1_277' title='bbox 924 3273 1120 3341; x_wconf 87' lang='lat' dir='ltr'><strong><em>petere</em></strong></span> <span class='ocrx_word' id='word_1_278' title='bbox 1157 3262 1402 3329; x_wconf 60' lang='lat' dir='ltr'><strong><em>‚alta.“</em></strong></span> <span class='ocrx_word' id='word_1_279' title='bbox 1516 3258 1648 3317; x_wconf 79' lang='lat' dir='ltr'><strong><em>lam&#39;</em></strong></span> 
     </span>
     <span class='ocr_line' id='line_1_34' title="bbox 559 3347 1642 3429; baseline 0 -26"><span class='ocrx_word' id='word_1_280' title='bbox 559 3357 794 3426; x_wconf 86' lang='lat' dir='ltr'><strong><em>pontus,</em></strong></span> <span class='ocrx_word' id='word_1_281' title='bbox 826 3347 865 3404; x_wconf 84' lang='lat' dir='ltr'><strong><em>i.</em></strong></span> <span class='ocrx_word' id='word_1_282' title='bbox 896 3369 949 3429; x_wconf 22' lang='lat' dir='ltr'><strong><em>e..</em></strong></span> <span class='ocrx_word' id='word_1_283' title='bbox 978 3347 1336 3427; x_wconf 82' lang='lat' dir='ltr'><strong><em>profunditas</em></strong></span> <span class='ocrx_word' id='word_1_284' title='bbox 1378 3349 1494 3417; x_wconf 84' lang='lat' dir='ltr'><strong><em>illa,</em></strong></span> <span class='ocrx_word' id='word_1_285' title='bbox 1526 3365 1642 3426; x_wconf 90' lang='lat' dir='ltr'><strong><em>qua</em></strong></span> 
     </span>
     <span class='ocr_line' id='line_1_35' title="bbox 557 3432 1639 3512; baseline 0 -23"><span class='ocrx_word' id='word_1_286' title='bbox 557 3433 726 3490; x_wconf 85' lang='lat' dir='ltr'><strong><em>facile</em></strong></span> <span class='ocrx_word' id='word_1_287' title='bbox 754 3436 1079 3512; x_wconf 87' lang='lat' dir='ltr'><strong><em>mergimur</em></strong></span> <span class='ocrx_word' id='word_1_288' title='bbox 1096 3479 1111 3508; x_wconf 85' lang='lat'><strong><em>‚</em></strong></span> <span class='ocrx_word' id='word_1_289' title='bbox 1156 3435 1259 3491; x_wconf 84' lang='lat' dir='ltr'><strong><em>cfr.</em></strong></span> <span class='ocrx_word' id='word_1_290' title='bbox 1302 3437 1349 3507; x_wconf 91' lang='lat'><strong><em>1,</em></strong></span> <span class='ocrx_word' id='word_1_291' title='bbox 1396 3432 1498 3497; x_wconf 83' lang='grc'><strong><em>40.</em></strong></span> <span class='ocrx_word' id='word_1_292' title='bbox 1537 3434 1639 3508; x_wconf 86' lang='grc' dir='ltr'><strong><em>ΙΠ,</em></strong></span> 
     </span>
     <span class='ocr_line' id='line_1_36' title="bbox 561 3519 1636 3599; baseline 0.001 -23"><span class='ocrx_word' id='word_1_293' title='bbox 561 3519 727 3593; x_wconf 86' lang='grc'><strong>605.,</strong></span> <span class='ocrx_word' id='word_1_294' title='bbox 902 3522 1077 3577; x_wconf 86' lang='lat' dir='ltr'><strong><em>Hom.</em></strong></span> <span class='ocrx_word' id='word_1_295' title='bbox 1108 3521 1175 3576; x_wconf 86' lang='grc' dir='ltr'><strong><em>ΙΙ.</em></strong></span> <span class='ocrx_word' id='word_1_296' title='bbox 1207 3522 1371 3593; x_wconf 86' lang='lat' dir='ltr'>XXI,</span> <span class='ocrx_word' id='word_1_297' title='bbox 1403 3520 1485 3583; x_wconf 90' lang='lat'><strong><em>58</em></strong></span> <span class='ocrx_word' id='word_1_298' title='bbox 1516 3536 1636 3599; x_wconf 83' lang='lat' dir='ltr'><strong><em>sq.:</em></strong></span> 
     </span>
     <span class='ocr_line' id='line_1_37' title="bbox 557 3598 1639 3685; baseline -0.002 -18"><span class='ocrx_word' id='word_1_299' title='bbox 557 3600 861 3685; x_wconf 63' lang='lat' dir='ltr'><strong><em>„otidipw</em></strong></span> <span class='ocrx_word' id='word_1_300' title='bbox 882 3604 1099 3683; x_wconf 76' lang='grc' dir='ltr'><strong><em>ἔσχεν</em></strong></span> <span class='ocrx_word' id='word_1_301' title='bbox 1128 3598 1422 3677; x_wconf 80' lang='grc' dir='ltr'><strong><em>πόντος</em></strong></span> <span class='ocrx_word' id='word_1_302' title='bbox 1454 3598 1639 3678; x_wconf 77' lang='grc' dir='ltr'><strong><em>ἇλός</em></strong></span> 
     </span>
     <span class='ocr_line' id='line_1_38' title="bbox 557 3689 1636 3770; baseline -0.004 -19"><span class='ocrx_word' id='word_1_303' title='bbox 557 3694 839 3770; x_wconf 80' lang='grc' dir='ltr'><strong><em>πολιῆς.“</em></strong></span> <span class='ocrx_word' id='word_1_304' title='bbox 858 3731 871 3746; x_wconf 92' lang='grc'><strong>.</strong></span> <span class='ocrx_word' id='word_1_305' title='bbox 894 3732 909 3747; x_wconf 92' lang='grc'><strong>.</strong></span> <span class='ocrx_word' id='word_1_306' title='bbox 928 3732 944 3748; x_wconf 91' lang='grc'><strong>.</strong></span> <span class='ocrx_word' id='word_1_307' title='bbox 1012 3689 1229 3748; x_wconf 77' lang='lat' dir='ltr'><strong>claudit</strong></span> <span class='ocrx_word' id='word_1_308' title='bbox 1278 3710 1386 3749; x_wconf 78' lang='lat' dir='ltr'><strong><em>nos</em></strong></span> <span class='ocrx_word' id='word_1_309' title='bbox 1442 3693 1636 3765; x_wconf 84' lang='lat' dir='ltr'><strong><em>maris,</em></strong></span> 
     </span>
     <span class='ocr_line' id='line_1_39' title="bbox 557 3778 1638 3856; baseline 0 -21"><span class='ocrx_word' id='word_1_310' title='bbox 557 3780 803 3836; x_wconf 81' lang='lat' dir='ltr'><strong><em>monstri</em></strong></span> <span class='ocrx_word' id='word_1_311' title='bbox 830 3778 1001 3849; x_wconf 84' lang='lat' dir='ltr'><strong><em>iuius,</em></strong></span> <span class='ocrx_word' id='word_1_312' title='bbox 1030 3778 1094 3833; x_wconf 85' lang='lat' dir='ltr'><strong><em>in</em></strong></span> <span class='ocrx_word' id='word_1_313' title='bbox 1124 3796 1240 3856; x_wconf 89' lang='lat' dir='ltr'><strong><em>quo</em></strong></span> <span class='ocrx_word' id='word_1_314' title='bbox 1268 3779 1386 3835; x_wconf 83' lang='lat' dir='ltr'><strong><em>sisti</em></strong></span> <span class='ocrx_word' id='word_1_315' title='bbox 1412 3778 1638 3856; x_wconf 79' lang='lat' dir='ltr'><strong><em>nequit,</em></strong></span> 
     </span>
     <span class='ocr_line' id='line_1_40' title="bbox 554 3860 1640 3943; baseline -0.003 -22"><span class='ocrx_word' id='word_1_316' title='bbox 554 3874 859 3942; x_wconf 86' lang='lat' dir='ltr'><strong><em>tamquam</em></strong></span> <span class='ocrx_word' id='word_1_317' title='bbox 876 3862 1081 3919; x_wconf 86' lang='lat' dir='ltr'><strong><em>obiice.</em></strong></span> <span class='ocrx_word' id='word_1_318' title='bbox 1122 3865 1325 3943; x_wconf 86' lang='lat' dir='ltr'><strong><em>ltaque</em></strong></span> <span class='ocrx_word' id='word_1_319' title='bbox 1351 3883 1471 3920; x_wconf 86' lang='lat' dir='ltr'><strong><em>non</em></strong></span> <span class='ocrx_word' id='word_1_320' title='bbox 1492 3860 1640 3919; x_wconf 87' lang='lat' dir='ltr'><strong><em>hae-</em></strong></span> 
     </span>
     <span class='ocr_line' id='line_1_41' title="bbox 559 3948 1638 4028; baseline 0.008 -23"><span class='ocrx_word' id='word_1_321' title='bbox 559 3948 707 4005; x_wconf 76' lang='lat' dir='ltr'><strong><em>rebis</em></strong></span> <span class='ocrx_word' id='word_1_322' title='bbox 734 3948 798 4003; x_wconf 86' lang='lat' dir='ltr'><strong><em>in</em></strong></span> <span class='ocrx_word' id='word_1_323' title='bbox 827 3948 1015 4004; x_wconf 82' lang='lat' dir='ltr'><strong><em>verbis</em></strong></span> <span class='ocrx_word' id='word_1_324' title='bbox 1032 3948 1304 4028; x_wconf 82' lang='lat' dir='ltr'><strong><em>Aeschyli</em></strong></span> <span class='ocrx_word' id='word_1_325' title='bbox 1333 3950 1492 4007; x_wconf 84' lang='lat' dir='ltr'><strong><em>Pers.</em></strong></span> <span class='ocrx_word' id='word_1_326' title='bbox 1515 3953 1638 4013; x_wconf 86' lang='lat'><strong><em>106</em></strong></span> 
     </span>
     <span class='ocr_line' id='line_1_42' title="bbox 556 4026 1639 4113; baseline 0.006 -24"><span class='ocrx_word' id='word_1_327' title='bbox 556 4051 685 4111; x_wconf 71' lang='lat' dir='ltr'><strong><em>sqq.</em></strong></span> <span class='ocrx_word' id='word_1_328' title='bbox 718 4030 809 4089; x_wconf 89' lang='lat' dir='ltr'><strong><em>ed.</em></strong></span> <span class='ocrx_word' id='word_1_329' title='bbox 842 4030 1119 4091; x_wconf 78' lang='lat' dir='ltr'><strong><em>Schiitz.:</em></strong></span> <span class='ocrx_word' id='word_1_330' title='bbox 1208 4030 1531 4113; x_wconf 76' lang='grc' dir='ltr'><strong><em>,,”Εμαθον</em></strong></span> <span class='ocrx_word' id='word_1_331' title='bbox 1573 4026 1639 4095; x_wconf 82' lang='grc' dir='ltr'><strong><em>δ’</em></strong></span> 
     </span>
     <span class='ocr_line' id='line_1_43' title="bbox 558 4112 1638 4197; baseline 0.001 -18"><span class='ocrx_word' id='word_1_332' title='bbox 558 4112 925 4197; x_wconf 65' lang='grc' dir='ltr'><strong><em>εὐρυπόροιο</em></strong></span> <span class='ocrx_word' id='word_1_333' title='bbox 953 4126 1003 4178; x_wconf 78' lang='grc' dir='ltr'><strong><em>θ’</em></strong></span> <span class='ocrx_word' id='word_1_334' title='bbox 1020 4144 1057 4179; x_wconf 86' lang='grc' dir='ltr'><strong>α</strong></span> <span class='ocrx_word' id='word_1_335' title='bbox 1074 4124 1105 4179; x_wconf 77' lang='grc' dir='ltr'><strong><em>λ</em></strong></span> <span class='ocrx_word' id='word_1_336' title='bbox 1121 4115 1161 4179; x_wconf 77' lang='grc' dir='ltr'>ά</span> <span class='ocrx_word' id='word_1_337' title='bbox 1181 4138 1217 4179; x_wconf 87' lang='grc' dir='ltr'><strong>σ</strong></span> <span class='ocrx_word' id='word_1_338' title='bbox 1232 4138 1268 4180; x_wconf 87' lang='grc' dir='ltr'><em>σ</em></span> <span class='ocrx_word' id='word_1_339' title='bbox 1286 4146 1324 4181; x_wconf 87' lang='grc' dir='ltr'><strong>α</strong></span> <span class='ocrx_word' id='word_1_340' title='bbox 1338 4144 1368 4193; x_wconf 87' lang='grc' dir='ltr'><strong><em>ς</em></strong></span> <span class='ocrx_word' id='word_1_341' title='bbox 1400 4124 1638 4181; x_wconf 77' lang='grc' dir='ltr'><strong><em>πολιαι-</em></strong></span> 
     </span>
     <span class='ocr_line' id='line_1_44' title="bbox 556 4197 1637 4286; baseline -0.001 -20"><span class='ocrx_word' id='word_1_342' title='bbox 556 4197 818 4283; x_wconf 68' lang='grc' dir='ltr'><strong><em>νομέιῐας</em></strong></span> <span class='ocrx_word' id='word_1_343' title='bbox 858 4199 1155 4283; x_wconf 74' lang='grc' dir='ltr'><strong><em>πνεύματι</em></strong></span> <span class='ocrx_word' id='word_1_344' title='bbox 1186 4198 1391 4286; x_wconf 73' lang='grc' dir='ltr'><em>λάβρῳ</em></span> <span class='ocrx_word' id='word_1_345' title='bbox 1420 4204 1637 4281; x_wconf 77' lang='grc' dir='ltr'><strong><em>ἐςορᾶν</em></strong></span> 
     </span>
     <span class='ocr_line' id='line_1_45' title="bbox 552 4284 1637 4365; baseline -0.005 -12"><span class='ocrx_word' id='word_1_346' title='bbox 552 4314 600 4353; x_wconf 80' lang='grc' dir='ltr'><strong><em>π</em></strong></span> <span class='ocrx_word' id='word_1_347' title='bbox 617 4284 651 4354; x_wconf 85' lang='grc' dir='ltr'>ό</span> <span class='ocrx_word' id='word_1_348' title='bbox 667 4315 704 4354; x_wconf 83' lang='grc' dir='ltr'>ν</span> <span class='ocrx_word' id='word_1_349' title='bbox 720 4314 753 4353; x_wconf 81' lang='grc' dir='ltr'><strong><em>τ</em></strong></span> <span class='ocrx_word' id='word_1_350' title='bbox 768 4313 787 4350; x_wconf 79' lang='grc' dir='ltr'><em>ι</em></span> <span class='ocrx_word' id='word_1_351' title='bbox 802 4312 837 4352; x_wconf 93' lang='grc' dir='ltr'><strong><em>ο</em></strong></span> <span class='ocrx_word' id='word_1_352' title='bbox 854 4314 889 4351; x_wconf 87' lang='grc' dir='ltr'><strong><em>ν</em></strong></span> <span class='ocrx_word' id='word_1_353' title='bbox 920 4288 1161 4365; x_wconf 75' lang='grc' dir='ltr'><strong><em>ἅλσος.“</em></strong></span> <span class='ocrx_word' id='word_1_354' title='bbox 1192 4293 1267 4350; x_wconf 86' lang='lat' dir='ltr'><strong><em>cf.</em></strong></span> <span class='ocrx_word' id='word_1_355' title='bbox 1300 4293 1475 4350; x_wconf 85' lang='lat' dir='ltr'><strong><em>etiam</em></strong></span> <span class='ocrx_word' id='word_1_356' title='bbox 1490 4291 1637 4348; x_wconf 81' lang='lat' dir='ltr'><strong><em>Pas-</em></strong></span> 
     </span>
     <span class='ocr_line' id='line_1_46' title="bbox 555 4376 1635 4457; baseline -0.001 -21"><span class='ocrx_word' id='word_1_357' title='bbox 555 4398 677 4437; x_wconf 82' lang='lat' dir='ltr'><strong><em>sov.</em></strong></span> <span class='ocrx_word' id='word_1_358' title='bbox 719 4380 925 4438; x_wconf 83' lang='lat' dir='ltr'><strong><em>Lexic.</em></strong></span> <span class='ocrx_word' id='word_1_359' title='bbox 984 4380 1087 4437; x_wconf 85' lang='lat' dir='ltr'><strong><em>Gr.</em></strong></span> <span class='ocrx_word' id='word_1_360' title='bbox 1134 4398 1181 4437; x_wconf 78' lang='lat' dir='ltr'><strong><em>s,</em></strong></span> <span class='ocrx_word' id='word_1_361' title='bbox 1240 4398 1297 4436; x_wconf 82' lang='lat' dir='ltr'><strong><em>v.</em></strong></span> <span class='ocrx_word' id='word_1_362' title='bbox 1356 4376 1635 4457; x_wconf 75' lang='grc' dir='ltr'><strong><em>πέλαγος.</em></strong></span> 
     </span>
     <span class='ocr_line' id='line_1_47' title="bbox 560 4464 1640 4545; baseline -0.002 -23"><span class='ocrx_word' id='word_1_363' title='bbox 560 4464 730 4545; x_wconf 78' lang='lat' dir='ltr'><strong><em>W.)</em></strong></span> <span class='ocrx_word' id='word_1_364' title='bbox 811 4468 955 4532; x_wconf 79' lang='lat'><strong>378.</strong></span> <span class='ocrx_word' id='word_1_365' title='bbox 983 4467 1141 4524; x_wconf 90' lang='lat' dir='ltr'><strong><em>Num</em></strong></span> <span class='ocrx_word' id='word_1_366' title='bbox 1174 4484 1337 4524; x_wconf 87' lang='lat' dir='ltr'><strong><em>mare</em></strong></span> <span class='ocrx_word' id='word_1_367' title='bbox 1364 4464 1503 4544; x_wconf 82' lang='lat' dir='ltr'><strong><em>fuga</em></strong></span> <span class='ocrx_word' id='word_1_368' title='bbox 1531 4483 1640 4543; x_wconf 85' lang='lat' dir='ltr'>pe·-</span> 
     </span>
    </p>
   </div>
   <div class='ocr_carea' id='block_1_5' title="bbox 1721 2315 2788 4027">
    <p class='ocr_par' dir='ltr' id='par_1_6' title="bbox 1721 2315 2788 4027">
     <span class='ocr_line' id='line_1_48' title="bbox 1721 2315 2788 2390; baseline -0.006 -14"><span class='ocrx_word' id='word_1_369' title='bbox 1721 2329 1909 2376; x_wconf 83' lang='lat' dir='ltr'><strong><em>temus</em></strong></span> <span class='ocrx_word' id='word_1_370' title='bbox 1927 2361 1943 2390; x_wconf 91' lang='lat'><strong>‚</strong></span> <span class='ocrx_word' id='word_1_371' title='bbox 2007 2335 2082 2374; x_wconf 84' lang='lat' dir='ltr'><strong><em>an</em></strong></span> <span class='ocrx_word' id='word_1_372' title='bbox 2125 2337 2347 2374; x_wconf 71' lang='lat' dir='ltr'><strong><em>novam</em></strong></span> <span class='ocrx_word' id='word_1_373' title='bbox 2404 2315 2680 2384; x_wconf 75' lang='lat' dir='ltr'><strong><em>Troiam,</em></strong></span> <span class='ocrx_word' id='word_1_374' title='bbox 2705 2332 2788 2370; x_wconf 82' lang='lat' dir='ltr'><strong><em>ca-</em></strong></span> 
     </span>
     <span class='ocr_line' id='line_1_49' title="bbox 1721 2395 2788 2483; baseline -0.007 -22"><span class='ocrx_word' id='word_1_375' title='bbox 1721 2414 1836 2461; x_wconf 86' lang='lat' dir='ltr'><strong><em>stra</em></strong></span> <span class='ocrx_word' id='word_1_376' title='bbox 1880 2405 2274 2461; x_wconf 80' lang='lat' dir='ltr'><strong><em>Troianorum</em></strong></span> <span class='ocrx_word' id='word_1_377' title='bbox 2293 2398 2324 2460; x_wconf 72' lang='lat'><strong><em>&#39;2²</em></strong></span> <span class='ocrx_word' id='word_1_378' title='bbox 2381 2404 2548 2483; x_wconf 75' lang='lat' dir='ltr'><strong><em>atqui</em></strong></span> <span class='ocrx_word' id='word_1_379' title='bbox 2599 2404 2691 2458; x_wconf 85' lang='lat' dir='ltr'><strong><em>via</em></strong></span> <span class='ocrx_word' id='word_1_380' title='bbox 2727 2395 2788 2454; x_wconf 90' lang='lat' dir='ltr'><strong><em>ad</em></strong></span> 
     </span>
     <span class='ocr_line' id='line_1_50' title="bbox 1723 2485 2787 2562; baseline -0.006 -15"><span class='ocrx_word' id='word_1_381' title='bbox 1723 2488 1876 2547; x_wconf 85' lang='lat' dir='ltr'><strong><em>hanc</em></strong></span> <span class='ocrx_word' id='word_1_382' title='bbox 1904 2489 2210 2547; x_wconf 83' lang='lat' dir='ltr'><strong><em>interclusa</em></strong></span> <span class='ocrx_word' id='word_1_383' title='bbox 2231 2497 2331 2562; x_wconf 86' lang='lat' dir='ltr'><strong><em>est,</em></strong></span> <span class='ocrx_word' id='word_1_384' title='bbox 2361 2485 2527 2546; x_wconf 89' lang='lat' dir='ltr'><strong><em>hoste</em></strong></span> <span class='ocrx_word' id='word_1_385' title='bbox 2543 2489 2787 2556; x_wconf 79' lang='lat' dir='ltr'><strong><em>obiecto;</em></strong></span> 
     </span>
     <span class='ocr_line' id='line_1_51' title="bbox 1725 2574 2788 2653; baseline -0.003 -21"><span class='ocrx_word' id='word_1_386' title='bbox 1725 2586 1786 2634; x_wconf 79' lang='lat' dir='ltr'><strong><em>et</em></strong></span> <span class='ocrx_word' id='word_1_387' title='bbox 1827 2574 2162 2634; x_wconf 86' lang='lat' dir='ltr'><strong><em>obsidentur</em></strong></span> <span class='ocrx_word' id='word_1_388' title='bbox 2203 2585 2386 2633; x_wconf 81' lang='lat' dir='ltr'><strong><em>eastra</em></strong></span> <span class='ocrx_word' id='word_1_389' title='bbox 2429 2592 2460 2631; x_wconf 84' lang='lat' dir='ltr'><strong><em>a</em></strong></span> <span class='ocrx_word' id='word_1_390' title='bbox 2507 2584 2675 2653; x_wconf 86' lang='lat' dir='ltr'><strong><em>parte</em></strong></span> <span class='ocrx_word' id='word_1_391' title='bbox 2703 2590 2788 2629; x_wconf 85' lang='lat' dir='ltr'><strong><em>co·</em></strong></span> 
     </span>
     <span class='ocr_line' id='line_1_52' title="bbox 1723 2660 2787 2740; baseline -0.006 -23"><span class='ocrx_word' id='word_1_392' title='bbox 1723 2663 1953 2740; x_wconf 86' lang='lat' dir='ltr'><strong><em>piarum</em></strong></span> <span class='ocrx_word' id='word_1_393' title='bbox 1998 2681 2033 2719; x_wconf 85' lang='lat' dir='ltr'><strong><em>a</em></strong></span> <span class='ocrx_word' id='word_1_394' title='bbox 2078 2662 2284 2718; x_wconf 86' lang='lat' dir='ltr'><strong><em>Turno</em></strong></span> <span class='ocrx_word' id='word_1_395' title='bbox 2335 2660 2533 2717; x_wconf 82' lang='lat' dir='ltr'><strong><em>relicta</em></strong></span> <span class='ocrx_word' id='word_1_396' title='bbox 2575 2680 2702 2738; x_wconf 85' lang='lat' dir='ltr'><strong><em>sup.</em></strong></span> <span class='ocrx_word' id='word_1_397' title='bbox 2741 2676 2787 2713; x_wconf 82' lang='lat' dir='ltr'><strong><em>v.</em></strong></span> 
     </span>
     <span class='ocr_line' id='line_1_53' title="bbox 1723 2747 2786 2825; baseline -0.008 -19"><span class='ocrx_word' id='word_1_398' title='bbox 1723 2750 1870 2811; x_wconf 81' lang='lat'><strong>286.</strong></span> <span class='ocrx_word' id='word_1_399' title='bbox 1908 2747 2062 2805; x_wconf 83' lang='lat' dir='ltr'><strong><em>conf.</em></strong></span> <span class='ocrx_word' id='word_1_400' title='bbox 2091 2748 2196 2819; x_wconf 81' lang='lat' dir='ltr'><strong><em>IX,</em></strong></span> <span class='ocrx_word' id='word_1_401' title='bbox 2232 2750 2352 2809; x_wconf 82' lang='lat'><strong><em>130</em></strong></span> <span class='ocrx_word' id='word_1_402' title='bbox 2397 2764 2526 2825; x_wconf 86' lang='lat' dir='ltr'><strong>sqq.</strong></span> <span class='ocrx_word' id='word_1_403' title='bbox 2569 2748 2786 2812; x_wconf 83' lang='lat' dir='ltr'><strong><em>Moneo,</em></strong></span> 
     </span>
     <span class='ocr_line' id='line_1_54' title="bbox 1725 2828 2786 2913; baseline -0.006 -24"><span class='ocrx_word' id='word_1_404' title='bbox 1725 2834 1860 2913; x_wconf 86' lang='lat' dir='ltr'><strong><em>quia</em></strong></span> <span class='ocrx_word' id='word_1_405' title='bbox 1887 2835 2091 2889; x_wconf 87' lang='lat' dir='ltr'><strong><em>Burm.</em></strong></span> <span class='ocrx_word' id='word_1_406' title='bbox 2123 2828 2217 2889; x_wconf 78' lang='lat' dir='ltr'><strong><em>hio</em></strong></span> <span class='ocrx_word' id='word_1_407' title='bbox 2245 2830 2460 2903; x_wconf 85' lang='lat' dir='ltr'><strong><em>haeret,</em></strong></span> <span class='ocrx_word' id='word_1_408' title='bbox 2493 2851 2636 2889; x_wconf 79' lang='lat' dir='ltr'><strong><em>cum</em></strong></span> <span class='ocrx_word' id='word_1_409' title='bbox 2663 2830 2786 2887; x_wconf 80' lang='lat' dir='ltr'><strong><em>Cer·</em></strong></span> 
     </span>
     <span class='ocr_line' id='line_1_55' title="bbox 1725 2916 2784 2994; baseline -0.007 -19"><span class='ocrx_word' id='word_1_410' title='bbox 1725 2916 1818 2975; x_wconf 85' lang='lat' dir='ltr'><strong><em>da.</em></strong></span> <span class='ocrx_word' id='word_1_411' title='bbox 1902 2920 2036 2976; x_wconf 89' lang='lat' dir='ltr'><strong><em>Non</em></strong></span> <span class='ocrx_word' id='word_1_412' title='bbox 2075 2927 2160 2976; x_wconf 85' lang='lat' dir='ltr'><strong><em>est</em></strong></span> <span class='ocrx_word' id='word_1_413' title='bbox 2207 2916 2281 2976; x_wconf 88' lang='lat' dir='ltr'><strong><em>de</em></strong></span> <span class='ocrx_word' id='word_1_414' title='bbox 2326 2917 2508 2973; x_wconf 88' lang='lat' dir='ltr'><strong><em>Troia</em></strong></span> <span class='ocrx_word' id='word_1_415' title='bbox 2567 2920 2784 2994; x_wconf 77' lang='lat' dir='ltr'><strong><em>amiqua</em></strong></span> 
     </span>
     <span class='ocr_line' id='line_1_56' title="bbox 1725 2995 2784 3081; baseline -0.003 -20"><span class='ocrx_word' id='word_1_416' title='bbox 1725 2995 2120 3081; x_wconf 82' lang='lat' dir='ltr'><strong><em>cogitandum.</em></strong></span> <span class='ocrx_word' id='word_1_417' title='bbox 2225 3000 2575 3077; x_wconf 79' lang='lat' dir='ltr'><strong><em>(Quomodo</em></strong></span> <span class='ocrx_word' id='word_1_418' title='bbox 2619 3006 2784 3060; x_wconf 75' lang='lat' dir='ltr'><strong><em>Arca-</em></strong></span> 
     </span>
     <span class='ocr_line' id='line_1_57' title="bbox 1723 3088 2785 3168; baseline -0.005 -23"><span class='ocrx_word' id='word_1_419' title='bbox 1723 3088 1823 3146; x_wconf 83' lang='lat' dir='ltr'><strong><em>des</em></strong></span> <span class='ocrx_word' id='word_1_420' title='bbox 1851 3090 1988 3167; x_wconf 82' lang='lat' dir='ltr'><strong><em>fuga</em></strong></span> <span class='ocrx_word' id='word_1_421' title='bbox 2017 3088 2090 3146; x_wconf 89' lang='lat' dir='ltr'><strong><em>ad</em></strong></span> <span class='ocrx_word' id='word_1_422' title='bbox 2115 3108 2280 3146; x_wconf 82' lang='lat' dir='ltr'><strong><em>mare</em></strong></span> <span class='ocrx_word' id='word_1_423' title='bbox 2297 3088 2564 3168; x_wconf 86' lang='lat' dir='ltr'><strong><em>compelli</em></strong></span> <span class='ocrx_word' id='word_1_424' title='bbox 2593 3099 2785 3167; x_wconf 82' lang='lat' dir='ltr'><strong><em>potue-</em></strong></span> 
     </span>
     <span class='ocr_line' id='line_1_58' title="bbox 1724 3177 2785 3255; baseline -0.003 -24"><span class='ocrx_word' id='word_1_425' title='bbox 1724 3178 1867 3240; x_wconf 77' lang='lat' dir='ltr'><strong><em>riat,</em></strong></span> <span class='ocrx_word' id='word_1_426' title='bbox 1899 3194 2084 3255; x_wconf 90' lang='lat' dir='ltr'><strong><em>quum</em></strong></span> <span class='ocrx_word' id='word_1_427' title='bbox 2112 3177 2375 3233; x_wconf 77' lang='lat' dir='ltr'><strong><em>venerint</em></strong></span> <span class='ocrx_word' id='word_1_428' title='bbox 2404 3193 2437 3232; x_wconf 89' lang='lat' dir='ltr'><strong><em>a</em></strong></span> <span class='ocrx_word' id='word_1_429' title='bbox 2465 3185 2630 3252; x_wconf 84' lang='lat' dir='ltr'><strong><em>parte</em></strong></span> <span class='ocrx_word' id='word_1_430' title='bbox 2659 3190 2785 3231; x_wconf 84' lang='lat' dir='ltr'><strong><em>con-</em></strong></span> 
     </span>
     <span class='ocr_line' id='line_1_59' title="bbox 1723 3259 2786 3337; baseline -0.005 -19"><span class='ocrx_word' id='word_1_431' title='bbox 1723 3262 1913 3335; x_wconf 78' lang='lat' dir='ltr'><strong><em>traria,</em></strong></span> <span class='ocrx_word' id='word_1_432' title='bbox 1945 3259 2104 3318; x_wconf 88' lang='lat' dir='ltr'><strong><em>haud</em></strong></span> <span class='ocrx_word' id='word_1_433' title='bbox 2141 3261 2308 3318; x_wconf 83' lang='lat' dir='ltr'><strong><em>facile</em></strong></span> <span class='ocrx_word' id='word_1_434' title='bbox 2341 3270 2603 3337; x_wconf 88' lang='lat' dir='ltr'><strong><em>exputes.</em></strong></span> <span class='ocrx_word' id='word_1_435' title='bbox 2687 3260 2786 3314; x_wconf 87' lang='lat' dir='ltr'><strong><em>Ce-</em></strong></span> 
     </span>
     <span class='ocr_line' id='line_1_60' title="bbox 1722 3344 2785 3428; baseline -0.004 -25"><span class='ocrx_word' id='word_1_436' title='bbox 1722 3356 1913 3403; x_wconf 80' lang='lat' dir='ltr'><strong><em>terum</em></strong></span> <span class='ocrx_word' id='word_1_437' title='bbox 1939 3350 1986 3405; x_wconf 88' lang='lat' dir='ltr'><strong><em>si</em></strong></span> <span class='ocrx_word' id='word_1_438' title='bbox 2015 3346 2094 3421; x_wconf 90' lang='lat' dir='ltr'><strong><em>id,</em></strong></span> <span class='ocrx_word' id='word_1_439' title='bbox 2139 3344 2297 3428; x_wconf 89' lang='lat' dir='ltr'><strong><em>quod</em></strong></span> <span class='ocrx_word' id='word_1_440' title='bbox 2326 3356 2492 3425; x_wconf 86' lang='lat' dir='ltr'><strong><em>putat</em></strong></span> <span class='ocrx_word' id='word_1_441' title='bbox 2520 3347 2785 3427; x_wconf 78' lang='lat' dir='ltr'><strong><em>Heynius‚</em></strong></span> 
     </span>
     <span class='ocr_line' id='line_1_61' title="bbox 1725 3430 2785 3513; baseline -0.008 -22"><span class='ocrx_word' id='word_1_442' title='bbox 1725 3432 1916 3491; x_wconf 80' lang='lat' dir='ltr'><strong><em>dicere</em></strong></span> <span class='ocrx_word' id='word_1_443' title='bbox 1943 3444 2115 3513; x_wconf 84' lang='lat' dir='ltr'><strong><em>poeta</em></strong></span> <span class='ocrx_word' id='word_1_444' title='bbox 2143 3434 2416 3491; x_wconf 80' lang='lat' dir='ltr'><strong><em>voluisset</em></strong></span> <span class='ocrx_word' id='word_1_445' title='bbox 2435 3476 2452 3505; x_wconf 90' lang='lat'>,</span> <span class='ocrx_word' id='word_1_446' title='bbox 2512 3432 2594 3489; x_wconf 86' lang='lat' dir='ltr'><strong><em>ita</em></strong></span> <span class='ocrx_word' id='word_1_447' title='bbox 2634 3430 2785 3489; x_wconf 85' lang='lat' dir='ltr'><strong><em>insti-</em></strong></span> 
     </span>
     <span class='ocr_line' id='line_1_62' title="bbox 1721 3518 2788 3595; baseline -0.007 -19"><span class='ocrx_word' id='word_1_448' title='bbox 1721 3518 1939 3577; x_wconf 82' lang='lat' dir='ltr'><strong><em>tuenda</em></strong></span> <span class='ocrx_word' id='word_1_449' title='bbox 1980 3528 2102 3577; x_wconf 84' lang='lat' dir='ltr'><strong><em>erat</em></strong></span> <span class='ocrx_word' id='word_1_450' title='bbox 2144 3520 2360 3576; x_wconf 84' lang='lat' dir='ltr'><strong><em>oratio:</em></strong></span> <span class='ocrx_word' id='word_1_451' title='bbox 2417 3536 2594 3574; x_wconf 89' lang='lat' dir='ltr'><strong><em>num</em></strong></span> <span class='ocrx_word' id='word_1_452' title='bbox 2629 3519 2788 3595; x_wconf 81' lang='lat' dir='ltr'><strong><em>igimr</em></strong></span> 
     </span>
     <span class='ocr_line' id='line_1_63' title="bbox 1722 3592 2785 3683; baseline -0.006 -22"><span class='ocrx_word' id='word_1_453' title='bbox 1722 3606 1960 3683; x_wconf 84' lang='lat' dir='ltr'><strong><em>pelagus</em></strong></span> <span class='ocrx_word' id='word_1_454' title='bbox 1977 3650 1993 3679; x_wconf 89' lang='lat'><strong>,</strong></span> <span class='ocrx_word' id='word_1_455' title='bbox 2021 3624 2194 3663; x_wconf 87' lang='lat' dir='ltr'><strong><em>num</em></strong></span> <span class='ocrx_word' id='word_1_456' title='bbox 2221 3606 2466 3662; x_wconf 86' lang='lat' dir='ltr'><strong><em>Troiam</em></strong></span> <span class='ocrx_word' id='word_1_457' title='bbox 2489 3592 2785 3682; x_wconf 83' lang='lat' dir='ltr'><strong><em>petemus?</em></strong></span> 
     </span>
     <span class='ocr_line' id='line_1_64' title="bbox 1722 3688 2785 3747; baseline -0.007 0"><span class='ocrx_word' id='word_1_458' title='bbox 1722 3692 2009 3747; x_wconf 77' lang='lat' dir='ltr'><strong><em>Neutrum</em></strong></span> <span class='ocrx_word' id='word_1_459' title='bbox 2053 3692 2212 3747; x_wconf 85' lang='lat' dir='ltr'><strong><em>enim</em></strong></span> <span class='ocrx_word' id='word_1_460' title='bbox 2253 3690 2376 3747; x_wconf 86' lang='lat' dir='ltr'><strong><em>fieri</em></strong></span> <span class='ocrx_word' id='word_1_461' title='bbox 2424 3690 2550 3747; x_wconf 82' lang='lat' dir='ltr'><strong><em>vult</em></strong></span> <span class='ocrx_word' id='word_1_462' title='bbox 2594 3688 2785 3745; x_wconf 83' lang='lat' dir='ltr'><strong><em>Pallas.</em></strong></span> 
     </span>
     <span class='ocr_line' id='line_1_65' title="bbox 1722 3774 2786 3851; baseline -0.003 -18"><span class='ocrx_word' id='word_1_463' title='bbox 1722 3777 1803 3834; x_wconf 80' lang='lat' dir='ltr'><strong><em>At</em></strong></span> <span class='ocrx_word' id='word_1_464' title='bbox 1829 3774 1975 3834; x_wconf 84' lang='lat' dir='ltr'><strong><em>haec</em></strong></span> <span class='ocrx_word' id='word_1_465' title='bbox 2006 3774 2342 3835; x_wconf 79' lang='lat' dir='ltr'><strong><em>disiunctiva</em></strong></span> <span class='ocrx_word' id='word_1_466' title='bbox 2371 3785 2504 3833; x_wconf 83' lang='lat' dir='ltr'><strong><em>sunt</em></strong></span> <span class='ocrx_word' id='word_1_467' title='bbox 2534 3774 2786 3851; x_wconf 72' lang='lat' dir='ltr'><strong><em>pelagus</em></strong></span> 
     </span>
     <span class='ocr_line' id='line_1_66' title="bbox 1739 3862 2784 3942; baseline -0.002 -23"><span class='ocrx_word' id='word_1_468' title='bbox 1739 3862 2053 3919; x_wconf 72' lang='lat' dir='ltr'><strong><em>Dviamne</em></strong></span> <span class='ocrx_word' id='word_1_469' title='bbox 2068 3871 2336 3939; x_wconf 65' lang='lat' dir='ltr'><strong><em>petemus</em></strong></span> <span class='ocrx_word' id='word_1_470' title='bbox 2349 3871 2522 3942; x_wconf 86' lang='lat' dir='ltr'><strong><em>atque</em></strong></span> <span class='ocrx_word' id='word_1_471' title='bbox 2540 3864 2620 3917; x_wconf 87' lang='lat' dir='ltr'><strong><em>ita</em></strong></span> <span class='ocrx_word' id='word_1_472' title='bbox 2635 3878 2784 3918; x_wconf 85' lang='lat' dir='ltr'><strong><em>com·</em></strong></span> 
     </span>
     <span class='ocr_line' id='line_1_67' title="bbox 1722 3944 2782 4027; baseline -0.004 -21"><span class='ocrx_word' id='word_1_473' title='bbox 1722 3959 1922 4027; x_wconf 79' lang='lat' dir='ltr'><strong><em>parata</em></strong></span> <span class='ocrx_word' id='word_1_474' title='bbox 1936 3993 1952 4022; x_wconf 90' lang='lat'>,</span> <span class='ocrx_word' id='word_1_475' title='bbox 1981 3958 2049 4005; x_wconf 90' lang='lat' dir='ltr'><strong><em>ut</em></strong></span> <span class='ocrx_word' id='word_1_476' title='bbox 2079 3948 2418 4005; x_wconf 86' lang='lat' dir='ltr'><strong><em>alterutrum</em></strong></span> <span class='ocrx_word' id='word_1_477' title='bbox 2447 3944 2782 4024; x_wconf 85' lang='lat' dir='ltr'><strong><em>eligendum,</em></strong></span> 
     </span>
    </p>
   </div>
   <div class='ocr_carea' id='block_1_6' title="bbox 1685 4032 2783 4113">
    <p class='ocr_par' dir='ltr' id='par_1_7' title="bbox 1685 4032 2783 4113">
     <span class='ocr_line' id='line_1_68' title="bbox 1685 4032 2783 4113; baseline -0.005 -22"><span class='ocrx_word' id='word_1_478' title='bbox 1685 4076 1690 4083; x_wconf 73' lang='lat'><strong>·</strong></span> <span class='ocrx_word' id='word_1_479' title='bbox 1720 4044 1778 4091; x_wconf 89' lang='lat' dir='ltr'><strong><em>et</em></strong></span> <span class='ocrx_word' id='word_1_480' title='bbox 1807 4044 1908 4091; x_wconf 83' lang='lat' dir='ltr'><strong><em>aut</em></strong></span> <span class='ocrx_word' id='word_1_481' title='bbox 1949 4032 2216 4113; x_wconf 82' lang='lat' dir='ltr'><strong><em>pelagus,</em></strong></span> <span class='ocrx_word' id='word_1_482' title='bbox 2265 4043 2366 4089; x_wconf 83' lang='lat' dir='ltr'><strong><em>aut</em></strong></span> <span class='ocrx_word' id='word_1_483' title='bbox 2405 4034 2652 4090; x_wconf 81' lang='lat' dir='ltr'><strong><em>Troiam</em></strong></span> <span class='ocrx_word' id='word_1_484' title='bbox 2690 4049 2783 4109; x_wconf 84' lang='lat' dir='ltr'><strong><em>pe-</em></strong></span> 
     </span>
    </p>
   </div>
   <div class='ocr_carea' id='block_1_7' title="bbox 1719 4118 2782 4538">
    <p class='ocr_par' dir='ltr' id='par_1_8' title="bbox 1719 4118 2782 4538">
     <span class='ocr_line' id='line_1_69' title="bbox 1719 4118 2782 4197; baseline -0.007 -21"><span class='ocrx_word' id='word_1_485' title='bbox 1719 4118 1958 4177; x_wconf 86' lang='lat' dir='ltr'><strong><em>tendam</em></strong></span> <span class='ocrx_word' id='word_1_486' title='bbox 1987 4140 2108 4177; x_wconf 86' lang='lat' dir='ltr'><strong><em>esse</em></strong></span> <span class='ocrx_word' id='word_1_487' title='bbox 2137 4119 2506 4197; x_wconf 80' lang='lat' dir='ltr'><strong><em>significetur.</em></strong></span> <span class='ocrx_word' id='word_1_488' title='bbox 2576 4120 2782 4193; x_wconf 84' lang='lat' dir='ltr'><strong><em>Nempe</em></strong></span> 
     </span>
     <span class='ocr_line' id='line_1_70' title="bbox 1719 4204 2780 4283; baseline -0.004 -20"><span class='ocrx_word' id='word_1_489' title='bbox 1719 4204 1872 4263; x_wconf 82' lang='lat' dir='ltr'><strong><em>hanc</em></strong></span> <span class='ocrx_word' id='word_1_490' title='bbox 1893 4208 2078 4283; x_wconf 82' lang='lat' dir='ltr'><strong><em>ipsam</em></strong></span> <span class='ocrx_word' id='word_1_491' title='bbox 2109 4215 2175 4262; x_wconf 83' lang='lat' dir='ltr'><strong><em>ut</em></strong></span> <span class='ocrx_word' id='word_1_492' title='bbox 2204 4205 2310 4261; x_wconf 85' lang='lat' dir='ltr'><strong><em>sibi</em></strong></span> <span class='ocrx_word' id='word_1_493' title='bbox 2327 4205 2610 4283; x_wconf 81' lang='lat' dir='ltr'><strong><em>aperirent</em></strong></span> <span class='ocrx_word' id='word_1_494' title='bbox 2623 4205 2780 4269; x_wconf 84' lang='lat' dir='ltr'><strong><em>viam,</em></strong></span> 
     </span>
     <span class='ocr_line' id='line_1_71' title="bbox 1719 4290 2780 4371; baseline -0.006 -22"><span class='ocrx_word' id='word_1_495' title='bbox 1719 4311 1896 4371; x_wconf 86' lang='lat' dir='ltr'><strong><em>seque</em></strong></span> <span class='ocrx_word' id='word_1_496' title='bbox 1925 4310 2062 4348; x_wconf 83' lang='lat' dir='ltr'><strong><em>cum</em></strong></span> <span class='ocrx_word' id='word_1_497' title='bbox 2073 4290 2344 4349; x_wconf 82' lang='lat' dir='ltr'><strong><em>Troianis</em></strong></span> <span class='ocrx_word' id='word_1_498' title='bbox 2363 4292 2780 4367; x_wconf 82' lang='lat' dir='ltr'><strong><em>coniungerent,</em></strong></span> 
     </span>
     <span class='ocr_line' id='line_1_72' title="bbox 1721 4374 2781 4457; baseline -0.004 -25"><span class='ocrx_word' id='word_1_499' title='bbox 1721 4396 1866 4457; x_wconf 86' lang='lat' dir='ltr'><strong><em>quos</em></strong></span> <span class='ocrx_word' id='word_1_500' title='bbox 1907 4378 2056 4433; x_wconf 82' lang='lat' dir='ltr'><strong><em>infra</em></strong></span> <span class='ocrx_word' id='word_1_501' title='bbox 2101 4375 2344 4434; x_wconf 87' lang='lat' dir='ltr'><strong><em>demum</em></strong></span> <span class='ocrx_word' id='word_1_502' title='bbox 2371 4394 2456 4433; x_wconf 77' lang='lat' dir='ltr'><strong><em>vs.</em></strong></span> <span class='ocrx_word' id='word_1_503' title='bbox 2489 4375 2614 4438; x_wconf 81' lang='grc'><strong><em>604</em></strong></span> <span class='ocrx_word' id='word_1_504' title='bbox 2643 4374 2781 4432; x_wconf 81' lang='lat' dir='ltr'><strong><em>obsi-</em></strong></span> 
     </span>
     <span class='ocr_line' id='line_1_73' title="bbox 1722 4460 2782 4538; baseline -0.007 -16"><span class='ocrx_word' id='word_1_505' title='bbox 1722 4461 1896 4522; x_wconf 83' lang='lat' dir='ltr'><strong><em>dione</em></strong></span> <span class='ocrx_word' id='word_1_506' title='bbox 1923 4462 2070 4521; x_wconf 79' lang='lat' dir='ltr'><strong><em>solvi</em></strong></span> <span class='ocrx_word' id='word_1_507' title='bbox 2099 4460 2364 4521; x_wconf 81' lang='lat' dir='ltr'><strong><em>videmus</em></strong></span> <span class='ocrx_word' id='word_1_508' title='bbox 2383 4505 2400 4538; x_wconf 89' lang='lat'>‚</span> <span class='ocrx_word' id='word_1_509' title='bbox 2429 4462 2540 4518; x_wconf 85' lang='lat' dir='ltr'><strong><em>iter</em></strong></span> <span class='ocrx_word' id='word_1_510' title='bbox 2579 4461 2662 4519; x_wconf 88' lang='lat' dir='ltr'><strong><em>illi</em></strong></span> <span class='ocrx_word' id='word_1_511' title='bbox 2701 4462 2782 4515; x_wconf 87' lang='lat' dir='ltr'><strong><em>in-</em></strong></span> 
     </span>
    </p>
   </div>
  </div>
 </body>
</html>
