3009 5050
619 405 1230 486 AENEIDOS
1280 409 1492 488 LIB.
1545 411 1715 505 Vll,
1768 419 2201 492 691-702

2366 425 2507 494 105

269 594 504 673 Ibant
529 596 836 697 aequati
866 619 1250 693 numero,
1301 593 1737 698 regemque
1774 599 2191 677 canebant:

273 703 444 777 Ceu
477 698 888 800 quondam
915 701 1128 774 nivei
1153 699 1452 801 liquida
1479 701 1687 776 inter
1712 701 1982 778 nubila
2019 702 2259 799 cycni,

275 806 544 896 Quum
571 825 744 880 sese
779 827 824 880 e
853 815 1082 904 pastu
1104 801 1500 896 referunt,
1556 816 1636 879 et
1664 803 1899 902 longa
1931 829 2264 881 canoros
2361 817 2512 888 700

269 910 478 982 Dant
500 929 647 1008 per
680 904 884 982 colla
921 906 1254 1003 modos;
1308 919 1540 982 sonat
1570 907 1821 982 amnis
1856 922 1936 983 et
1962 910 2137 985 Asia
2172 908 2411 1008 longe

271 1007 506 1086 Pulsa
533 1009 776 1110 palus,

409 1217 512 1274 699
544 1219 693 1272 incer
733 1220 968 1302 flamma
1014 1217 1150 1270 Gud.
1199 1234 1312 1270 cum
1363 1217 1535 1272 altero
1577 1216 1631 1270 in
1678 1233 1843 1286 marg.

1927 1220 2075 1272 inter
2106 1237 2241 1272 aera
2271 1219 2513 1274 Parrhas-

271 1287 376 1342 700
409 1301 646 1354 aposta
679 1287 788 1358 aliq
790 1299 886 1340 uot
933 1287 1089 1340 codd.
1134 1287 1272 1357 apud
1307 1287 1544 1342 Macrob.
1574 1287 1626 1340 V
1658 1291 1765 1342 Sat.
1802 1289 1853 1354 8,
1898 1287 1995 1340 sed
2028 1307 2060 1340 e
2090 1306 2146 1357 ρ.
2180 1289 2280 1343 Ge.
2317 1291 2360 1356 1,
2394 1289 2515 1344 381.

271 1307 674 1422 1v‚186.434.

277 1532 558 1674 quin-lelio
593 1551 812 1591 nomen
851 1531 1109 1592 iudicans
1123 1579 1140 1609 ,
1185 1535 1357 1614 oppi-

319 1637 424 1674 um
451 1619 758 1697 significari
799 1621 1029 1678 coniicit
1067 1621 1358 1680 Faliscum

278 1703 344 1760 in
371 1722 650 1785 aequo,
706 1707 826 1765 sive
881 1706 1090 1784 plano,
1150 1704 1360 1764 condi·-

276 1797 440 1863 tum3
483 1789 560 1848 cf.
603 1789 786 1848 eiusd.
829 1791 960 1848 libri
997 1810 1057 1870 p.
1100 1794 1226 1854 222
1269 1809 1356 1872 sq.

285 1873 462 1952 lVr.)
551 1873 722 1945 Quod
749 1876 822 1933 ab
845 1877 914 1934 iis
931 1875 1206 1954 populus
1224 1877 1360 1934 Ro-

276 1976 524 2030 manus,
557 1962 753 2018 missis·
781 1959 980 2018 decem
1009 1961 1182 2031 viris,
1219 1963 1359 2018 iura

259 2043 517 2124 fitialia
554 2055 611 2102 et
639 2045 935 2104 nonnulla
975 2047 1359 2125 supplemen-

279 2139 346 2188 ta
361 2127 514 2188 XI!
527 2129 878 2190 tabularum
897 2134 1198 2209 accwisse
1217 2152 1360 2192 nar-

275 2225 438 2274 ratur
466 2235 499 2273 a
529 2217 762 2291 Servio,
792 2228 893 2276 aut
921 2220 1162 2276 omnino
1191 2237 1360 2277 com-

277 2303 611 2360 mentitium
639 2313 740 2360 aut
764 2304 918 2360 male
947 2305 1359 2384 interpolatum

279 2397 395 2462 est3
435 2389 657 2446 maiore
699 2386 890 2446 adhuc
934 2389 1258 2468 corruptela
1294 2393 1358 2448 in

278 2473 644 2553 Pomponi03
714 2475 788 2533 ab
841 2475 1176 2555 Aequiculis
1231 2477 1360 2535 iura

279 2559 496 2615 fetialia
535 2560 715 2637 petita
756 2579 878 2617 esse
919 2580 952 2616 e
992 2562 1122 2617 [aiv.
1178 2561 1224 2633 Ι,
1280 2564 1362 2624 82

283 2652 540 2717 constatt,
581 2642 868 2723 idemque,
891 2644 1130 2702 Servius
1157 2643 1234 2701 ad
1261 2645 1360 2702 lib.

281 2728 365 2801 X,
398 2726 478 2791 14
503 2727 708 2799 tradit3
755 2728 858 2785 etsi
897 2729 1018 2785 iam
1046 2730 1362 2807 antiquitus

281 2814 436 2871 inter
463 2812 604 2871 alios
632 2813 828 2870 Italiae
853 2812 1101 2891 populos
1133 2812 1234 2869 illa
1271 2814 1366 2871 vi·-

282 2916 465 2977 guere
481 2942 498 2971 ‚
541 2908 608 2957 ut
647 2900 798 2957 inter
849 2898 1108 2955 Albanos
1148 2898 1276 2955 Liv.
1317 2898 1364 2971 Ι,

283 2982 388 3057 24,
426 2984 580 3041 inter
607 2983 898 3045 Samnites
925 2984 1052 3041 Liv.
1081 2982 1234 3057 vm,
1263 2985 1365 3046 39.

285 3069 669 3149 (Opinionem
707 3070 878 3131 istam
908 3088 984 3127 ex
1009 3068 1166 3125 male
1191 3068 1369 3127 intel-

284 3156 437 3215 lecto
477 3156 720 3228 nomine
771 3156 1210 3236 Aequorum
1250 3156 1368 3212 Fa·-

285 3241 562 3299 liscorum
589 3251 778 3299 ortam
806 3260 928 3299 esse
972 3250 1142 3299 acute
1177 3242 1368 3319 suspi-

287 3336 454 3384 catur
483 3326 628 3386 otfr.
655 3326 918 3387 Mueller.
947 3326 988 3384 1.
1029 3326 1072 3385 l.
1115 3347 1178 3405 p.
1226 3328 1369 3390 398.

299 3410 404 3469 W
390 3411 478 3486 r.)

379 3498 521 3559 698.
563 3496 814 3573 aequati
837 3515 1082 3555 numero
1111 3496 1371 3577 aequali·-

289 3582 399 3639 bus
427 3583 684 3639 numeris
711 3579 772 3640 h.
804 3580 1118 3641 ordinibus.
1188 3584 1372 3640 Nimis

293 3676 570 3745 argutum
607 3676 692 3725 est
707 3710 726 3740 ,
767 3670 900 3748 quia
939 3669 1230 3749 sequitur:
1276 3686 1374 3725 re-

287 3771 550 3831 gemque
592 3751 890 3809 canebant
898 3794 924 3822 ,
979 3753 1044 3813 id
1084 3755 1166 3812 sic
1217 3753 1376 3811 acci-

295 3858 468 3917 pere,
511 3848 580 3897 ut
620 3838 722 3895 sit:
767 3836 940 3897 ibant
973 3858 1258 3909 numero,
1312 3834 1375 3897 h.

297 3922 377 3981 ad
415 3940 728 3981 numerum
745 3967 762 3997 ,
817 3942 864 3981 s.
915 3942 1194 3998 numero,
1261 3942 1378 3981 nu·-

297 4026 530 4069 meroso
554 4011 778 4067 incessu
807 4005 882 4067 ad
907 4006 1254 4088 rhythmum
1286 4008 1379 4066 fa-

297 4104 420 4155 oto.
479 4095 726 4153 Firmani
753 4092 994 4175 quidem
1019 4104 1208 4173 potest
1233 4091 1380 4151 haec

299 4180 480 4239 altera
507 4179 901 4258 interpretatio
929 4179 1060 4237 Silii
1103 4178 1383 4237 imitatio—

298 4284 380 4323 ne
403 4266 505 4323 lib.
535 4266 636 4339 III,
681 4262 806 4327 845
833 4282 954 4344 sq.:
1011 4263 1174 4319 nubit
1217 4262 1383 4320 dives

309 4348 620 4409 Callaecia
637 4348 892 4427 pubem,
915 4344 1202 4408 Barbara
1220 4368 1384 4411 nunc

291 4435 520 4516 patriis
561 4434 900 4496 ululantem
941 4434 1216 4495 carmina
1261 4432 1384 4492 lin·-

812 1359 914 1414 701
949 1357 1152 1430 longae
1185 1357 1322 1412 Gud.
1389 1357 1563 1429 longa
1594 1358 1731 1412 Ven-

1433 1534 1581 1613 guis
1595 1575 1621 1603 ,
1665 1531 1855 1590 Nunc
1884 1529 2065 1611 pedis
2104 1531 2337 1590 alterno
2366 1552 2517 1611 per-

1440 1639 1619 1676 cussa
1659 1615 1895 1676 verbere
1939 1628 2097 1674 terra
2142 1617 2261 1676 Ad
2304 1638 2517 1675 nume-

1439 1723 1581 1762 rum
1618 1723 1863 1762 resonas
1912 1703 2281 1781 gaudentem
2321 1702 2519 1780 plau»-

1441 1788 1579 1847 dere
1602 1799 1814 1846 cem.
1897 1788 2013 1846 Vix
2040 1799 2236 1846 tamen
2266 1799 2367 1847 aut
2394 1789 2521 1847 coI-

1439 1876 1651 1934 locatio
1708 1875 2022 1933 verborum
2038 1918 2054 1948 ,
2126 1885 2227 1932 aut
2281 1876 2521 1931 interie—

1442 1971 1607 2018 ctum
1646 1959 1897 2038 aequati
1948 1960 2189 2018 alteram
2229 1957 2383 2018 hanc
2424 1959 2523 2018 in-

1439 2047 1909 2125 terpretationem
1948 2043 2230 2104 admittit:
2275 2055 2524 2125 praestat

1440 2135 1619 2212 prior.
1690 2131 1891 2206 („Non
1918 2133 2205 2189 Musicum
2233 2149 2391 2204 sane,
2418 2127 2523 2188 sed

1440 2218 1774 2296 vulgarem,
1806 2217 1927 2274 sive
1954 2215 2161 2274 rudem
2205 2227 2263 2274 et
2290 2217 2526 2274 incom-

1439 2306 1729 2384 positum,
1794 2303 2237 2378 Numerum,
2295 2303 2527 2360 aurium

1441 2409 1563 2448 non
1622 2389 1758 2446 artis
1814 2407 2089 2446 mensura
2164 2386 2527 2446 decurrentia

1442 2474 1625 2554 spatia
1656 2483 1714 2532 et
1739 2473 2004 2533 membra
2019 2517 2037 2547 ‚
2080 2493 2116 2531 a
2153 2473 2390 2553 Virgilio
2417 2474 2527 2533 tri-

1445 2560 1589 2618 buta
1616 2560 1859 2617 arbitror
1884 2560 2083 2639 priscis
2100 2560 2361 2617 Etruriae
2390 2578 2527 2639 rege

1443 2646 1709 2722 Messapo
1750 2644 1979 2724 populis
2016 2644 2123 2701 VII
2166 2644 2317 2702 Aen.
2364 2646 2526 2707 698:

1448 2727 1633 2786 Ibant
1676 2731 1923 2805 aequati
1962 2732 2221 2786 Numero
2236 2773 2254 2802 ‚
2296 2748 2530 2806 regem—

1451 2832 1566 2891 que
1594 2813 1897 2869 canebant.
1924 2844 2013 2855 -—
2041 2831 2293 2892 quorum
2326 2814 2531 2889 proin-

1451 2896 1527 2956 de
1556 2906 1757 2955 cantus
1784 2914 2095 2953 raucorum
2123 2914 2395 2953 anserum
2435 2896 2531 2955 vel

1450 3000 1667 3063 gruum
1709 2981 2053 3039 clamoribus
2097 2990 2393 3059 comparat
2442 2998 2531 3039 vs.

1449 3068 1634 3132 705.“
1722 3068 1881 3124 Haec
1914 3066 2155 3125 Santen.
2184 3065 2261 3123 ad
2288 3066 2533 3125 Terent.

1447 3154 1534 3211 M.
1588 3172 1723 3232 pag
1781 3156 1925 3216 176.
2024 3150 2145 3211 Sed
2212 3151 2540 3230 aequari

1451 3258 1697 3297 numero
1758 3237 1863 3295 vix
1930 3236 2158 3297 videtur
2212 3238 2293 3295 ita
2352 3238 2537 3317 accipi

1451 3344 1639 3427 posse.
1719 3322 1897 3401 Wr.)
2022 3324 2331 3383 Cantantes
2386 3325 2540 3381 inter

1450 3413 1743 3469 incessum
1770 3409 1946 3467 simili
1972 3410 2241 3488 exemplo
2289 3409 2539 3469 Sabinos

1453 3497 1734 3575 expressit
1784 3493 1944 3553 idem
1996 3496 2173 3555 Silius
2227 3495 2328 3553 lib.
2384 3495 2537 3571 VIII,

1455 3580 1581 3644 420
1624 3578 1809 3639 [bant
1836 3590 1893 3637 et
1918 3579 2067 3637 laeti
2079 3600 2238 3658 pars
2268 3580 2541 3639 Sancum

1455 3684 1599 3725 voce
1642 3662 1941 3723 canebant
1977 3665 2311 3725 Auctorem
2341 3666 2542 3744 gentis

1461 3750 1674 3831 (magis
1703 3749 1817 3810 hoc
1847 3762 2301 3811 consentaneum
2316 3796 2333 3824 ,
2364 3770 2543 3832 quam

1459 3834 1523 3895 h.
1552 3838 1667 3897 loc.
1694 3838 1897 3915 Vix-gil.
1927 3838 2153 3917 regem)
2196 3856 2352 3914 pars
2400 3834 2542 3893 lau-

1461 3921 1566 3979 des
1616 3942 1714 3980 ore
1746 3920 2037 4000 firebant
2053 3964 2079 3996 ,
2128 3920 2326 3992 Sabe,
2378 3932 2535 3979 tuae.

1462 4008 1727 4067 Notabile
1758 4007 1903 4066 adeo
1920 4009 2040 4069 fuit
2057 4052 2073 4083 ,
2114 4005 2221 4067 hos
2250 4008 2418 4066 certis
2446 4026 2545 4065 or-

1466 4090 1695 4151 dinibus
1736 4092 2007 4152 incedere
2063 4104 2123 4153 et
2160 4095 2313 4151 inter
2354 4094 2551 4151 ilices-⁴

1463 4198 1599 4237 sum
1626 4188 1824 4237 cantus
1854 4176 2086 4237 habere.

1552 4266 1699 4329 699.
1752 4265 2261 4343 Comparationem
2300 4281 2375 4319 ex
2418 4261 2547 4319 Ho-

1465 4368 1631 4407 mero
1658 4348 1823 4407 mad.
1853 4350 1912 4429 β,
1942 4348 2067 4413 459
2094 4367 2225 4429 sqq.
2274 4357 2333 4403 et
2360 4346 2548 4425 Apol-

1465 4436 1628 4494 lonio
1654 4435 1755 4493 lib.
1800 4435 1899 4510 IV,
1948 4436 2110 4497 1800
2150 4451 2278 4513 sqq·
2337 4429 2547 4491 adum-
