3009 5050
514 406 665 481 320
978 396 1060 472 P.
1114 389 1650 471 VIRGILII
1701 386 2260 468 MARONIS

510 592 753 665 Arma
776 582 1052 659 ferunt
1076 578 1332 657 Italae.
1436 576 1564 654 Nil
1593 598 1730 651 me
1761 572 2023 651 fatalia
2051 588 2378 672 terrent,

516 690 599 767 Si
632 714 781 791 qua
817 684 1162 783 Phryges
1206 704 1396 783 prae
1444 705 1530 757 se
1582 682 1905 777 iactant,
1955 703 2339 781 responsa
2387 676 2755 760 deorum,

515 795 650 869 Sat
676 790 851 866 fatis
882 786 1339 886 Venerique
1368 782 1680 879 datum,
1731 783 2062 881 tetigere
2103 784 2324 885 quod
2361 808 2541 859 arva
2591 795 2752 863 1135

510 894 819 973 Fertilis
846 890 1239 969 Ausoniae
1272 892 1548 965 Troes,

1657 888 1860 963 Sunt
1887 899 1966 963 et
1991 910 2174 961 mea
2207 899 2484 963 contra

508 1002 696 1076 Fata
722 996 961 1091 mihi,
1012 992 1231 1069 ferro
1268 991 1727 1068 sceleratam
1765 989 2220 1065 exscindere
2251 1004 2602 1089 gentem,

512 1102 872 1199 Coniuge
899 1108 1352 1201 praerepta3
1406 1118 1558 1170 nec
1593 1093 1808 1169 solos
1839 1093 2084 1191 tangit
2111 1093 2420 1170 Atridas

508 1207 667 1282 Iste
703 1201 973 1296 dolor,
1032 1198 1377 1299 solisque
1410 1198 1598 1273 licet
1629 1220 1909 1297 capere
1941 1203 2156 1272 arma
2187 1198 2551 1293 Mycenis,

512 1307 676 1385 Sed
706 1306 1027 1409 periisse
1058 1300 1307 1379 semel
1334 1303 1514 1377 satis
1545 1312 1681 1379 est.
1785 1304 2122 1377 Peccare
2147 1298 2426 1379 fuisset
2599 1307 2749 1380 140

508 1514 722 1583 aliquod
762 1512 1095 1585 oppositum,
1154 1506 1317 1574 illud,
1364 1507 1549 1568 etiam,
1595 1496 1905 1579 ubicumque
1947 1517 2169 1561 metrum
2221 1510 2514 1581 permittit,
2570 1507 2747 1579 poetis

504 1586 687 1655 priore
720 1584 843 1637 loco
888 1580 1243 1635 collocandum
1288 1592 1383 1631 eet.
1454 1582 1634 1646 ltaque
1663 1596 1787 1631 cave
1829 1578 2168 1647 pronunties,
2211 1591 2266 1631 nt
2297 1581 2456 1649 vulgo
2495 1580 2582 1647 fit,
2617 1580 2751 1631 mila·

508 1655 697 1716 ere'de,
730 1670 835 1705 cua
870 1653 1093 1720 spdnte,
1127 1650 1222 1701 aed
1255 1650 1388 1701 mihi
1424 1650 1614 1713 crede,
1649 1648 1751 1701 εάα
1785 1661 1994 1721 sponte.
2037 1649 2181 1715 Wr.)
2265 1666 2329 1700 en
2381 1668 2410 1701 a
2434 1667 2554 1719 parc
2587 1648 2745 1702 codd.

502 1724 641 1777 Pier.
678 1734 731 1774 et
766 1721 883 1773 edd.
920 1738 1035 1772 cum
1070 1718 1327 1770 Mediceo.
1398 1722 1467 1769 At
1488 1717 1606 1781 alii,

1653 1716 1793 1769 inter
1820 1734 1950 1786 ques
1973 1718 2142 1782 Rom„
2177 1722 2220 1769 Ο
2259 1718 2442 1787 longus
2478 1728 2533 1772 et
2553 1718 2745 1771 Medic.

502 1792 695 1853 Pierii,
752 1808 865 1843 cum
908 1792 1094 1857 fragm.
1140 1788 1305 1841 vatic.
1350 1799 1575 1859 gentes,
1607 1786 1749 1839 hand
1786 1786 1944 1838 dubie
1971 1786 2207 1852 doctius,
2244 1796 2302 1838 nt
2328 1806 2424 1859 per
2446 1788 2745 1859 appositio-

502 1878 623 1913 nem
646 1859 749 1911 sit:
784 1871 868 1911 tot
900 1858 1071 1910 millia
1088 1896 1101 1921 ‚
1138 1874 1303 1926 eaque
1335 1868 1532 1925 gentes·
1563 1856 1775 1908 Italae:
1818 1872 1917 1924 pro
1945 1857 2144 1923 vulgari
2181 1870 2261 1908 tot
2296 1858 2467 1909 millia
2499 1860 2744 1929 gentium

498 1931 823 1985 Italicarum
855 1930 939 1980 vel
974 1928 1260 1980 Italorum.
1328 1925 1483 1993 (Etsi
1535 1925 1760 1977 Medicei
1803 1926 2077 1977 lectionem
2105 1926 2390 1979 defendere
2419 1926 2603 1993 liceat,
2636 1928 2742 1979 vid.

500 2018 534 2053 ι
560 2016 645 2051 me
680 2007 864 2050 notata
892 1998 959 2049 ad
988 1996 1129 2065 Eleg.
1159 1996 1225 2048 ad
1252 1994 1462 2047 Messal.
1494 2014 1547 2063 p.
1576 1994 1683 2059 58„
1714 1994 1904 2045 retinui
1929 2004 2105 2047 tamen
2134 1994 2348 2048 alteram
2375 1996 2743 2067 plerorumque

500 2068 653 2121 codd.
696 2068 801 2119 fide
843 2066 1280 2127 commendatam,
1327 2064 1485 2116 modo
1529 2082 1598 2115 ne
1631 2064 1739 2128 ita,
1784 2054 1844 2115 1ιῖ
1885 2064 2152 2132 Heynins,
2199 2065 2488 2135 intelligas:
2539 2084 2743 2135 eaeque

498 2138 585 2189 vel
617 2150 673 2188 et
705 2154 803 2189 eae
835 2138 1061 2207 quidem.
1130 2137 1224 2185 Eat
1245 2133 1376 2185 haec
1400 2134 1664 2201 appositio
1690 2151 1752 2184 ex
1777 2150 1840 2185 eo
1876 2150 2088 2203 genere,
2125 2136 2264 2204 quod
2295 2135 2462 2187 rarius
2483 2134 2743 2187 invenitur

498 2206 554 2259 in
590 2206 854 2269 Aeneide,
900 2204 1225 2274 frequentius
1274 2204 1327 2254 in
1374 2202 1664 2263 Bucolicis.
1711 2202 1864 2272 quale
1903 2202 2068 2255 illud:
2117 2218 2355 2267 veteres,
2413 2203 2742 2258 umbrosa

498 2278 897 2341 cacumina,
920 2273 1114 2345 fagos.
1154 2274 1299 2335 Wr.)
1389 2272 1489 2326 133
1511 2271 1712 2341 serant
1741 2290 1821 2339 pr.
1859 2272 2142 2341 Hamburg.
2177 2292 2275 2343 pro
2313 2274 2416 2326 div.
2452 2274 2575 2331 lect.
2605 2274 2744 2327 Itali

497 2362 602 2397 uec.
639 2346 887 2398 Rottend.
936 2343 1103 2410 (nihil
1143 2342 1331 2394 Medic.
1379 2350 1434 2392 et
1476 2342 1663 2409 fragm.
1708 2342 1881 2397 vatic.
1937 2345 2096 2407 W'r.)
2238 2342 2338 2398 134
2375 2363 2480 2415 pro
2529 2362 2590 2396 se
2634 2360 2738 2395 sec.

495 2416 691 2467 Mon-et.
768 2452 776 2461 ·
830 2413 929 2468 155
966 2417 1093 2467 Stat
1126 2411 1437 2463 deterrimus
1466 2410 1628 2473 liber,
1665 2412 1866 2475 Franc„
1901 2428 2013 2463 cum
2039 2412 2206 2467 Goth.
2246 2421 2369 2464 tert.
2441 2414 2629 2465 dacum
2656 2424 2741 2464 est

496 2494 617 2538 ante
646 2484 843 2550 Heium,
912 2483 967 2536 ui
995 2492 1118 2552 post
1149 2480 1374 2534 Pieriam
1406 2480 1651 2532 meliores
1677 2480 1844 2533 libros
1875 2491 1928 2533 et
1973 2482 2206 2552 exempla
2249 2482 2436 2536 similia
2473 2492 2554 2536 est
2585 2500 2729 2536 secu—

492 2565 604 2616 tun
638 2565 815 2606 tuetur
846 2500 914 2606 vg
952 2567 1035 2605 eet
1069 2553 1252 2617 fragm.
1288 2551 1459 2602 vatic.
1494 2567 1610 2602 cnm
1645 2552 1795 2602 Rom.
1831 2553 1909 2618 (et
1929 2551 2126 2612 Palat.;
2161 2553 2320 2621 idque
2343 2553 2549 2606 Iahnius
2575 2553 2738 2605 resti-

492 2625 625 2686 tuit3
673 2624 765 2676 aed
803 2623 906 2674 vid.
942 2627 1008 2684 Q.
1051 2623 1122 2673 V.
1157 2621 1280 2684 XV,
1316 2621 1402 2682 9.;
1436 2622 1686 2671 omittunt
1723 2619 1879 2671 etiam
1919 2621 1970 2672 2.
2012 2621 2064 2674 3.
2106 2623 2158 2675 8.
2203 2624 2349 2688 Wr.)
2420 2623 2552 2692 quid
2585 2641 2740 2675 arma

492 2693 627 2746 ulter
659 2693 845 2744 namb.
986 2691 1083 2746 13⁴7
1132 2691 1419 2754 excindere
1462 2689 1650 2740 itidem
1695 2689 2024 2741 deteriores:
2078 2691 2325 2743 excidere
2371 2693 2576 2758 Hagen.
2624 2709 2739 2743 cum

490 2764 601 2816 Etr.
670 2763 917 2814 scindere
950 2761 1055 2811 duo
1090 2761 1284 2811 Moret.
1424 2757 1526 2812 138
1568 2771 1880 2830 praerapto
1929 2759 2112 2810 Franc.
2184 2779 2258 2812 an
2313 2761 2461 2813 colos
2503 2781 2588 2832 ap.
2618 2763 2738 2814 Ma-

491 2833 636 2885 crob.
663 2833 735 2883 lV
769 2836 878 2883 Sat.
912 2827 965 2882 4.
998 2847 1095 2881 nec
1125 2828 1293 2893 male,
1328 2827 1431 2878 etsi
1463 2829 1730 2880 mendose.
1781 2828 1887 2882 vid.
1923 2827 2103 2880 Heina.
2172 2830 2321 2882 colos
2351 2848 2424 2880 an
2466 2830 2601 2882 coni.
2630 2833 2737 2883 Cu-

488 2902 750 2970 ningham.
787 2899 950 2969 (qnod
982 2899 1239 2950 immerito
1262 2897 1456 2965 probat
1478 2902 1687 2949 senten.
1713 2897 1780 2948 ad
1811 2898 2026 2950 Terent.
2056 2899 2222 2950 Maur.
2263 2917 2315 2966 p.
2350 2899 2498 2962 261.;
2534 2900 2640 2951 vid.
2673 2903 2737 2953 V.

487 2973 551 3024 L.
578 2972 646 3024 ad
674 2973 771 3032 XI,
795 2969 914 3023 298.
948 2969 1100 3021 solue
1131 2967 1271 3034 prius
1308 2967 1558 3035 scriptum
1594 2968 1768 3018 fuerat
1805 2965 1860 3017 in
1881 2967 2065 3033 fragm.
2091 2968 2216 3018 Vet.
2260 2969 2400 3028 Wr.)

479 3061 541 3114 p.
574 3059 618 3092 s.
650 3057 771 3107 pare
800 3037 953 3090 codd.
981 3037 1114 3088 Pier.
1140 3046 1195 3087 et
1222 3035 1399 3087 Heius.
1428 3045 1481 3086 et
1509 3035 1666 3088 Goth.
1683 3044 1828 3101 tert„
1859 3037 1996 3088 male
2024 3035 2298 3103 probatum
2326 3033 2526 3087 Pierio:
2567 3039 2736 3091 multe
2833 3100 2842 3108 q

2541 2968 2644 3021 140
2677 2973 2740 3022 Si

490 3110 628 3162 enim
654 3108 861 3174 gravius
886 3105 1104 3156 alterum
1142 3114 1256 3156 est:
1294 3106 1405 3156 Sed
1434 3109 1674 3178 periisse
1699 3103 1880 3156 senoel.
1949 3105 2066 3156 Hoc
2088 3105 2246 3155 etiam
2267 3103 2523 3158 Rufinian.
2559 3115 2737 3160 tuetur

524 3215 538 3230 .
568 3179 689 3239 270,
723 3177 812 3228 nbi
854 3191 903 3225 v.
943 3174 1217 3226 Ruhnken.
1286 3177 1414 3224 Cum
1446 3193 1505 3246 p.
1548 3193 1595 3227 a·
1629 3191 1710 3244 pr.
1759 3173 2006 3226 Rottend.
2075 3175 2211 3224 Tum
2243 3191 2496 3238 peccasse
2534 3173 2736 3246 aliquot

483 3197 621 3300 Fiet.
656 3254 713 3296 et
746 3245 851 3296 duo
886 3245 1065 3296 Heius.
1134 3243 1327 3297 similis
1360 3243 1507 3296 locus
1543 3261 1629 3313 ap.
1662 3239 1844 3296 silium
1878 3241 2052 3310 xvn,
2082 3241 2188 3296 442
2238 3241 2350 3295 Sed
2377 3241 2605 3315 sugis-50
2637 3265 2733 3299 aa·

484 3319 561 3369 tis
578 3314 765 3385 suerit
792 3323 893 3365 etc.

478 3489 762 3548 Italorum
782 3533 800 3564 ,
840 3489 905 3546 in
933 3491 1106 3548 armis
1133 3499 1267 3548 sunt
1296 3487 1566 3550 adversus

480 3576 789 3634 Troianos.
850 3575 1031 3653 (nont
1075 3577 1259 3635 millia
1300 3576 1566 3654 gentium

479 3662 846 3734 Italicarum3
888 3659 992 3720 sed
1032 3661 1233 3720 millia
1272 3659 1368 3724 hic
1408 3662 1449 3718 i.
1505 3679 1563 3740 q.

480 3745 681 3804 millia
746 3745 1175 3820 hominum;
1256 3749 1337 3807 sic
1392 3765 1566 3826 supra

477 3830 839 3907 vm‚496.:
901 3835 1095 3906 „His
1134 3852 1243 3912 ego
1293 3843 1385 3907 te,
1436 3834 1565 3890 Ae·

477 3938 623 3992 nea,
682 3916 987 3978 duetorem
1030 3919 1389 3978 millibus
1452 3916 1566 3976 ad·-

476 4003 675 4062 dam.“
731 4003 850 4064 vid.
908 4007 1083 4064 etiam
1123 4005 1196 4062 V,
1238 4007 1307 4063 1..
1372 4003 1560 4080 W.)

480 4089 623 4155 134.
668 4091 759 4148 De
810 4087 901 4148 his
944 4091 1225 4148 vaticiniis
1266 4090 1341 4148 cf.
1385 4107 1561 4166 supra

473 4174 627 4234 dicta
648 4177 899 4256 Disquis.
918 4178 992 4246 11,
1015 4195 1062 4233 s.
1084 4175 1184 4231 VI.
1261 4173 1404 4236 135.
1438 4173 1509 4230 V
1493 4192 1560 4227 e-

472 4265 718 4342 ηαὶςιιε
740 4263 841 4319 lib.
870 4262 917 4333 1,
946 4259 1074 4324 257
1102 4275 1231 4338 sqq.
1318 4257 1559 4314 Turnus

470 4357 670 4406 tamen
698 4345 1034 4423 simpliciter
1074 4341 1148 4399 de
1186 4339 1317 4398 fatis
1344 4342 1407 4397 in
1431 4342 1560 4398 Ae-

469 4451 615 4490 neae
693 4431 940 4509 gretiam
997 4445 1034 4483 a
1088 4433 1275 4482 matre
1331 4425 1558 4484 Venere

1649 3506 2001 3571 quocunque
2027 3487 2269 3550 tandem
2293 3489 2474 3550 modo
2497 3489 2734 3550 ordina-

1649 3576 1720 3632 tis
1775 3576 2030 3654 cogitare
2089 3579 2298 3657 potuit.
2411 3575 2584 3650 Quod
2631 3578 2732 3635 illa

1649 3662 1852 3719 Iovem
1893 3663 2160 3742 precibus
2209 3672 2546 3721 exoraverat
2562 3707 2578 3737 ,
2632 3683 2732 3720 re-

1647 3747 1920 3807 scivimus
1947 3769 2054 3806 nos
2073 3793 2089 3821 ‚
2135 3767 2170 3806 a
2195 3759 2367 3827 poeta
2395 3750 2561 3807 nobis
2589 3767 2731 3828 pro-

1649 3829 1858 3892 dimm-
1981 3837 2123 3898 138.
2185 3837 2326 3898 139.
2383 3836 2518 3892 Non
2574 3836 2728 3892 solus

1644 3919 1942 3977 Menelaus
1983 3929 2216 3997 raptum
2255 3921 2520 3998 coniugis
2547 3921 2729 3978 Hele-

1643 4023 1758 4061 nae
1785 4004 2096 4063 ulciscitur.
2154 4005 2534 4063 Homericum
2561 4005 2725 4064 Iliad.

1645 4111 1687 4160 ι,
1723 4089 1865 4153 134.
1896 4088 2016 4152 841
2055 4081 2147 4148 Ου’
2183 4093 2405 4167 μοῦνοι
2445 4085 2726 4167 φιλέουσ’

1642 4165 1895 4252 ἀλόχους
1987 4165 2269 4255 μερόπων
2371 4167 2727 4255 ἄνθρῶπων

1637 4249 1930 4337 Ἀτρεῖδαι
1957 4267 2068 4316 eto.
2109 4261 2232 4316 iem
2271 4261 2530 4320 Macrob.
2569 4263 2641 4335 V,
2685 4263 2726 4324 9

1641 4345 2016 4422 comparavit.
2103 4345 2350 4426 Reliqua
2401 4345 2522 4409 140
2559 4365 2724 4428 seqq.

1642 4429 1839 4506 paullo
1869 4430 2164 4506 argutius-a
2191 4441 2249 4489 et
2283 4429 2726 4513 ρητορικῶτερα
