3009 5050
869 408 1050 481 AD
1153 405 1809 481 LIBRUM
1905 409 2128 485 VIII
2474 420 2627 492 297

557 594 912 657 Difficillime
939 596 1124 677 operis
1169 595 1500 657 declarandi
1542 610 1601 657 et
1638 596 2091 657 commendandi
2129 618 2262 679 pars
2299 611 2390 659 est
2430 592 2631 681 pigna

387 684 608 743 navalis
635 702 756 741 una
784 702 920 741 cum
945 686 1124 741 mari:
1169 702 1286 764 qua
1313 684 1374 741 in
1405 686 1576 764 clipei
1602 696 1764 765 parte
1792 686 1889 743 illa
1932 684 2179 743 locanda
2218 688 2293 743 sit
2330 688 2397 745 in
2440 692 2629 767 operis

389 767 808 849 descriptione:
853 770 1116 848 inprimis
1145 788 1282 827 cum
1309 781 1482 849 poeta
1505 770 1569 829 id
1596 781 1720 828 tam
1766 790 1974 849 parum
2013 768 2221 830 diserte
2266 776 2625 851 exposuerit:

389 858 510 919 671
542 854 722 912 Haec
745 856 938 925 inter,
983 856 1062 913 ait
1077 900 1092 928 ,
1136 854 1357 913 tumidi
1382 854 1507 913 late
1538 852 1725 915 ma‘ris
1760 854 1895 913 ibat
1926 856 2151 935 imag-o.
2240 858 2439 917 Potest
2481 858 2627 919 adeo

389 960 512 999 esse
537 942 688 998 inter
715 949 902 999 cetera
919 984 936 1014 ,
979 959 1130 1021 quae
1159 941 1376 1019 clipeus
1405 938 1744 1015 exhibebat,
1794 952 2135 1020 argumenta
2152 985 2167 1016 ,
2210 954 2313 1001 aut
2333 944 2491 1002 inter
2526 966 2629 1004 ce·-

387 1035 512 1085 tera
525 1068 543 1101 ,
589 1044 737 1107 quae
763 1036 936 1105 poeta
965 1044 1204 1085 recensu
1231 1028 1384 1085 facto
1425 1037 1883 1099 memoraveratt,
1940 1046 2059 1109 quo
2102 1047 2273 1085 sensu
2316 1031 2627 1091 constituto

385 1130 587 1191 pugna
631 1122 752 1169 erat
795 1122 1206 1190 argumentum
1248 1132 1416 1171 areae
1455 1115 1657 1171 ceteris
1697 1113 1913 1170 similis.
1997 1113 2359 1173 Probabilius
2407 1125 2627 1192 tamen,

385 1206 578 1257 totum
603 1216 764 1254 mare
791 1217 931 1255 oum
957 1216 1157 1277 pugna
1181 1199 1246 1255 in
1271 1199 1597 1257 umbonem
1624 1218 1691 1256 ao
1716 1196 1975 1257 mediam
1998 1209 2224 1276 partem
2260 1199 2435 1258 fuisse
2476 1203 2628 1259 reie-

385 1292 570 1340 ctum.
653 1285 740 1340 lta
766 1292 968 1341 tamen
995 1294 1252 1363 superest
1294 1284 1405 1341 alia
1453 1282 1757 1343 difficultas
1772 1328 1790 1357 ,
1840 1300 1957 1364 qua
1994 1285 2059 1341 in
2100 1294 2261 1363 parte
2302 1284 2629 1365 triumphus

383 1370 636 1446 Augusti
674 1367 800 1433 714
843 1389 971 1449 sqq.
1022 1388 1320 1451 expressus
1364 1388 1486 1430 esse
1526 1368 1711 1428 videri
1749 1366 1973 1427 debeat.
2058 1369 2281 1427 Saltem
2326 1371 2387 1428 in
2428 1370 2659 1431 medio·

385 1454 574 1533 clipeo
601 1455 800 1512 locum
827 1456 930 1513 vix
957 1452 1169 1513 habere
1196 1456 1402 1535 potuit.
1489 1454 1831 1514 Secundum
1858 1452 2005 1513 haec
2023 1498 2039 1527 ,
2080 1455 2127 1513 si
2168 1456 2340 1536 aequi
2368 1476 2487 1515 esse
2514 1478 2625 1519 vo·

295 1574 300 1579 ·
384 1540 580 1599 lumus
597 1584 616 1615 ,
655 1558 829 1601 suum
858 1542 1067 1623 cuique
1095 1540 1433 1600 aestimandi
1459 1542 1727 1600 relictum
1754 1552 1877 1601 esto
1908 1540 2224 1599 arbitrium.

555 1712 656 1771 An
683 1710 865 1791 clipei
886 1714 1227 1793 superficies
1247 1725 1333 1773 tot
1357 1734 1559 1773 renem
1602 1714 1977 1775 diversarum
2018 1722 2376 1795 argumenta
2417 1732 2629 1790 capere

376 1798 680 1874 potuerit,
735 1820 896 1857 nunc
947 1820 1124 1859 nemo
1177 1802 1345 1859 facile
1388 1810 1665 1883 quaerat:
1721 1814 1853 1881 post
1892 1801 2151 1861 virorum
2194 1802 2629 1879 ingeniosorum

387 1900 626 1963 operam
651 1884 716 1941 in
746 1887 917 1965 clipei
962 1886 1399 1946 adumbratione
1439 1889 1571 1945 stilo
1613 1906 1778 1947 aereo
1822 1888 1974 1946 facta
2015 1888 2373 1945 collocatam.
2458 1885 2628 1944 Alte-

380 1983 520 2027 ‘rum
549 1972 886 2051 exemplum
911 1974 972 2029 in
1001 1974 1248 2052 Anglica
1275 1976 1743 2053 interpretatione
1770 1994 1943 2053 supra
1982 1981 2433 2031 commemorata
2474 1970 2628 2029 vidi-

383 2072 518 2113 mus
547 2052 623 2115 ad
659 2056 1038 2116 Wkitehead
1070 2060 1385 2135 iudicium,
1427 2062 1500 2118 L.
1540 2061 1612 2117 P.
1655 2058 1916 2117 Boitardi
1955 2069 2113 2133 arte,
2156 2056 2290 2131 sed,
2336 2054 2494 2138 quod
2534 2058 2628 2114 ffl-

387 2150 551 2199 ctmn
579 2140 868 2201 nollemus
885 2189 900 2218 ‚
945 2142 1020 2203 ad
1058 2148 1316 2225 picturae
1358 2156 1628 2203 naturam
1669 2147 1903 2225 propius
1946 2162 2311 2224 expressum3
2364 2142 2627 2217 alterum,

385 2226 547 2307 quod
576 2228 972 2311 anaglyphum
1000 2233 1209 2289 melius
1257 2232 1462 2306 refert,
1507 2240 1629 2289 arte
1669 2242 1867 2289 tamen
1912 2240 1969 2289 et
2009 2229 2222 2289 iudicio
2265 2230 2427 2286 alteri
2464 2238 2629 2307 post-

383 2309 724 2371 habendum
741 2360 755 2386 ,
817 2335 990 2395 opera
1035 2318 1128 2373 Le
1171 2318 1438 2375 Lon-ain
1477 2316 1553 2376 ad
1614 2316 1857 2374 Comitis
1910 2314 1983 2372 de
2048 2316 2273 2394 Caylus
2320 2324 2629 2394 praecepta

389 2396 598 2472 (Tom.
641 2401 866 2457 XXVII
905 2402 1077 2459 Hiet.
1122 2401 1196 2459 de
1237 2401 1490 2459 Z'Acad.
1552 2400 1655 2459 des
1692 2402 1973 2477 Imeript.
2018 2412 2062 2458 t.
2111 2404 2243 2478 ΙΙΙ).
2332 2400 2630 2458 Consentit

387 2492 634 2562 uterque
675 2486 886 2546 artifex
921 2489 983 2544 in
1024 2484 1138 2545 hoc
1155 2532 1171 2561 ,
1229 2498 1296 2546 ut
1340 2488 1589 2546 exterior
1627 2489 1797 2568 clipei
1838 2506 1939 2545 ora
1956 2531 1971 2561 ,
2028 2489 2091 2544 in
2132 2488 2324 2568 plures
2366 2488 2629 2564 regiones

395 2565 695 2643 distincta,
739 2571 1195 2651 comprehendat
1233 2591 1332 2646 ea,
1379 2592 1529 2654 quae
1559 2593 1593 2630 a
1620 2594 1679 2630 v.
1710 2577 1835 2636 630
1877 2572 1952 2630 ad
1990 2592 2048 2630 v.
2094 2575 2220 2638 670
2262 2591 2630 2630 commemo-

387 2663 511 2712 rata
540 2664 702 2728 sunt3
745 2655 967 2737 reliqua
998 2668 1192 2714 autem
1232 2658 1294 2713 in
1333 2659 1667 2716 interiorem
1710 2675 1905 2714 aream
1946 2659 2229 2714 reiiciunt.
2311 2657 2629 2716 Exterioris

383 2739 538 2796 illius
567 2759 704 2798 orae
731 2745 996 2818 regiones
1027 2745 1380 2800 constituunt
1408 2753 1650 2824 uterque
1680 2739 2007 2799 duodecim.
2095 2742 2247 2799 Sunt
2272 2751 2471 2798 tamen
2500 2745 2629 2816 alia,

382 2827 448 2882 in
480 2827 688 2907 quibus
716 2829 778 2884 in
811 2817 1036 2886 diversa
1063 2829 1306 2900 abeunt,
1347 2829 1410 2884 in
1439 2829 1561 2885 aliis
1588 2839 1834 2907 uterque
1860 2829 2163 2884 veritatem
2204 2829 2531 2902 argumenti
2572 2837 2632 2886 et

383 2914 563 2970 moris
591 2915 844 2970 Romani
873 2913 1162 2972 deserunt.
1250 2913 1370 2972 Sed
1397 2915 1623 2992 singula
1650 2914 1918 2994 persequi
1942 2913 2123 2984 velle,
2166 2913 2427 2990 inprimis
2468 2913 2631 2970 nulla

383 2999 557 3078 clipei
587 2997 972 3058 delIneatione
1001 2999 1224 3059 adiecta
1247 3045 1263 3074 ,
1303 2999 1599 3058 fastidium
1624 3000 1855 3058 faceret.
1943 2999 2285 3054 interiorem
2332 3015 2527 3054 aream
2556 2997 2630 3054 ab

384 3087 670 3143 exteriore
697 3098 924 3164 separat
949 3085 1374 3146 clrcumductus
1404 3089 1466 3143 in
1493 3088 1695 3144 orbem
1712 3131 1727 3159 ,
1771 3084 1874 3142 sed
1897 3085 2064 3142 tenui
2088 3083 2269 3140 limbo
2293 3127 2308 3156 ,
2350 3084 2629 3158 Oceanus,

383 3171 682 3245 innatant,
731 3171 892 3252 quod
929 3172 1118 3230 rideas
1136 3218 1151 3246 ,
1198 3169 1518 3252 delphines.
1629 3170 1807 3250 Apud
1847 3173 2171 3228 Homerum
2212 3179 2270 3228 et
2309 3168 2631 3227 Hesiodum

385 3257 652 3318 Oceanus
721 3270 1046 3318 extremam
1114 3258 1284 3338 clipei
1341 3277 1506 3316 oram
1570 3255 1769 3315 ambit.
1864 3258 1946 3316 At
1998 3255 2267 3334 Virgilius
2330 3255 2631 3314 Oceanum

385 3345 628 3401 omuino
693 3363 816 3402 non
879 3355 1199 3420 memorat,
1257 3342 1360 3402 sed
1402 3347 1521 3408 671
1580 3341 1881 3400 tumidum
1925 3361 2091 3399 mare
2109 3383 2133 3412 ,
2190 3343 2313 3400 scil.
2360 3341 2627 3400 Ionium:

385 3428 548 3509 quod
575 3432 756 3487 nostri
785 3431 1027 3489 artifices
1054 3433 1116 3488 in
1145 3448 1276 3490 area
1304 3432 1576 3487 interiore
1601 3437 1863 3508 ponunt3
1906 3426 2059 3486 hanc
2102 3429 2261 3485 enim
2277 3471 2293 3500 ,
2347 3447 2451 3486 seu
2494 3445 2632 3486 um-

385 3515 604 3573 bonem
633 3517 808 3594 clipei
835 3514 928 3592 (ut
955 3515 1102 3574 adeo
1134 3517 1216 3574 In
1253 3516 1446 3573 mech'o
1487 3535 1547 3573 v.
1574 3513 1703 3583 ,675
1745 3517 1849 3588 sit,
1889 3516 1953 3572 in
1989 3511 2193 3572 'medio
2238 3513 2486 3593 clipeo),
2534 3533 2632 3571 ar-

381 3601 526 3658 tifex
555 3601 756 3660 Gallus
783 3603 844 3659 in
887 3613 1002 3660 tres
1045 3622 1202 3660 areas
1219 3647 1235 3676 ,
1294 3621 1444 3683 quae
1486 3619 1750 3680 pugnam
1787 3602 1849 3657 in
1892 3603 2041 3658 mari
2080 3601 2319 3658 Actiaco
2337 3643 2355 3673 ,
2407 3601 2631 3678 fugam,

380 3687 747 3766 triumphum
777 3687 1054 3746 exhibent
1067 3733 1083 3763 ,
1126 3689 1435 3746 Britannus
1463 3696 1663 3744 autem
1680 3731 1695 3760 ‚
1738 3687 1959 3744 reiectis
1986 3687 2126 3744 locis
2173 3683 2369 3744 inferis
2412 3687 2475 3742 in
2516 3706 2632 3745 no-

379 3772 674 3830 vissimam
702 3775 856 3831 inter
883 3777 998 3831 XII
1025 3793 1184 3832 areas
1201 3817 1218 3848 ,
1260 3775 1323 3830 in
1352 3781 1601 3854 quatuor
1626 3773 1889 3850 regiones
1934 3771 2157 3830 divisit:
2215 3783 2283 3828 ut
2324 3772 2509 3850 prima
2560 3774 2633 3830 sit

379 3857 522 3916 inita
563 3877 764 3938 pugna
805 3879 864 3918 v.
905 3861 1302 3932 676—-688,
1351 3868 1480 3916 tum
1518 3877 1719 3938 pugna
1758 3859 2066 3916 commissa
2106 3877 2219 3916 vss.
2245 3859 2631 3932 fiee—703,

379 3943 552 4000 tertio
591 3943 734 4022 fuga
775 3945 901 4008 704
925 3977 1015 3989 --
1038 3950 1186 4018 713,
1229 3943 1589 4024 tandemque
1630 3941 1955 4022 triumphus
1996 3941 2143 4006 714.
2230 3943 2507 4021 Spectant
2556 3961 2633 4000 ex

379 4025 474 4086 his
499 4038 613 4086 tres
643 4029 718 4087 ad
741 4031 904 4087 ma‘re
933 4029 1010 4088 ad
1051 4029 1308 4088 Actium.
1392 4028 1687 4110 Equidem
1725 4030 1875 4087 bene
1916 4039 2215 4108 perspecta
2257 4048 2379 4086 non
2420 4027 2631 4100 haben,

380 4113 494 4170 nisi
519 4113 668 4171 forte
696 4113 878 4174 haec:
923 4119 1110 4175 inesse
1150 4117 1334 4195 clipeo
1381 4125 1725 4193 argumenta
1739 4158 1757 4191 ,
1803 4134 1953 4196 quae
2000 4115 2072 4171 ab
2116 4114 2331 4173 artifice
2373 4133 2494 4170 non
2535 4111 2633 4168 in·-

381 4198 626 4258 feliciter
677 4203 912 4259 tractari
961 4204 1182 4282 possint
1197 4247 1213 4276 ,
1272 4212 1330 4258 et
1385 4203 1520 4259 artis
1562 4221 1795 4282 quoque
1840 4201 2107 4281 operibus
2148 4201 2361 4279 passim
2406 4192 2635 4254 reddita

379 4285 528 4358 sint,
573 4304 688 4366 qua
713 4297 914 4345 tamen
945 4299 1064 4346 arte
1081 4333 1099 4361 ,
1143 4307 1262 4368 quo
1293 4283 1525 4361 ordine,
1566 4289 1630 4344 in
1672 4289 1857 4365 clipeo
1902 4283 2159 4344 exhibita
2204 4302 2271 4341 ea
2312 4291 2485 4362 poeta
2527 4297 2633 4336 co-

377 4371 676 4449 gitaverit,
733 4391 858 4430 non
898 4391 1209 4452 apparere3
1266 4391 1376 4431 nec
1420 4391 1559 4432 vero
1602 4373 1802 4454 quaeri
1844 4370 2055 4430 debere
2073 4414 2089 4444 ,
2155 4361 2633 4450 quandoquidem

378 4465 554 4538 poeta
579 4475 704 4517 non
735 4455 1010 4538 graphice
1025 4503 1043 4534 ,
1085 4457 1187 4518 sed
1229 4458 1457 4538 poetice
1495 4455 1643 4516 haec
1678 4455 2107 4518 adumbrant-it
2120 4499 2137 4528 ,
2184 4464 2245 4511 et
2286 4447 2632 4509 adumbrare
