3009 5050
73 871 86 1346 -—-'-‘-'-
73 611 86 826 ‘'’—-

73 2005 78 2040 ..-
73 1917 80 1954 .φ
73 1813 80 1866 -<
73 1738 80 1780 ,ι
73 1653 82 1692 .-
73 1569 80 1604 ..ι
73 1479 82 1534 Π-

809 395 998 470 ΑΙ)
1101 393 1753 470 LIBRUM
1852 393 2123 470 VII·
2392 401 2537 472 175

299 589 374 646 ab
403 586 604 646 Oreste
629 583 704 646 de
734 586 984 644 Taurica
1015 583 1379 664 deportatum
1405 583 1468 642 in
1496 603 1569 642 eo
1611 586 1745 646 leco
1782 601 1905 643 esse
1942 593 2363 646 consecratum.
2418 584 2539 648 vid.

299 674 490 732 Solin.
519 677 562 736 2
589 691 724 750 pag.
761 675 836 735 13
867 672 932 745 C,
963 681 1023 729 et
1049 671 1189 728 alios
1235 668 1392 750 apud
1437 669 1773 730 Cluveriuin
1813 687 1949 750 pag.
1996 672 2114 733 921
2165 689 2329 752 seqq.
2382 672 2541 735 confi.

295 778 428 838 sup.
457 759 636 816 Tem.
665 759 698 814 1
724 757 836 816 vit.
863 757 1064 835 virgil.
1095 757 1154 827 5.
1184 755 1288 820 85.
1369 757 1509 834 Egit
1537 755 1611 814 de
1646 757 1843 814 Aricia
1879 753 2185 833 diligenter
2221 766 2353 837 post
2394 757 2541 816 clu-

299 846 526 903 verium
551 843 792 922 Vulpius
833 842 963 900 Vet.
1005 841 1156 900 Latii
1197 841 1300 898 lib.
1339 843 1500 915 XIII,
1545 843 1723 900 Tem.
1762 843 1889 916 vn,
1927 859 2061 920 pag.
2109 844 2231 905 179
2274 858 2439 924 seqq.
2482 852 2541 902 et

297 949 486 1009 nuper
511 925 822 985 Emamael
837 925 1116 984 Lucidm
1159 925 1450 982 Memoria
1499 925 1769 984 Storiche
1802 959 1893 972 —
1928 923 2073 982 dele
2112 925 2369 984 Ariccia
2417 929 2543 988 Bo-

297 1034 431 1072 mae
489 1011 674 1078 1796.
755 1013 827 1070 In
877 1011 1088 1070 ecdem
1125 1011 1350 1068 Dianae
1393 1011 1614 1090 templo
1676 1009 1849 1072 heros
1886 1009 2165 1089 indigena
2204 1014 2435 1074 Virbius
2476 1013 2543 1092 (a

301 1119 416 1182 quo
447 1109 506 1158 et
531 1100 694 1157 collis
720 1099 950 1157 Virbius
975 1115 1197 1155 nomen
1227 1095 1410 1171 duxit,
1451 1095 1527 1155 de
1554 1115 1673 1178 quo
1700 1117 1759 1156 v.
1798 1097 2155 1172 capum-tin
2178 1097 2253 1156 de
2286 1097 2542 1178 Chaupy

301 1184 550 1244 Mais-on
600 1183 676 1242 de
741 1184 1095 1262 Campagne
1149 1181 1213 1240 ‹1’
1271 1183 1520 1240 Horace
1537 1223 1562 1251 ,
1632 1184 1813 1242 Tem.
1860 1183 1935 1255 11,
1997 1200 2134 1262 pag.
2182 1187 2303 1247 117
2346 1185 2539 1265 seqq.)

299 1270 614 1331 domestica
639 1270 920 1348 religione
947 1269 1136 1328 cultus
1163 1268 1336 1326 finisse
1377 1266 1608 1328 videtur
1621 1312 1637 1342 ,
1698 1287 1877 1350 quem
1918 1285 1995 1326 ex
2036 1267 2229 1349 aliqua
2272 1287 2377 1326 seu
2414 1271 2542 1328 for-

297 1376 431 1414 mae
472 1363 532 1413 et
571 1355 978 1413 attributorum
1020 1373 1124 1412 seu
1163 1353 1312 1412 forte
1353 1353 1683 1412 fabularum
1730 1351 2104 1412 similitudine
2156 1355 2543 1434 Hippolytum

298 1444 538 1500 seriores
565 1442 920 1520 interpretati
965 1450 1131 1498 sunt:
1175 1440 1289 1498 nisi
1329 1437 1406 1500 ad
1441 1449 1845 1498 commentum
1888 1437 2039 1498 illud
2076 1457 2295 1498 nomen
2336 1439 2539 1515 virbii,

297 1526 393 1583 bis
435 1527 556 1584 viri
569 1565 594 1594 ,
651 1525 985 1606 παλιμβίου
998 1570 1016 1600 ,
1069 1527 1326 1605 ritusque
1365 1525 1662 1604 religiosus
1702 1522 1941 1586 arcendi
1978 1543 2157 1605 equos
2198 1543 2235 1584 a
2270 1524 2404 1583 lucc
2451 1523 2539 1602 (v.
2574 1530 2588 1539 '

299 1613 408 1670 inf.
436 1611 594 1686 778)
623 1608 822 1668 duxit:
865 1621 934 1668 nt
957 1613 1164 1670 veteris
1195 1608 1370 1668 cladis
1398 1613 1747 1670 memoriam
1784 1613 2049 1670 renovari
2087 1607 2251 1670 heroi
2292 1611 2538 1670 nollent.

301 1695 518 1756 Addita
544 1694 682 1754 hinc
723 1698 976 1754 narratio
1021 1693 1094 1754 de
1135 1695 1448 1775 Hippolyto
1489 1715 1525 1756 e
1562 1698 1807 1756 mortuis
1845 1694 2085 1756 reducto
2126 1705 2189 1754 et
2224 1697 2289 1754 in
2330 1712 2541 1756 nomm

299 1784 606 1842 Aricinum
634 1802 668 1840 a
695 1783 882 1839 Diana
910 1779 1179 1842 abduct0.
1221 1803 1278 1842 v.
1311 1779 1478 1840 ovid.
1507 1784 1649 1840 Met.
1678 1782 1807 1856 XV,
1850 1783 1976 1848 532
2002 1799 2164 1862 seqq.
2244 1781 2399 1839 Eam
2446 1781 2541 1840 fa-

299 1870 504 1928 bulam
544 1869 916 1926 Aricinorum
949 1865 1326 1926 domesticam
1363 1865 1537 1926 fuisse
1550 1912 1567 1943 ,
1624 1887 1700 1926 ex
1739 1868 2025 1926 Pausania
2060 1867 2398 1946 intelligitur
2436 1867 2540 1927 lib.

299 1957 374 2028 11,
403 1975 458 2012 c.
487 1955 592 2018 27.
678 1955 848 2012 Nunc
873 1963 1048 2032 poeta
1073 1954 1332 2011 Ariciam
1357 1952 1685 2033 nympham
1706 1952 1847 2013 facit
1894 1949 2083 2035 (quod
2106 1953 2293 2030 magis
2330 1953 2539 2032 placet,

304 2058 483 2122 quam
525 2049 592 2098 ut
629 2039 826 2097 Aricia
864 2040 1000 2098 urbs
1039 2040 1145 2112 sit,
1207 2041 1312 2096 etsi
1349 2039 1430 2096 sic
1467 2040 1571 2098 lib.
1610 2041 1691 2114 X,
1740 2043 1861 2104 172
1902 2037 2248 2114 Populonia
2290 2039 2541 2116 mater),

299 2143 452 2206 quae
483 2145 558 2182 ex
587 2126 902 2206 Hippolyto
931 2126 1156 2206 peperit
1180 2123 1464 2184 virbium.
1534 2126 1727 2184 Multis
1755 2119 1945 2183 modis
1972 2133 2209 2182 tractata
2238 2134 2325 2184 eet
2344 2123 2543 2182 fabula

301 2212 376 2270 ab
405 2212 563 2270 aliis:
607 2209 768 2270 unde
796 2210 1052 2270 diversae
1075 2211 1210 2268 illae
1239 2211 1767 2270 Grammaticorum
1792 2212 2061 2269 rationes.

473 2300 598 2362 783
625 2315 787 2376 seqq.
827 2297 918 2353 De
959 2295 1160 2352 Turno
1191 2297 1428 2376 eiusque
1455 2297 1679 2376 origine
1718 2293 1941 2356 dIctnm
1982 2306 2069 2354 est
2106 2295 2375 2353 Excmu
2412 2293 2542 2355 VII.

301 2381 538 2439 Tribuit
567 2383 621 2438 ei
647 2391 820 2460 poeta
844 2401 904 2438 v.
944 2384 1068 2445 793
1109 2399 1271 2462 seqq.
1312 2399 1562 2460 regnum
1600 2383 1661 2440 in
1710 2381 1977 2438 Rutulos
1990 2423 2017 2451 ,
2074 2399 2326 2460 quorum
2368 2389 2544 2460 caput

304 2465 531 2541 Ardea3
569 2466 818 2524 Accensi
842 2463 905 2523 hi
932 2467 1182 2541 Latinis3
1226 2467 1332 2524 etsi
1355 2466 1649 2526 interdum
1678 2463 1751 2524 de
1790 2469 1859 2524 iis
1902 2469 1982 2526 ita
2023 2463 2296 2541 traditur,
2334 2474 2405 2523 ut
2442 2483 2543 2524 eoa

305 2550 543 2609 aliunde
583 2552 942 2630 immigrasse
983 2562 1184 2629 putes:
1239 2553 1350 2611 nisi
1407 2550 1521 2611 hoc
1575 2552 1649 2611 ad
1704 2555 1997 2633 Daunum,
2032 2560 2264 2609 tantum
2304 2560 2543 2631 spectat,

307 2638 500 2695 Turni
528 2644 780 2714 patrem,
828 2636 930 2716 qui
971 2655 1110 2695 cum
1149 2637 1389 2694 Dauniis
1427 2648 1643 2695 terram
1678 2637 1951 2697 insedisse
1988 2634 2233 2693 videtur.
2319 2637 2545 2695 Saltem

304 2724 438 2795 XII,
469 2726 556 2786 22
588 2720 750 2778 Sunt
772 2718 882 2775 tibi
907 2739 1100 2797 regna
1123 2722 1326 2797 patria
1359 2720 1583 2777 Dauni
1596 2762 1621 2789 ,
1662 2732 1807 2777 arant
1841 2720 2067 2797 oppida
2106 2730 2289 2797 capta
2330 2720 2547 2779 Multa

303 2826 518 2867 manu.
609 2808 678 2863 In
705 2806 1004 2885 Excerptis
1029 2804 1286 2884 Appiani
1307 2804 1410 2865 lib.
1441 2808 1470 2861 1
1513 2804 1741 2863 Rama
1787 2804 2077 2882 Dyr-rheni
2115 2815 2543 2879 memoranturg

301 2892 410 2953 aad
437 2893 674 2964 vitiose3
717 2890 876 2973 quod
904 2893 1080 2949 etiam
1105 2891 1336 2949 monuit
1359 2910 1551 2970 nuper
1594 2891 1667 2951 cl.
1708 2886 1933 2948 Editor.
2016 2888 2211 2967 Copiis
2252 2908 2287 2946 a
2333 2889 2541 2948 Turne

302 2978 590 3038 adductus
619 2987 882 3037 accenset
925 2988 1098 3055 poeta
1142 2978 1318 3034 etiam
1355 2975 1687 3033 Auruncos
1706 3018 1729 3046 ,
1770 2978 1850 3035 cis
1892 2975 2076 3043 Lirim
2116 2972 2333 3032 scilicet
2372 2970 2545 3033 habi-

305 3076 490 3125 tantes
506 3109 524 3140 ,
565 3066 822 3145 aliosque
852 3082 885 3119 a
914 3063 1116 3121 Tiberi
1138 3060 1279 3121 inde
1309 3060 1384 3119 ad
1410 3060 1684 3121 Ufentem
1712 3080 1897 3143 usqne
1921 3060 2236 3120 incolentes
2263 3060 2542 3140 populeae

309 3170 454 3233 quos
479 3161 680 3209 tamen
705 3169 866 3207 nunc
895 3147 1000 3206 sub
1027 3150 1274 3227 imperio
1303 3144 1515 3206 habere
1542 3145 1725 3207 videri
1763 3146 1937 3206 debet
1954 3191 1969 3219 ‚
2016 3146 2292 3229 quoniam
2331 3144 2545 3223 Latini,

307 3236 529 3295 bellum
566 3234 904 3306 recusantis,
963 3244 1152 3312 partes
1195 3242 1253 3291 et
1289 3236 1492 3291 munia
1532 3236 1655 3313 ipse
1695 3242 2038 3309 susceperat.
2081 3232 2235 3291 conf.
2274 3232 2381 3290 inf.
2418 3240 2545 3291 not.

311 3321 384 3380 ad
417 3324 522 3395 xl,
553 3325 698 3385 317.
782 3322 862 3377 Et
887 3322 1038 3377 inter
1073 3316 1180 3377 hos
1224 3315 1462 3399 quidem
1514 3317 1734 3376 Sicana*
1766 3316 1843 3377 ad
1885 3318 2149 3377 Tiberim
2198 3315 2469 3377 videntur
2510 3335 2545 3374 a

307 3416 482 3489 poeta
512 3408 782 3464 collocari
806 3404 908 3463 lib.
939 3406 1042 3477 XI,
1073 3398 1193 3468 817
1237 3406 1302 3460 in
1343 3403 1557 3463 finibus
1594 3404 1975 3463 Rutulorum:
2031 3424 2135 3461 seu
2177 3402 2337 3483 quod
2374 3412 2547 3482 poeta

309 3494 551 3553 Sicanos
578 3510 684 3570 pro
713 3490 924 3551 Siculis
951 3491 1176 3570 posuite
1221 3490 1373 3547 conf.
1401 3490 1646 3549 Excurs.
1674 3491 1729 3547 11
1756 3488 1833 3552 ad
1856 3490 2009 3564 VIII,
2050 3486 2194 3553 314.
2239 3492 2401 3564 3283
2443 3506 2548 3547 eeu

307 3577 471 3661 quod
497 3576 638 3635 alios
666 3586 926 3635 auctores
941 3620 956 3649 ‚
1003 3576 1104 3657 qui
1131 3594 1286 3634 nnnc
1303 3576 1615 3650 interiere,
1650 3588 1925 3657 sequutus
1970 3586 2073 3633 est.
2156 3576 2314 3633 Inter
2349 3592 2547 3654 popu-

306 3664 394 3723 los
437 3682 671 3745 quoque
710 3664 946 3720 Latinos
988 3669 1276 3719 memorat
1329 3658 1584 3718 Sicanos
1620 3660 1844 3721 Plinius
1882 3662 1983 3735 m,
2028 3662 2087 3721 9.
2173 3658 2345 3717 Forte
2382 3659 2547 3717 fuere

311 3768 388 3807 ex
409 3751 734 3828 priscorum
761 3748 1108 3806 Sicanorum
1135 3747 1387 3825 reliquiis
1403 3788 1423 3819 ,
1464 3747 1567 3827 qui
1592 3744 1689 3805 hic
1714 3750 1925 3827 priscas
1964 3743 2127 3804 sedes
2168 3747 2549 3803 retinuerant.

319 3834 628 3892 Sacranae
683 3834 842 3889 acies
898 3851 1005 3910 pro
1049 3828 1394 3889 Ardeatibus
1457 3830 1645 3889 dictae
1704 3830 1972 3890 videntur
1985 3875 2003 3904 ‚
2067 3830 2346 3911 quoniam
2386 3850 2549 3891 sacra

309 3936 562 3997 magnae
617 3918 814 3977 Deum
863 3918 1060 3977 Matris
1113 3936 1149 3973 a
1201 3916 1470 3975 Sacranis
1529 3928 1789 3997 suscepta
1829 3914 2138 3977 habebant.
2222 3916 2391 3973 Certe
2435 3914 2549 3975 hoc

320 4003 730 4060 Sam-anorum
769 4004 1008 4061 nomine
1051 3998 1434 4061 sacen-domm
1473 4001 1585 4059 fuit
1624 4004 1935 4081 collegium
1978 4002 2041 4058 in
2091 4017 2165 4059 ea
2213 4002 2389 4076 urbe,
2446 4001 2551 4082 qni

310 4090 510 4147 Matris
535 4106 786 4165 magnae
813 4090 1008 4146 Deum
1047 4106 1208 4145 sacra
1257 4097 1545 4145 curarent.
1628 4088 1921 4147 Marmora
1961 4088 2098 4144 bina
2137 4087 2202 4143 in
2248 4104 2381 4143 eam
2422 4102 2550 4141 rem

309 4176 433 4231 iam
457 4170 718 4231 laudavit
739 4174 1110 4231 Burmannus
1141 4192 1174 4229 e
1202 4169 1396 4232 Gudio
1423 4188 1559 4250 pag.
1606 4174 1745 4247 XX,
1791 4176 1853 4239 8.
1894 4174 1953 4235 9.
2040 4168 2188 4228 Vide
2230 4168 2436 4228 eadem
2474 4165 2551 4225 il-

309 4260 550 4317 lustrata
577 4276 614 4315 a
639 4258 852 4334 Vulpio
882 4259 1063 4317 Tem.
1092 4258 1145 4315 V
1172 4264 1287 4314 vet.
1316 4258 1468 4314 Latii
1493 4276 1629 4336 pag.
1658 4258 1787 4323 209
1806 4277 1939 4339 sqq.
2024 4258 2176 4313 Festi
2204 4254 2400 4313 locum
2430 4254 2551 4311 iam

307 4342 626 4403 laudarunt
647 4342 838 4423 intpp.
873 4342 1137 4401 Sacrani
1162 4339 1460 4417 appellati
1499 4352 1645 4398 eunt
1674 4343 1871 4401 Reate
1908 4341 2025 4399 orti
2035 4381 2065 4411 ,
2106 4340 2217 4417 qm‘
2254 4357 2327 4395 ex
2364 4336 2551 4413 septi-

305 4428 536 4488 monta>
559 4426 823 4503 Ligures
855 4426 1208 4507 &alaeque
1232 4436 1589 4503 exegemnt:
1644 4443 1789 4485 nam
1814 4444 1949 4485 vere
1977 4442 2147 4481 sacro
2188 4422 2308 4481 orti
2342 4431 2513 4477 erant
2522 4444 2550 4495 ,-
