3009 5050
687 423 1309 502 AENEIDOS
1364 426 1578 504 LIB.
1627 428 1758 522 XI,
1805 432 2243 509 431-450
2406 441 2556 514 635

320 616 641 688 Turnus
678 633 827 708 ego
850 671 873 707 ‚
918 611 1129 688 haud
1160 612 1297 689 ulli
1322 626 1688 690 veterum
1741 615 2028 692 virtute
2059 619 2478 719 secundus,

316 715 645 792 Devovi.
754 714 1031 790 Solum
1062 722 1369 794 Aeneas
1400 731 1652 795 vocat.
1753 720 1891 814 Et,
1943 735 2210 816 vocet,
2265 747 2433 803 oro,

314 823 487 894 Nec
520 821 869 896 Drances
898 821 1199 920 potius,
1252 823 1415 896 sive
1440 833 1562 896 est
1585 821 1782 896 haec
1814 823 1925 898 ira
1963 823 2327 920 deorum,

318 927 585 999 Morte
610 922 809 1014 luat3
877 925 1041 1000 sive
1077 938 1195 1000 est
1234 925 1479 1001 virtus
1509 937 1591 1000 et
1620 923 1866 1022 gloria
1887 985 1908 1024 ‚
1958 926 2200 1006 tollat.

422 1023 547 1100 Illi
590 1026 789 1104 haec
822 1027 1031 1102 inter
1054 1052 1140 1104 se
1184 1026 1443 1103 dubiis
1490 1026 1594 1103 de
1643 1027 1884 1104 rebus
1921 1030 2255 1128 agebant
2411 1041 2560 1115 445

324 1131 780 1222 Certante53
830 1143 1073 1206 castra
1102 1135 1409 1210 Aeneas
1443 1131 1856 1232 aciemque
1883 1133 2280 1214 movebat.

320 1235 659 1310 Nuntius
692 1235 995 1331 ingenti
1024 1259 1173 1335 per
1211 1235 1427 1334 regia
1462 1246 1668 1310 tecta
1695 1237 2046 1313 tumultu

322 1339 527 1412 Ecce
563 1338 757 1427 ruit,
810 1339 1283 1439 magnisque
1308 1337 1602 1414 urbem
1637 1339 2076 1416 terroribus
2109 1339 2394 1441 inplete

323 1442 761 1517 Instructo:
790 1445 957 1518 acie
994 1441 1379 1518 Tiberino
1408 1467 1451 1516 a
1484 1439 1819 1519 flumine
1853 1448 2206 1518 Teucros

325 1544 984 1646 Tyrrhenamque
1000 1569 1332 1621 manum
1352 1545 1539 1619 totis
1569 1545 2060 1624 descendere
2077 1548 2392 1647 campis.
2411 1559 2564 1628 450

458 1749 567 1804 442
595 1756 851 1806 Devovea
878 1760 1009 1806 vett.
1035 1755 1157 1806 edd..
1192 1764 1248 1807 et
1281 1753 1532 1822 deinceps
1557 1751 1814 1821 vulgatae.
1863 1755 2027 1821 (cuius
2061 1753 2306 1808 lectionis
2337 1756 2457 1807 fons
2485 1764 2568 1808 est

323 1818 489 1871 Pelet.
530 1823 679 1886 Wr.)
744 1824 956 1874 Davom·
987 1823 1168 1876 Heins-
1205 1842 1236 1875 e
1269 1823 1407 1876 Pier.
1445 1831 1501 1874 et
1533 1823 1640 1874 suis
1675 1821 1912 1875 omnibus
1948 1834 2004 1876 et
2038 1825 2273 1888 Donato,
2322 1834 2381 1876 ut
2415 1823 2568 1877 etiam

323 1891 468 1942 Serv.
516 1889 584 1941 nd
618 1889 738 1958 ΧΠ,
786 1889 907 1946 234.
975 1896 1189 1947 Devivo
1238 1893 1391 1946 Rom.
1458 1896 1682 1944 Aeneae
1729 1892 1906 1944 solum
1950 1894 2085 1945 alter
2127 1893 2312 1946 Hamb.
2382 1895 2571 1948 Solum

322 1961 543 2012 Aeneae
576 1961 768 2013 vocat?
810 1979 926 2012 cnm
974 1961 1393 2032 interrogatione
1428 1961 1524 2014 Ge.
1561 1960 1766 2012 Fabric.
1801 1978 1900 2013 nec
1931 1962 2089 2020 male.
2158 1966 2234 2014 Ut
2289 1980 2425 2014 nnnc
2471 1974 2570 2028 est,

322 2027 511 2097 eupple
556 2031 773 2083 Devom'
785 2067 803 2094 ,
860 2030 907 2082 ei
957 2041 1177 2086 Aeneas
1235 2043 1413 2084 vocat.

1497 2041 1624 2081 orat
1681 2031 1884 2098 Eugen.
1966 2050 2118 2084 omen
2169 2050 2275 2084 sec.
2323 2033 2570 2086 Rottend.

320 2095 425 2152 443
456 2099 571 2150 eive
604 2099 740 2152 haec
773 2111 857 2151 eet
888 2101 1073 2156 Franc.
1110 2111 1166 2154 et
1200 2100 1364 2154 Goth.
1400 2107 1526 2150 tert.
1564 2103 1698 2166 (cum
1733 2103 1877 2151 Serv·
1905 2101 2091 2155 Dresd.
2131 2103 2280 2167 Wr.)
2349 2121 2484 2153 cura
2514 2103 2568 2154 d.

320 2169 579 2220 Montalb.

715 2165 817 2222 446
854 2169 968 2224 0111·
1012 2173 1159 2224 inter
1206 2188 1331 2222 sese
1381 2170 1434 2221 d.
1471 2167 1568 2221 Ed.
1620 2187 1700 2239 pr.
1747 2169 1920 2221 Burm.
1992 2171 2134 2240 (eece
2172 2169 2380 2289 quidem
2417 2171 2573 2223 etiam

318 2237 530 2301 Medic„
567 2237 662 2289 ned
689 2237 909 2292 alterum
942 2259 1004 2294 ee
1037 2248 1366 2309 expunctum.
1391 2240 1537 2305 Wr.)
1610 2239 1786 2290 variis
1807 2239 2045 2293 Perrhae.
2115 2240 2190 2292 du
2226 2242 2294 2292 iis
2324 2240 2452 2291 dum
2477 2259 2574 2292 re-

321 2305 424 2358 bue
455 2307 593 2359 coni.
626 2308 799 2360 Burm.

936 2307 1041 2363 446
1089 2311 1313 2380 acieque
1355 2309 1492 2360 Ven.
1576 2305 1862 2360 movebant
1907 2307 2129 2361 Dorvill.
2210 2307 2438 2362 vocabat
2469 2324 2570 2378 'pro

322 2393 432 2428 ver.
467 2377 589 2428 lect.
617 2377 832 2432 Oudart.
868 2378 1109 2446 (Aeneae
1140 2378 1353 2444 Medic„
1386 2376 1481 2428 sed
1520 2395 1549 2429 e
1579 2377 1796 2428 ultimae
1819 2377 2006 2429 literae
2032 2378 2290 2446 superseri
2330 2390 2400 2430 ta.
2425 2379 2570 2446 Wr.)

324 2443 429 2498 447
457 2463 564 2515 per
600 2464 648 2498 r.
681 2460 868 2500 castra
902 2465 1006 2500 sec.
1043 2449 1237 2500 Μαι-οὶ.
1354 2447 1457 2500 448
1494 2465 1600 2517 que
1629 2445 1782 2498 abest
1815 2446 2057 2516 Oblongo
2099 2457 2154 2500 et
2177 2449 2302 2498 Perr
2342 2465 2419 2499 as.
2479 2451 2574 2500 in-

316 2511 479 2586 plent
512 2515 717 2583 Hagen.

326 2592 467 2635 ctum
499 2582 584 2636 eit.
654 2603 691 2636 a
722 2584 875 2637 abest
906 2587 1093 2639 Medic.
1128 2606 1161 2641 a
1196 2606 1264 2640 m.
1300 2604 1383 2657 pr.

326 2778 448 2839 epe,
478 2770 547 2818 ut
573 2760 726 2820 solus
754 2758 915 2819 dicar
938 2782 1188 2823 servasse
1214 2784 1405 2845 remp.

327 2842 474 2909 443.
517 2843 663 2909 444.
750 2848 1084 2906 Sententiae
1122 2850 1269 2908 forte
1310 2852 1407 2907 ni-

325 2932 436 2989 mis
482 2942 685 2990 acutae
724 2932 800 2992 ad
846 2944 1110 2993 nostrum
1150 2955 1405 2995 sensum.

324 3017 476 3075 Tres
502 3014 679 3077 habet
706 3019 941 3079 Servius
978 3021 1409 3101 interpretatio-

322 3122 444 3177 nes,
474 3122 725 3185 quarum
738 3106 901 3165 nulla
928 3108 1061 3165 satis
1074 3104 1407 3181 commoda,

326 3190 431 3247 etsi
458 3189 533 3247 ad
560 3210 763 3249 veram
812 3190 1251 3275 quodammodo
1296 3190 1411 3249 du-

326 3294 456 3333 cere
496 3286 756 3355 possunt.
843 3278 1017 3337 Solus
1044 3298 1183 3337 cum
1210 3278 1413 3335 Aenea

326 3361 453 3420 vult
490 3360 769 3442 cong-redi
808 3364 1047 3422 Turnus
1066 3408 1083 3437 ‚
1126 3364 1304 3421 etiam
1346 3380 1415 3419 ea

326 3444 659 3522 dercaussa,
710 3468 791 3507 ne
818 3452 1215 3506 cumbi-unce
1241 3448 1417 3529 quic-

324 3552 505 3616 quam
531 3536 653 3593 sive
681 3532 971 3593 secundae
999 3536 1119 3593 sive
1136 3533 1413 3593 adversae

323 3622 413 3679 rei
464 3620 859 3679 communicet
873 3663 890 3694 ‚
952 3630 1137 3701 utque
1178 3620 1228 3677 is
1274 3628 1333 3676 et
1374 3638 1411 3675 a

326 3706 651 3764 calamitate
697 3717 755 3763 et
800 3726 835 3764 a
880 3705 1153 3763 felicitate
1178 3724 1413 3763 succes-

327 3808 423 3849 sus
452 3790 617 3849 absit.
702 3792 783 3849 Et
826 3800 997 3849 vocet
1032 3792 1303 3860 Aeneas,
1347 3799 1414 3848 ut

328 3894 441 3954 ego
490 3876 643 3934 solus
686 3896 825 3934 cum
870 3894 941 3934 eo
970 3894 1309 3953 congressus
1338 3873 1413 3933 de

326 3978 559 4019 summe
618 3962 757 4019 belli
836 3963 1189 4041 transigam:
1280 3960 1415 4019 Nee

332 4046 615 4104 Drances
651 4048 857 4123 potitae
899 4057 1085 4104 morte
1130 4046 1267 4103 luat
1288 4064 1411 4120 sue,

328 4127 559 4190 occidet
586 4134 885 4189 communi
913 4131 1079 4191 clade
1094 4175 1110 4206 ,
1152 4130 1226 4187 ‘ez‘
1264 4130 1415 4187 haec

328 4218 429 4274 ira
456 4214 703 4273 deorum
720 4228 803 4274 est
832 4216 925 4294 (h.
960 4220 1009 4277 si
1036 4226 1277 4277 eventus
1306 4217 1415 4272 erit

326 4301 467 4361 belli
495 4296 669 4358 huius
710 4303 1071 4383 infaustus),
1115 4320 1257 4374 nec,
1288 4300 1415 4357 eive

327 4396 417 4447 eet
446 4386 643 4443 vcrtm
671 4396 727 4441 et
756 4387 957 4465 gloria
972 4430 999 4459 ,
1040 4390 1089 4447 si
1118 4384 1230 4444 hoc
1260 4384 1415 4443 bello

320 4469 571 4534 laudem
590 4472 809 4531 virtutis
826 4471 1051 4553 (κλέος)
1082 4483 1141 4530 et
1167 4470 1415 4550 gloriam

848 2515 951 2571 449
986 2519 1153 2571 aciem
1183 2518 1341 2572 Voss.
1374 2533 1503 2581 sec„
1540 2524 1599 2566 nt
1631 2517 1933 2569 instructoe
1966 2517 2132 2569 aciem
2165 2516 2454 2587 graec-,inmo
2484 2516 2574 2569 di-

1523 2583 1629 2639 450
1661 2585 1919 2639 decedere
1954 2588 2158 2657 Hagen.

1492 2760 1758 2839 (κῦδος,
1787 2762 2132 2843 victoriam)
2163 2764 2438 2845 consequi
2466 2762 2575 2823 ‹la-

1490 2850 1676 2921 bitur,
1750 2847 1930 2905 tollat
1986 2868 2118 2907 eam
2163 2848 2260 2907 ille
2277 2893 2293 2923 ‚
2354 2849 2576 2909 auferat

1492 2932 1646 2991 hanc
1688 2933 1926 2993 laudem
1963 2954 2072 3015 pro
2123 2954 2226 2993 sua
2255 2944 2416 3013 parte
2468 2932 2577 3011 (ut

1492 3018 1780 3099 αἴρεσθαι
1835 3020 2024 3093 κῦδος
2038 3026 2102 3091 ).,
2193 3018 2390 3097 (Sunt
2429 3016 2576 3079 haec

1494 3124 1636 3163 cum
1657 3105 1918 3163 irrisione
1947 3104 2136 3164 dicta:
2181 3107 2312 3184 Ego
2351 3126 2452 3163 me
2477 3126 2578 3164 so-

1492 3192 1585 3247 lus
1631 3190 1900 3249 obiiciam
1944 3194 2243 3249 communi
2300 3192 2577 3270 periculo,

1494 3294 1574 3333 ne
1600 3276 1856 3336 Drances
1909 3278 2126 3335 scilicet
2169 3288 2410 3357 cogatur
2459 3298 2577 3357 pu-

1496 3380 1708 3439 gnare,
1753 3374 1814 3421 et
1856 3372 1958 3419 aut
1997 3364 2211 3438 vitam,
2274 3384 2390 3445 qua
2433 3361 2580 3422 nihil

1496 3448 1584 3504 illi
1623 3448 1810 3507 carius
1827 3491 1844 3522 ‚
1904 3449 2126 3507 amittat
2143 3492 2160 3523 ‚
2203 3460 2305 3507 eut
2345 3450 2580 3508 fortitu-

1498 3530 1636 3590 dine
1680 3550 1818 3608 sua,
1875 3552 2024 3615 quae
2065 3534 2228 3591 nulla
2269 3545 2385 3608 est,
2448 3536 2581 3614 pal-

1496 3636 1664 3676 mam
1739 3622 1964 3679 virtutis
2097 3620 2114 3637 ”

1506 3703 1614 3762 W
1597 3702 1687 3781 r.)

1583 3789 1736 3847 Gum
1762 3789 2012 3846 sollertia
2039 3799 2099 3846 et
2125 3808 2264 3847 cum
2277 3800 2398 3847 erte
2409 3801 2583 3870 poete

1497 3874 1711 3954 partim
1741 3872 2222 3933 deliberationum
2252 3886 2308 3933 et
2327 3878 2584 3935 incerto-

1497 3978 1632 4018 rum
1660 3960 2182 4041 fluctuantiumque
2211 3962 2584 4021 consiliorum

1498 4048 1726 4103 exitum
1753 4045 1889 4103 fecit
1915 4066 2038 4104 non
2062 4048 2424 4125 praevisum3
2445 4066 2584 4125 per-

1494 4134 1604 4188 tim
1644 4132 1916 4189 instruxit
1953 4142 2014 4190 et
2041 4132 2403 4211 praeparavit
2445 4128 2584 4186 inde

2031 3616 2181 3677 mihi
2251 3621 2581 3699 praeripiat.

1498 4235 1535 4273 a
1571 4236 1630 4273 v.
1663 4214 1798 4279 '434
1836 4236 1924 4297 sq.
1965 4236 2228 4295 pugnam
2267 4216 2420 4270 inter
2457 4215 2582 4269 Ae—
2635 4243 2644 4251 ·

1496 4319 1674 4357 neam
1718 4310 1776 4357 et
1818 4302 2093 4359 Turnum
2110 4345 2127 4375 ,
2183 4300 2246 4355 in
2289 4314 2406 4375 que
2445 4314 2585 4353 ner-

1498 4385 1734 4443 rationis
1764 4395 1822 4441 et
1863 4388 2133 4443 carminis
2159 4382 2275 4439 tela
2303 4380 2450 4435 olim
2477 4380 2586 4437 erit

1500 4467 1846 4527 detexenda.
1923 4468 2018 4527 Ad
2047 4466 2172 4533 445
2189 4473 2248 4521 et
2261 4458 2388 4525 446
2417 4482 2587 4521 com-
