3009 5050
469 387 616 462 160
915 277 2174 453 ’EXCURSUSVII

912 643 1946 734 EXCURSUS
2066 640 2261 728 VII

469 819 586 876 De
639 813 1126 896 fabularum
1211 816 1695 873 Graecarum
1768 835 1964 885 usu,
2042 825 2110 872 et
2190 815 2283 871 de
2354 809 2729 870 Italica-

469 922 641 960 rum
682 902 759 958 in
805 899 1134 960 illarum
1189 913 1563 958 naturam
1620 899 2122 980 deflexurum
2177 896 2497 972 habitu-;
2558 909 2727 956 tum

1365 987 1453 1044 de
1530 987 1807 1044 Turno,

571 1202 574 1206 Δ
635 1159 758 1232 Vll,
801 1161 944 1222 871.
989 1159 1116 1222 372
1158 1157 1242 1214 Ec
1298 1159 1496 1215 Turno
1512 1201 1539 1228 ,
1580 1158 1635 1213 si
1672 1157 1879 1234 prima
1926 1155 2137 1225 domus
2180 1164 2481 1232 repetatur
2517 1153 2693 1229 origo
2698 1193 2722 1221 ,

469 1244 738 1303 Inachus
761 1243 1158 1322 Acrisiusque
1176 1254 1387 1320 patres
1416 1243 1762 1322 mediaeque
1789 1243 2106 1318 ..Mycenae.

636 1331 894 1387 Pravum
949 1332 1100 1387 inter
1156 1332 1450 1386 Romanos
1506 1329 1807 1408 scriptores
1827 1373 1842 1402 ‚
1916 1328 2177 1406 inprimis
2228 1335 2448 1382 veteres
2465 1367 2482 1395 ,
2540 1323 2723 1382 fuisse

466 1414 722 1474 studium
751 1413 1094 1472 deflectendi
1134 1425 1352 1472 veteres
1396 1413 1674 1471 Italorum
1710 1411 1945 1492 mythos
1988 1411 2059 1470 ad
2106 1414 2351 1470 Graecas
2394 1410 2620 1468 fabulas
2662 1419 2723 1466 et

465 1499 768 1580 repetendi
815 1502 1062 1578 origines
1105 1519 1304 1558 rerum
1358 1500 1709 1587 urbiumque
1764 1500 2097 1556 Italicarum
2137 1519 2169 1554 e
2213 1497 2452 1554 Graecia
2471 1539 2488 1570 ‚
2543 1514 2723 1574 supra

466 1588 709 1644 Excurs.
736 1585 816 1642 IV
847 1585 1051 1642 diserte
1082 1586 1407 1664 expositum
1437 1577 1539 1642 est.

636 1668 808 1740 Quod
833 1679 962 1727 tum
983 1673 1134 1728 inter
1163 1689 1383 1728 caussas
1414 1679 1715 1748 corruptae
1744 1667 2015 1728 historiae
2043 1669 2477 1748 memoriaeque
2523 1669 2721 1724 omnis

467 1767 730 1814 veterum
756 1757 1033 1814 Italorum
1063 1757 1396 1814 obscuratae
1423 1757 1628 1814 retuli:
1686 1753 1803 1814 hoc
1852 1755 2120 1833 Virgilius
2137 1797 2154 1828 ,
2210 1773 2473 1812 summus
2520 1763 2721 1831 poeta,

467 1859 574 1900 seu
599 1859 975 1898 communem
1003 1843 1338 1919 opinionem
1365 1852 1671 1922 sequutus,
1713 1859 1813 1900 seu
1834 1885 1849 1914 ‚
1892 1841 1941 1898 si
1990 1843 2206 1898 acriore
2250 1838 2464 1896 iudicio
2507 1857 2721 1896 verum

467 1927 762 2005 perspexit
777 1969 793 2000 ‚
831 1927 1138 1984 utilitatem
1165 1937 1362 1984 tamen
1393 1927 1693 2004 amplexus
1710 1971 1725 2000 ,
1770 1945 1875 2004 pro
1922 1925 2257 1982 adiumento
2297 1925 2595 2003 praeclaro
2640 1923 2721 1982 ad

467 2009 896 2092 expediendam
938 2013 1204 2070 carminis
1245 2015 1336 2070 sui
1373 2015 1676 2070 materiem
1733 2011 2003 2085 adscivit,
2064 2029 2429 2092 erroremque
2448 2055 2464 2082 ,
2517 2029 2721 2067 rerum

467 2098 695 2157 veritati
735 2094 1216 2178 historiarumque
1259 2097 1397 2156 fidei
1439 2099 1871 2156 infestissimum
1890 2142 1906 2172 ‚
1974 2097 2211 2177 poeticis
2256 2097 2572 2154 rationibus
2614 2115 2723 2154 ac-

467 2181 863 2247 commodavit
889 2183 1290 2242 sollertissime.
1695 2188 1702 2196 “

641 2268 794 2326 Cum
824 2271 982 2326 enim
1013 2267 1264 2327 Italicas
1275 2265 1580 2346 fabulas,
1625 2277 1689 2325 ut
1716 2269 1971 2326 novitate
2014 2271 2097 2326 rei
2140 2270 2425 2348 placeret,
2470 2269 2719 2324 carmini

467 2353 729 2412 intexere
775 2355 1155 2412 constituisset
1171 2398 1187 2426 ,
1241 2356 1433 2411 statim
1473 2357 1783 2412 occurrisse
1826 2373 2058 2413 necesse
2106 2366 2189 2413 est
2232 2353 2379 2412 hoc:
2439 2373 2535 2411 eas
2580 2356 2721 2434 qui-

469 2437 642 2510 dem,
693 2458 841 2519 quae
873 2441 1126 2496 carmine
1155 2441 1384 2498 tractari
1411 2441 1663 2518 possint,
1704 2439 1923 2497 fabulas
1968 2461 2088 2498 esse
2122 2459 2369 2519 paucas,
2408 2441 2721 2518 plerasque

470 2546 698 2604 asperas
729 2536 786 2583 et
829 2526 1084 2584 inficetas
1125 2526 1490 2586 nominibus:
1544 2528 1705 2583 cuius
1750 2523 1911 2584 modi
1952 2528 2181 2585 Salacia
2224 2536 2342 2601 est,
2394 2546 2543 2607 quae
2592 2528 2723 2583 Ne-

469 2622 654 2691 ptuno
683 2612 899 2671 coniux
927 2610 1090 2686 data,
1133 2614 1188 2669 N
1191 2614 1437 2686 crimes,
1483 2630 1633 2693 quae
1660 2612 1853 2671 Virtus
1882 2624 2004 2669 erat
2030 2632 2099 2671 ac
2124 2610 2425 2670 Fortitudo
2442 2656 2457 2685 ,
2506 2608 2721 2669 eadem

468 2696 622 2775 fere,
667 2716 814 2777 quae
845 2700 1200 2756 Graecorum
1229 2699 1510 2757 Minerva.
1580 2699 1710 2755 Una
1742 2710 1827 2755 est
1856 2701 2086 2777 egregie
2117 2695 2191 2755 ad
2217 2698 2511 2777 poeticum
2539 2718 2721 2755 usum

467 2782 776 2843 informata
803 2783 996 2843 fabula
1027 2780 1100 2841 de
1143 2785 1285 2858 Ora,
1325 2786 1646 2845 Iuventutis
1693 2783 1799 2841 dea
1818 2829 1833 2859 ,
1878 2786 2117 2854 Quirino
2162 2782 2272 2841 deo
2315 2802 2421 2862 pro
2460 2786 2723 2861 coniuge

470 2866 600 2927 data
621 2912 637 2945 ,
681 2879 746 2927 ut
775 2870 1009 2929 Herculi
1051 2872 1235 2929 Hebe.
1276 2870 1398 2929 vid.
1440 2871 1589 2927 Gell.
1634 2872 1794 2942 XIII,
1836 2874 1919 2933 22
1962 2880 2019 2927 et
2058 2870 2141 2929 ibi
2183 2872 2315 2928 Not.
2402 2867 2527 2927 Sed
2569 2866 2723 2927 haec

468 2974 700 3035 quoque
731 2953 806 3014 ad
836 2956 1124 3015 Graecum
1153 2956 1451 3034 exemplar
1478 2973 1723 3035 procusa
1754 2965 1866 3029 est,
1912 2966 1968 3013 et
1994 2954 2187 3034 ipsum
2223 2954 2453 3013 videtur
2488 2974 2723 3012 nomen

467 3042 758 3098 Graecum
787 3062 939 3112 esse,
964 3037 1158 3119 ”’.Ω,ρα.
1245 3042 1384 3097 Esse
1413 3060 1547 3097 eam
1576 3040 1882 3097 Hersiliam
1902 3085 1917 3112 ,
1958 3038 2065 3099 sed
2110 3038 2283 3099 deam
2316 3040 2531 3099 factam
2574 3060 2724 3098 nar—

467 3129 617 3185 ravit
658 3123 826 3183 Ovid.
873 3126 1012 3181 XIV
1051 3126 1192 3183 Met.
1237 3126 1346 3183 sub
1389 3124 1491 3183 fin.
1575 3122 1734 3183 Vidit
1780 3128 1955 3204 igitur
1995 3128 2159 3185 Maro
2214 3128 2435 3185 fabulas
2486 3126 2725 3185 Italicas

369 3226 377 3233 ·
464 3220 626 3269 tanto
655 3210 1064 3269 tractabiliores
1093 3221 1150 3267 et
1177 3209 2001 3275 carminiaccommodatiores
2041 3212 2165 3271 fore
2184 3258 2199 3286 ,
2245 3232 2361 3293 quo
2406 3212 2595 3289 magis
2640 3212 2727 3270 ad

465 3297 754 3352 Graecam
779 3294 910 3351 illae
941 3298 1222 3355 rationem
1267 3308 1809 3376 attemperarentur,
1852 3300 2185 3357 nominibus
2212 3309 2313 3356 aut
2340 3298 2569 3355 inflexis
2616 3310 2727 3356 aut

460 3380 700 3442 mutatis
732 3388 832 3437 aut
871 3384 1172 3441 translatis.
1259 3382 1402 3441 Inde
1445 3384 1622 3441 etiam
1664 3385 1837 3441 totius
1880 3384 2145 3442 carminis
2189 3382 2501 3467 aequabilis
2540 3392 2729 3441 tenor

467 3484 536 3525 ac
566 3466 726 3522 color
740 3510 755 3536 ,
799 3466 1088 3546 faciesque
1118 3468 1434 3545 elegantior
1462 3488 1530 3527 ac
1560 3468 1782 3528 doctior
1821 3471 2214 3548 proveniebat.
2302 3471 2455 3527 Cum
2494 3478 2725 3543 autem,

467 3548 626 3631 quod
654 3570 780 3629 sup.
826 3552 1070 3609 ExcurS.
1111 3554 1192 3610 IV
1235 3552 1482 3611 vidimus
1501 3600 1517 3623 ‚
1575 3566 1661 3613 tot
1702 3554 2058 3613 diversorum
2097 3554 2447 3635 populorum
2490 3555 2725 3627 Italiae,

467 3654 612 3717 quos
644 3634 903 3693 eiusdem
931 3638 1120 3714 stirpis
1147 3638 1310 3719 quasi
1337 3640 1592 3697 surculos
1623 3660 1689 3697 ac
1718 3644 2061 3719 propagines
2092 3652 2193 3698 aut
2218 3640 2421 3720 populi
2448 3640 2727 3699 eiusdem

465 3722 646 3779 tribus
691 3723 944 3800 appelles
972 3767 987 3796 ‚
1031 3734 1155 3779 tam
1193 3724 1413 3781 multae
1431 3770 1447 3799 ,
1494 3736 1552 3782 et
1610 3722 1865 3783 diversae
1928 3726 2167 3807 quidem
2229 3724 2565 3785 nominibus
2584 3770 2603 3799 ,
2654 3748 2731 3783 re

467 3818 664 3866 tamen
697 3805 772 3865 ad
799 3804 956 3865 idem
985 3806 1106 3865 fere
1149 3804 1453 3869 redeuntes
1469 3855 1486 3883 ,
1532 3820 1721 3869 essent
1762 3815 2115 3871 narrationes
2158 3808 2230 3871 de
2273 3812 2605 3871 auctoribus
2650 3833 2731 3870 ac

464 3892 664 3970 primis
691 3888 960 3951 heroibus
984 3894 1366 3977 regibusque:
1424 3896 1625 3974 selegit
1668 3894 1907 3977 quidem
1948 3918 2023 3955 ex
2052 3901 2130 3977 ⁸iis
2171 3909 2343 3977 poeta
2380 3898 2727 3971 nonnullas,

467 3994 608 4057 quas
638 3981 894 4037 carmine
922 3983 1151 4037 tractari
1178 4000 1344 4059 posse
1373 3980 1633 4055 videbat3
1676 4002 1753 4041 ex
1782 4002 1983 4041 earum
2010 3995 2208 4041 tamen
2234 3984 2493 4063 ipsarum
2512 3981 2731 4041 indole

461 4062 830 4140 intelligitur,
891 4076 1107 4145 quanta
1159 4068 1426 4123 cautione
1469 4066 1531 4123 in
1572 4070 1644 4125 iis
1688 4068 2093 4128 transferendis
2137 4088 2283 4149 opus
2323 4070 2527 4127 fuerit:
2576 4088 2731 4127 cum

461 4166 584 4206 non
610 4146 789 4207 modo
821 4150 1172 4210 obscuriores
1199 4153 1509 4233 pleraeque
1540 4164 1727 4211 essent
1766 4152 2062 4235 doctisque
2108 4156 2240 4213 viris
2286 4154 2471 4215 multo
2516 4157 2732 4213 minus

461 4246 637 4292 notae
667 4255 732 4293 ac
764 4237 1147 4295 Graecanicae
1166 4282 1184 4310 ‚
1225 4258 1432 4295 verum
1461 4248 1518 4295 et
1546 4236 1765 4297 horridi
1794 4236 2014 4320 aliquid
2046 4250 2102 4297 et
2148 4241 2415 4319 agrestis,
2478 4248 2585 4297 aut
2632 4242 2737 4297 ie·-

460 4314 602 4379 iuni'
629 4319 1028 4403 inconditique
1071 4320 1382 4398 haberent,
1439 4321 1599 4404 quod
1654 4344 1730 4381 ne
1784 4326 2099 4403 Virgiliana
2142 4324 2381 4407 quidem
2424 4324 2735 4404 elegantia

459 4406 528 4465 iis
571 4408 786 4494 ubique
825 4408 1146 4489 abstergere
1187 4412 1397 4490 potuit.
1482 4408 1578 4469 Ex
1631 4406 1745 4469 hoc
1792 4430 2008 4488 genere
2062 4421 2229 4471 sun-t:
2294 4410 2523 4469 bellum
2565 4405 2739 4471 inter
