3009 5050
533 328 680 404 168
762 401 775 416 ,
1047 313 1945 416 nxcnnsos
2052 313 2277 392 v111

529 515 619 576 los
675 508 848 572 fuisse
903 509 1201 572 contendit
1221 557 1239 586 ,
1293 520 1354 568 et
1403 519 1611 590 poetae
1656 505 1836 566 huius
1880 505 2349 566 occulu'eeimam
2392 503 2785 586 ᾰᾶιζεπιίωιι

533 598 672 660 inde
700 597 920 678 arguit,
963 595 1124 680 quod
1165 599 1238 656 ab
1275 597 1499 658 Aetolis
1542 593 1657 652 hoc
1698 592 1777 654 ad
1814 594 2095 652 Hernicos
2130 592 2451 666 transtulit,
2517 593 2627 674 qui
2666 593 2787 648 Pe-

533 686 746 762 lasgica
771 684 946 764 stirpe
977 683 1088 742 orti
1116 684 1188 740 ab
1217 683 1452 763 Hygino
1481 678 1813 754 tradantur,
1856 697 1893 736 a
1922 697 2036 760 qua
2066 679 2245 736 etiam
2266 678 2461 737 Aetoli
2488 678 2784 756 originem

533 767 844 830 habebant.
927 771 1117 828 Locus
1145 777 1230 826 est
1269 770 1401 826 satis
1445 767 1743 844 copiosus3
1806 759 1909 824 sed
1950 773 2141 822 totum
2179 762 2456 822 Macrobii
2508 781 2783 838 acumen,

535 863 604 931 pt
630 873 706 912 ex
733 855 929 912 animo
957 853 1149 912 dicam
1163 898 1179 927 ,
1219 851 1434 910 idoneo
1459 849 1645 908 fundo
1674 859 1847 908 caret.
1930 849 2239 926 Virgilium
2278 867 2417 908 oum
2452 849 2607 907 Iulio
2650 851 2783 929 Hy-

533 941 676 1020 gino
703 941 982 998 Hernicos
1011 941 1083 997 ab
1113 940 1364 996 Hernico
1379 981 1397 1012 ,
1439 935 1591 994 duce
1634 936 1879 1014 Pelasgo
1895 979 1913 1010 ,
1966 933 2177 993 ducere
2195 978 2214 1009 ,
2252 951 2547 1016 nusquam
2591 953 2781 1014 appe—

533 1035 644 1084 ret.
728 1025 796 1084 Si
835 1035 1032 1083 tamen
1081 1023 1372 1098 duxisset,
1425 1023 1601 1080 nimis
1658 1022 1837 1100 longe
1888 1021 2069 1099 petita
2124 1039 2217 1078 res
2265 1029 2419 1094 erat,
2472 1029 2783 1099 propterea

537 1108 694 1192 quod
725 1111 796 1168 ab
836 1111 1090 1188 Pelasgis
1129 1111 1323 1168 Aetoli
1363 1127 1601 1190 quoque
1649 1104 1881 1167 oriundi
1922 1115 2117 1178 erant,
2158 1103 2463 1164 transferre
2502 1103 2583 1165 ed
2625 1107 2783 1186 Her-

533 1197 694 1254 nicos
709 1239 726 1270 ,
769 1197 872 1276 qui
897 1193 1045 1254 nihil
1073 1213 1211 1254 cum
1235 1193 1456 1254 Aetolis
1483 1209 1799 1251 commune
1838 1189 2058 1250 habent
2071 1234 2089 1265 ,
2132 1209 2201 1248 ea
2218 1233 2234 1264 ,
2278 1206 2429 1270 quae
2473 1186 2549 1248 de
2590 1191 2785 1250 Aeto-

531 1281 602 1340 lis
629 1291 857 1340 narrata
883 1292 1037 1340 sunt.
1123 1279 1245 1340 Sed
1271 1300 1383 1353 nee
1408 1279 1681 1356 Virgilius
1708 1277 1971 1346 Hernicis
1996 1274 2059 1333 id
2085 1276 2393 1356 praecipue
2434 1275 2639 1337 tribuit
2652 1321 2673 1349 ,
2720 1287 2783 1336 ut

532 1385 652 1426 uno
677 1364 832 1446 pede
859 1368 1114 1426 calceato
1127 1409 1146 1440 ,
1189 1365 1370 1424 altero
1398 1360 1561 1422 nudo
1580 1407 1597 1438 ,
1640 1361 1941 1437 incedant,
1984 1381 2191 1421 verum
2232 1363 2475 1420 omnino
2516 1362 2783 1422 Praene-

531 1453 817 1512 stinorum
857 1463 916 1510 et
959 1453 1251 1510 sociennn
1291 1450 1547 1528 agmini:
1602 1467 1797 1530 neque
1838 1449 1936 1506 ille
1976 1444 2205 1506 habitus
2240 1445 2389 1506 adeo
2422 1447 2683 1508 insolens
2724 1459 2785 1506 et

533 1535 612 1596 ed
639 1534 1094 1616 excogitandum
1135 1534 1382 1594 difficilis
1423 1544 1547 1596 erat
1562 1577 1580 1608 ,
1646 1543 1712 1592 ut
1754 1543 1961 1612 poetae
1996 1534 2057 1590 in
2107 1533 2372 1590 animum
2410 1534 2617 1591 venire
2654 1551 2783 1592 non

531 1631 755 1701 posset3
797 1620 1037 1680 tandem
1065 1632 1126 1679 et
1149 1623 1214 1680 in
1257 1639 1328 1680 eo
1361 1621 1591 1680 fallitur
1622 1619 1983 1693 Macrobius,
2044 1615 2205 1699 quod
2238 1615 2407 1677 laune
2448 1637 2679 1676 morem
2716 1621 2785 1677 iu

537 1705 726 1764 Italia
747 1706 951 1784 suioee
966 1749 990 1777 ,
1039 1717 1108 1764 ut
1135 1727 1254 1763 uno
1267 1705 1428 1784 pede
1458 1703 1724 1764 calceato
1739 1746 1766 1775 ,
1826 1703 2015 1760 altero
2048 1701 2212 1762 nudo
2226 1743 2253 1774 ,
2306 1703 2495 1760 irena
2524 1703 2620 1761 ad
2650 1702 2785 1762 bel-

449 1821 458 1826 ·
535 1789 666 1848 lum
681 1831 707 1861 ,
749 1811 1052 1869 nusquam
1092 1801 1406 1869 repererat.
1496 1793 1651 1850 Nam
1678 1791 1927 1850 occurrit
1950 1789 2050 1847 ille
2084 1789 2299 1869 passim
2317 1831 2336 1862 ‚
2374 1798 2441 1847 ut
2479 1789 2547 1846 in
2592 1791 2783 1849 Grae-

534 1877 617 1936 cis
643 1878 724 1934 sic
751 1876 816 1934 in
855 1878 1110 1936 Etruscis
1151 1879 1547 1938 monumentis
1564 1921 1583 1950 ,
1640 1877 1902 1956 inprimis
1942 1875 2007 1932 in
2048 1875 2195 1934 vasis
2212 1917 2230 1948 ,
2288 1885 2353 1935 ut
2392 1872 2549 1954 apud
2590 1877 2785 1934 Dem-

531 1971 792 2041 psterum
817 1961 882 2018 in
907 1963 1138 2020 Etruria
1166 1963 1346 2041 regali
1385 1973 1430 2022 t.
1473 1965 1559 2028 90
1598 1962 1659 2020 in
1704 1963 1749 2022 f.
1832 1961 2015 2019 Porro
2034 2003 2051 2035 ,
2112 1971 2181 2018 ut
2222 1959 2358 2021 Silii
2388 1961 2783 2020 imitationem

533 2046 832 2120 omittam,
877 2048 979 2128 qui
1007 2045 1230 2108 datJib.
1259 2049 1410 2122 VIII,
1437 2047 1557 2112 421
1607 2048 1837 2107 Sabinis
1876 2045 2049 2104 laevo
2096 2047 2363 2124 tegmina
2394 2065 2569 2102 cna-e
2610 2047 2785 2122 (nam

531 2141 770 2212 gentem
795 2133 1080 2212 Libycam
1105 2130 1189 2191 nil
1215 2153 1517 2192 moramur
1542 2133 1643 2190 lib.
1682 2135 1785 2208 111,
1826 2133 1952 2198 279
1992 2131 2087 2192 cui
2124 2141 2259 2188 sunt
2302 2129 2473 2188 laem
2508 2133 2785 2210 tegmina

533 2219 732 2296 crm‘e)
753 2259 776 2288 ,
819 2215 977 2298 apud
1005 2218 1236 2276 Livium
1265 2238 1500 2301 quoque
1528 2219 1633 2292 IX,
1664 2219 1747 2281 40
1786 2218 2141 2276 Samnitium
2168 2226 2463 2274 annatura
2490 2217 2785 2276 eiusmodi

531 2313 825 2375 narratur,
881 2313 948 2361 ut
1003 2304 1312 2360 sinistrum
1369 2324 1511 2362 oms
1568 2323 1741 2360 ocrea
1786 2312 2005 2360 tectum
2052 2299 2359 2360 haberent.
2452 2303 2565 2374 Qui
2616 2303 2783 2362 locus

531 2387 848 2446 Aristotelis
877 2407 1150 2446 censurae
1177 2390 1355 2447 robur
1381 2388 1595 2447 addere
1620 2386 1849 2446 videtur
1862 2431 1881 2462 ,
1924 2389 2027 2469 qui
2064 2385 2407 2467 Euripidem
2454 2385 2783 2466 reprehen-

533 2469 726 2548 derat,
770 2471 931 2554 quod
957 2474 1190 2533 laevum
1233 2473 1448 2555 pedem
1485 2473 1743 2549 nudmn,
1804 2473 2076 2535 dextrum
2118 2483 2442 2549 ocreatum,
2498 2475 2785 2535 tribuerat

531 2556 758 2617 Thestii
781 2560 973 2617 liberis
999 2560 1342 2621 Aetolorum
1379 2580 1578 2635 more3
1620 2580 1761 2618 nam
1802 2560 1959 2641 apud
2002 2558 2108 2618 hos
2150 2562 2504 2619 contrarium
2544 2578 2781 2619 morem

531 2645 842 2703 obtinuisse
871 2647 978 2721 (ita
1006 2648 1164 2705 enim
1191 2647 1509 2705 Aristotelis
1552 2647 1729 2707 verba
1770 2648 1845 2705 ab
1884 2644 2207 2725 Euripideis
2248 2646 2518 2725 seiungo)
2536 2691 2555 2721 ,
2614 2656 2675 2705 et
2712 2646 2783 2705 id

529 2728 767 2811 quidem
793 2733 1036 2807 merit03
1079 2752 1199 2791 non
1229 2734 1388 2791 enim
1413 2734 1647 2791 laevum
1668 2776 1684 2807 ,
1726 2730 1829 2809 sed
1870 2730 2142 2791 dextrum
2179 2728 2426 2809 pedem,
2468 2742 2783 2813 tamquam

529 2818 876 2875 anteriorem
925 2827 982 2875 et
1029 2817 1531 2897 praegredientem
1550 2864 1569 2893 ,
1624 2816 1853 2875 nudtun
1890 2828 1949 2876 et
1990 2816 2331 2897 expeditum
2374 2836 2496 2878 esse
2540 2816 2781 2877 debere.

529 2900 895 2961 Contrarium
931 2912 1130 2961 tamen
1172 2914 1450 2984 sequutus
1495 2914 1582 2961 est
1626 2903 1895 2981 Virgilius
1910 2947 1928 2977 ,
1970 2922 2081 2959 nec
2120 2902 2317 2961 minus
2360 2912 2535 2961 recte.
2620 2904 2783 2963 Nam

525 2986 820 3065 Euripidis
857 2986 1226 3065 reprehensio
1265 2990 1498 3067 proprie
1542 2986 1621 3046 ad
1660 2991 1945 3046 rationem
1995 2986 2279 3046 adiectam
2324 2984 2413 3061 αἷς
2446 2986 2785 3071 &luppiter

525 3062 680 3152 γόνυ
701 3070 892 3149 ἔχοιεν
917 3082 1168 3150 spectat:
1211 3082 1270 3130 et
1297 3074 1593 3131 sinistrum
1620 3092 1748 3131 crus
1776 3085 1930 3132 recte
1968 3072 2183 3131 nudari
2222 3075 2413 3152 potuit
2427 3118 2443 3149 ,
2496 3074 2785 3155 quando-

527 3152 768 3235 quidem
809 3165 973 3213 scuto
1015 3158 1336 3236 tegebaturoe.
1431 3160 1523 3217 Ita
1560 3156 1635 3217 de
1670 3158 1859 3237 prisca
1898 3160 2299 3217 Romanorum
2340 3160 2547 3218 militia
2573 3162 2787 3239 Vege-

525 3240 640 3297 tius
665 3240 766 3297 lib.
811 3241 858 3313 1,
915 3260 968 3299 c.
997 3246 1081 3307 20
1111 3244 1352 3301 Pedites
1375 3246 1639 3315 scutati,
1680 3254 1927 3321 praeter
1966 3242 2391 3322 cataphractos
2430 3255 2491 3301 et
2522 3246 2787 3326 galeas,

527 3324 708 3379 etium
721 3323 965 3401 ferreas
999 3346 1201 3385 ocreas
1237 3330 1300 3385 in
1353 3327 1567 3389 dextris
1610 3330 1868 3389 cruribus
1898 3340 2247 3409 cogerentur
2276 3332 2567 3409 accepere.
2613 3335 2785 3391 conf.

524 3409 682 3487 Lips..
709 3407 786 3466 de
811 3410 1018 3467 Militia
1043 3412 1358 3471 Romanor.
1387 3417 1490 3489 111,
1520 3419 1583 3478 7.
1670 3416 1926 3497 Utraque
1954 3414 2099 3475 adeo
2129 3418 2275 3474 ratio
2302 3436 2413 3475 usu
2440 3426 2499 3475 et
2526 3419 2787 3479 oonsilio

526 3490 874 3553 defenditur.
958 3496 1110 3553 Nam
1137 3517 1248 3556 nec
1277 3500 1468 3557 minus
1499 3498 1709 3557 laevus
1726 3521 1873 3577 pes,
1930 3504 2033 3582 qui
2056 3503 2119 3559 in
2142 3501 2352 3579 gradu
2378 3501 2639 3561 madan·
2677 3506 2789 3561 ἰα-

526 3576 789 3635 calanus
829 3579 930 3638 vel
955 3582 1243 3659 sagittam
1286 3584 1599 3641 entiuentie
1638 3588 1901 3643 macrior
1942 3598 2043 3661 est,
2090 3587 2185 3663 (ut
2210 3588 2315 3645 inf.
2344 3590 2423 3662 X,
2468 3587 2599 3653 58⁴7
2612 3610 2791 3667 pro-

524 3664 672 3721 iecto
701 3663 847 3721 dum
870 3664 1031 3744 pede
1059 3665 1232 3724 laevo
1267 3678 1446 3744 aptat
1475 3690 1539 3726 se
1571 3671 1851 3751 pugnae)
1882 3692 2021 3729 cum
2054 3683 2219 3731 scuto
2246 3674 2367 3751 tegi
2388 3692 2513 3733 non
2554 3687 2789 3754 posset,

525 3767 691 3807 ocrea
719 3753 934 3808 muniri
959 3753 1150 3831 potuit
1177 3772 1246 3810 ac
1274 3749 1493 3812 debuit.
1578 3757 1797 3813 Verum
1824 3758 2000 3815 etiam
2026 3760 2077 3817 si
2100 3770 2265 3817 sento
2290 3768 2617 3837 tegeretur,
2676 3764 2785 3820 vel

522 3833 604 3892 sic
631 3843 827 3892 tamen
855 3837 956 3895 ille
984 3855 1152 3895 ocrea
1178 3838 1395 3897 muniri
1421 3842 1610 3919 potuit
1624 3884 1640 3915 ,
1696 3840 1900 3899 dexter
1926 3842 2135 3903 nudari
2152 3888 2171 3918 ,
2226 3842 2460 3925 quando
2486 3846 2555 3905 in
2576 3846 2789 3924 gradu

522 3919 758 3977 militari
785 3916 880 3979 hic
923 3933 1074 3981 retro
1102 3922 1420 3999 ferebatur,
1477 3925 1675 3985 laevus
1704 3930 1955 3987 anterior
1982 3938 2137 4003 erat,
2180 3940 2249 3987 ut
2274 3950 2332 3988 v.
2362 3950 2415 3987 o.
2442 3932 2507 3989 in
2536 3930 2789 4009 gladia—

521 4012 646 4061 tore
675 4004 736 4061 in
767 4024 941 4085 opere
969 4007 1170 4085 figlino
1201 4008 1386 4083 (term
1415 4012 1600 4089 cotta)
1632 4032 1900 4091 expresso
1931 4033 2023 4093 ap.
2038 4016 2337 4073 Eminent.
2356 4014 2529 4073 Card.
2552 4015 2785 4096 steph.

519 4090 732 4167 Borgia
771 4091 834 4148 in
859 4093 1062 4151 Museo
1091 4094 1404 4154 Veliterno.
1447 4096 1751 4172 (Guattani
1780 4099 2063 4157 Monum-
2114 4110 2244 4157 ant.
2290 4100 2451 4159 ined.
2486 4120 2543 4160 a.
2578 4106 2787 4167 1787.

517 4176 601 4233 Μ.
657 4176 814 4233 Maio
885 4178 1004 4235 tab.
1047 4180 1129 4235 ΠΙ
1173 4190 1230 4238 et
1270 4202 1331 4260 p.
1377 4179 1482 4245 48.
1526 4180 1631 4246 45.
1716 4183 1809 4241 An
1850 4182 2251 4264 anaglyphum
2292 4188 2404 4245 No.
2452 4190 2577 4251 182
2606 4190 2789 4267 apud

517 4256 998 4321 winckelmaun.
1042 4266 1202 4323 Mon.
1245 4276 1364 4323 ant.
1407 4262 1524 4324 huc
1564 4269 1757 4325 vocari
1781 4270 1957 4348 possit
1974 4313 1993 4344 ,
2050 4269 2283 4329 dubito:
2344 4268 2561 4329 Achilli
2586 4278 2787 4335 armis

516 4346 717 4407 sumtis
759 4346 996 4407 alteram
1055 4368 1288 4408 ocream
1327 4352 1480 4409 cruri
1527 4352 1846 4414 circumdat
1888 4356 2083 4413 nescio
2130 4357 2306 4437 quis.)
2390 4358 2525 4419 Alio
2568 4380 2785 4433 sensu,
