3009 5050
619 422 1230 505 AENmnos
1278 426 1491 503 Lm.
1539 428 1718 523 ΧΠ,
1773 436 2214 507 ses-386

2374 438 2526 509 763

276 616 681 707 Loricam,
735 626 818 689 et
844 637 1254 689 summum
1292 612 1654 712 degustat
1686 613 2014 691 volnere
2047 636 2354 717 corpus.
2395 632 2404 642 ’

279 717 429 796 Ille
458 731 727 792 tamen
762 714 1017 817 clipeo
1052 716 1371 792 obiecto
1404 741 1828 794 conversus
1865 720 1946 794 in
1976 719 2296 795 hostem

279 821 491 920 Ibat,
542 833 621 896 et
676 819 1045 895 auxilium
1093 819 1334 896 ducto
1364 844 1754 896 mucrone
1788 821 2147 921 petebatz

285 927 493 1004 Cum
536 936 711 999 rota
760 925 1280 1025 praecipitem
1310 937 1391 999 et
1420 948 1809 1026 procursu
1838 928 2191 1001 concitus
2233 926 2387 1002 axis

282 1027 619 1129 Inpulit,
674 1024 1183 1128 effunditque
1215 1027 1425 1118 solo;
1480 1032 1964 1128 Turnusque
1989 1042 2305 1105 secutus
2378 1038 2532 1113 380

281 1136 541 1209 Imam
568 1133 777 1206 inter
804 1130 1111 1229 galeam
1140 1133 1433 1207 summi
1471 1130 1818 1205 thoracis
1849 1144 1930 1205 et
1971 1155 2148 1206 oras
2367 1144 2378 1155 ·

283 1233 627 1313 Abstulit
656 1258 847 1309 ense
880 1246 1152 1335 caput,
1190 1246 1726 1335 truncumque
1768 1232 2092 1336 reliquit
2124 1258 2431 1314 arenae.

388 1342 651 1437 Atque
682 1362 775 1413 ea
806 1337 1004 1414 dum
1036 1338 1330 1438 campis
1361 1337 1614 1413 victor
1647 1336 1780 1412 dat
1806 1333 2088 1413 funera
2121 1342 2484 1417 Turnus:

281 1444 603 1517 Interea
630 1448 953 1517 Aenean
996 1440 1461 1545 Mnestheus
1492 1453 1573 1515 et
1601 1438 1814 1515 fidus
1839 1438 2178 1517 Achates

283 1544 663 1623 Ascanius
718 1568 824 1621 ue
863 1568 1136 1620 comes
1174 1544 1437 1619 castris
1460 1556 1806 1619 statuere
1843 1558 2290 1641 cruentum,
2384 1552 2536 1624 385
2617 1560 2634 1577 ·

285 1646 663 1726 Alternos
729 1669 934 1746 onga
964 1648 1360 1724 nitentem
1388 1646 1714 1750 cuspide
1753 1669 2084 1746 gressuS.

427 1838 533 1895 878
566 1838 762 1891 educto
794 1837 1002 1907 aliquot
1040 1838 1177 1890 Pier.
1214 1847 1270 1889 et
1300 1846 1411 1891 tres
1444 1840 1738 1903 Burmann„
1785 1838 1928 1920 quod
1961 1838 2176 1920 vulgare
2201 1845 2360 1889 esset.
2431 1838 2542 1889 ad-

288 1908 458 1961 ducto
506 1908 761 1973 Parthas„
806 1924 1100 1978 perperam.
1170 1907 1335 1959 ducto
1380 1926 1417 1961 a
1450 1927 1708 1961 mucrone
1736 1907 1830 1960 alu
1877 1908 2020 1978 apud
2065 1910 2202 1960 Pm.
2235 1924 2349 1958 oum
2383 1908 2540 1959 Rom.

210 1978 225 1991 ⁸
287 1979 485 2031 stricto
520 1980 783 2041 Donatus,
817 1987 927 2029 tum
960 1974 1165 2029 Zulieh.
1200 1978 1367 2031 Goth.

1437 1996 1481 2030 r.
1520 1987 1575 2030 et
1607 1994 1713 2030 nou
1746 1977 1906 2029 ruodo
1941 1978 2161 2029 Mediol.
2191 1994 2224 2029 a
2245 1970 2539 2027 But-manno

286 2047 534 2114 laudata,
569 2048 665 2099 sed
698 2064 879 2099 omnes
910 2056 1129 2099 nostrae
1161 2056 1293 2098 vett.
1328 2047 1393 2099 ed
1430 2085 1465 2110 .,
1502 2065 1665 2116 usque
1703 2047 1773 2099 ad
1807 2046 1925 2099 ald.
1961 2064 2061 2114 pr„
2095 2048 2150 2099 in
2185 2063 2287 2115 qua
2319 2045 2544 2114 primum

286 2118 456 2171 ducto
490 2126 776 2186 comparet.
844 2116 1051 2169 zulich.
1090 2133 1123 2168 a
1160 2134 1227 2169 m.
1266 2134 1349 2187 pr.
1383 2116 1640 2187 pambas.

286 2186 483 2241 Medic.
520 2196 574 2239 et
598 2184 745 2247 huin
780 2186 917 2238 adde
940 2184 1106 2238 Goth.
1135 2202 1241 2237 sec.
1275 2202 1376 2254 pro
1398 2186 1641 2253 vulgato:

288 2257 529 2323 vigorem
558 2255 804 2307 conciliat
842 2254 1091 2307 orationi.
1132 2254 1276 2320 Wr.)

288 2324 574 2377 Pierianis:
608 2323 764 2390 vulgo
793 2322 1007 2391 effudit.

1142 2322 1245 2377 381
1283 2340 1586 2375 cummas—
1613 2341 1744 2376 oras
1776 2324 1936 2377 Goth.
1979 2342 2086 2376 see.

1791 2116 1896 2172 579
1953 2120 2082 2168 Cum
2121 2128 2248 2168 rota
2287 2116 2470 2170 Heius.
2509 2132 2544 2167 e

1693 2190 1876 2253 Quem.
1923 2186 2022 2253 (ita
2049 2187 2242 2244 Palam
2291 2186 2386 2237 aed
2414 2190 2544 2237 Cum

1378 2255 1481 2309 880
1503 2254 1742 2324 effundis
1772 2255 1914 2307 idem
1949 2273 1980 2308 e
2011 2255 2316 2307 melioribus
2349 2254 2456 2306 suis
2490 2264 2547 2307 et

2221 2323 2329 2378 382
2367 2324 2544 2377 relin-

292 2395 417 2461 quit
442 2395 575 2444 Veu.
606 2400 661 2442 et
685 2391 887 2459 aliquot
910 2390 1048 2443 Pier.
1116 2408 1324 2443 arenae
1360 2392 1642 2443 seeundum
1680 2390 1962 2460 plerosque
2003 2392 2270 2443 Pieriunos
2301 2402 2357 2443 et
2394 2409 2546 2443 eom·-

336 2460 475 2512 iures
503 2476 625 2512 suos
650 2460 855 2527 recepit
884 2458 1125 2510 Heinsius
1144 2498 1159 2520 ‚
1190 2468 1453 2528 tamquam
1488 2460 1796 2527 exquisitius
1838 2461 2162 2526 (praeiverat
2200 2470 2374 2511 tamen
2409 2470 2462 2512 et
2490 2463 2549 2511 iu

338 2545 423 2593 oc,
456 2539 515 2581 ut
558 2530 615 2581 iu
656 2527 938 2581 innumeris
980 2529 1429 2582 emendationibus
1476 2529 1772 2582 Heinsiauis
1787 2567 1802 2594 ,
1861 2530 2269 2582 commeliniaua
2331 2531 2546 2596 editio):

294 2599 488 2666 vulgo:
525 2615 727 2663 arena,
761 2599 903 2668 quod
934 2599 1196 2649 Romanus
1224 2607 1418 2652 tuetur.

1555 2597 1659 2652 885
1692 2601 2072 2668 Ascaniusqqe
2098 2617 2240 2669 puer
2268 2602 2547 2664 Romanus,

294 2669 443 2738 quod
476 2667 737 2736 praefero.
806 2668 1074 2720 Accedunt
1111 2667 1161 2718 ei
1198 2667 1367 2736 bigot.
1384 2685 1391 2690 ·
1408 2678 1461 2720 et
1485 2669 1649 2721 Goth.
1689 2683 1794 2723 see.
1836 2678 1890 2719 et
1921 2669 2172 2720 Donatus.
2243 2687 2420 2721 eomes
2445 2668 2550 2720 fri-

294 2746 409 2808 get.
461 2737 761 2804 (Mnestheo
802 2745 859 2789 et
898 2737 1126 2790 Achatae
1155 2743 1365 2788 Aenean
1398 2737 1453 2788 iu
1483 2746 1658 2789 eastra
1679 2737 2050 2790 reducentibus
2081 2739 2327 2790 Munius
2355 2756 2412 2790 se
2441 2738 2550 2790 ad-

293 2807 383 2860 dit
424 2807 685 2860 comitem.
754 2807 813 2858 ln
848 2807 931 2858 his
972 2805 1105 2858 nihil
1140 2805 1328 2870 video,
1387 2806 1533 2876 quod
1569 2805 1761 2874 frigent
1804 2815 1896 2858 aut
1933 2823 2040 2859 nou
2075 2806 2204 2857 satis
2247 2808 2554 2875 expeditum

296 2877 393 2941 sit,
428 2877 529 2928 nisi
558 2877 699 2927 forte
721 2875 866 2945 quod
894 2876 1109 2928 verbum
1144 2887 1390 2927 statuere
1416 2877 1636 2944 proprie
1665 2877 1733 2929 ad
1759 2875 1889 2928 duos
1924 2875 2124 2946 priores
2159 2885 2354 2929 tantum
2377 2877 2551 2945 perti-

292 2955 409 2999 net.
476 2964 615 3014 puer
655 2947 811 2999 etiam
846 2947 900 3001 8.
934 2955 1216 3000 retractum
1258 2961 1323 2998 α
1364 2947 1429 3013 11,
1461 2944 1582 3001 598.
1623 2955 1716 2998 aut
1753 2945 1912 2998 simili
1959 2945 2112 3012 10003
2158 2945 2267 3000 vid.
2293 2947 2360 3002 V.
2385 2947 2450 3002 1..
2481 2945 2552 2999 ad

294 3017 401 3082 xl,
430 3015 517 3070 98.
558 3017 705 3084 Wr.)

296 3173 595 3236 nudatum
638 3197 761 3236 esse
803 3189 1061 3259 apparet.
1147 3175 1249 3236 sio
1296 3175 1391 3234 fa-

298 3263 417 3327 cile
470 3261 599 3320 fieri
652 3265 843 3344 potuit
864 3309 881 3338 ‚
950 3273 1019 3322 ut
1085 3263 1391 3343 paululum

298 3367 648 3430 procurrens
678 3348 753 3407 ad
780 3351 964 3408 ictum
990 3351 1167 3429 ipsius
1194 3349 1392 3408 Turni

302 3453 371 3493 se
428 3446 762 3514 exponeret.
827 3435 1019 3510 W.)
1119 3431 1393 3513 Phegeus

297 3519 526 3598 pendet
548 3521 713 3600 iugis
742 3519 815 3578 ab
858 3522 1046 3603 equis,
1086 3539 1231 3601 quos
1270 3519 1393 3578 fre-

304 3608 397 3664 nis
456 3603 951 3686 apprehenderat,
1018 3625 1273 3687 cumque
1322 3607 1393 3664 iis

306 3691 592 3767 luctatur,
640 3689 785 3751 dum
824 3691 911 3749 illi
953 3691 1295 3752 obnituntur
1336 3703 1395 3750 et

308 3788 677 3854 procurrunt.
776 3779 937 3855 Inter
988 3775 1134 3836 haee
1177 3777 1395 3835 lancea

312 3866 700 3942 consequitur
728 3873 1038 3934 retectum,
1080 3861 1143 3922 h.
1170 3866 1232 3921 in
1262 3865 1393 3922 loeo

313 3951 567 4024 corporis
608 3951 830 4029 patenti
871 3969 983 4008 neo
1026 3949 1213 4029 clipeo
1240 3959 1395 4007 teoto

312 4036 653 4110 percutitur.
737 4035 901 4096 Tusn
938 4035 1037 4092 ille
1077 4053 1395 4092 conversus

316 4117 513 4191 stricto
542 4119 737 4197 gladio
764 4123 825 4178 in
854 4119 1079 4178 hostem
1105 4121 1246 4195 ibat,
1294 4121 1397 4201 qui

318 4220 459 4258 eum
485 4205 885 4265 vulneraverat
901 4251 917 4280 ,
947 4207 1050 4287 qui
1076 4204 1223 4264 adeo
1254 4207 1397 4264 alius

318 4305 387 4344 ao
417 4285 673 4350 diversus
698 4293 770 4350 ab
799 4291 1007 4350 Turno
1036 4311 1158 4351 esse
1179 4291 1399 4351 debuit.

315 4373 485 4432 Tum
523 4377 685 4456 equis
738 4379 859 4437 eius
917 4397 1102 4436 manu
1155 4375 1399 4436 dimissis

317 4459 558 4520 Turnus
586 4459 810 4522 invehit
848 4483 1102 4546 eumque
1145 4471 1401 4543 prostra-

1471 3185 1601 3234 tum
1631 3177 1858 3236 obterit.
1943 3175 2094 3242 375.
2139 3173 2374 3234 bilicem
2387 3217 2416 3248 ,
2457 3177 2554 3259 bi-

1472 3265 1565 3339 nis
1591 3263 1734 3322 liciis
1750 3307 1768 3338 ,
1811 3261 2045 3320 filorum
2075 3261 2370 3322 ordinibus
2388 3307 2404 3338 ,
2449 3282 2555 3322 seu

1474 3368 1552 3406 ex
1592 3349 1714 3407 lino
1756 3367 1861 3406 seu
1905 3367 1981 3406 ex
2009 3367 2159 3424 aere,
2191 3348 2554 3426 (bracteolis,

1472 3435 1751 3493 catenulis
1765 3478 1784 3508 ‚
1836 3435 2134 3515 squamis)
2180 3435 2414 3494 saetam.
2487 3445 2558 3494 ut

1474 3517 1730 3576 &ilicem
1767 3539 1895 3600 sup.
1938 3521 2040 3594 ΙΙΙ,
2082 3519 2226 3584 467.
2271 3521 2342 3596 V,
2389 3519 2558 3595 259„

1472 3605 1575 3663 ubi
1603 3607 1738 3664 Not.
1823 3609 1905 3671 37
1907 3607 1966 3668 6.
1999 3605 2280 3684 degustat
2289 3647 2318 3677 ,
2359 3616 2423 3664 ut
2463 3607 2559 3666 bi-

1472 3691 1647 3749 bere:
1677 3693 1759 3750 sio
1786 3692 1906 3748 iam
1933 3685 2220 3772 γεύεσθαι
2246 3711 2354 3772 pro
2382 3694 2560 3750 strin-

1476 3795 1618 3856 gere
1655 3777 1727 3835 ll.
1756 3799 1817 3851 v,
1849 3777 1996 3842 258·
2027 3799 2096 3855 φ,
2124 3781 2229 3842 60.
2259 3781 2337 3842 61
2362 3797 2380 3854 ;
2423 3779 2562 3838 alibi

1478 3864 1592 3920 alia
1641 3859 1829 3942 figura
1868 3859 2175 3944 ἐπέγραψε
2217 3861 2385 3944 χρόα.
2426 3875 2564 3922 rota

1479 3959 1538 4006 et
1565 3949 1701 4006 axis
1718 3967 2018 4026 procursu
2045 3951 2341 4022 concitus,
2370 3949 2562 4009 Turni

1475 4044 1640 4115 puta.
1751 4037 1896 4098 881.
1940 4037 2086 4100 382.
2165 4036 2256 4093 De
2309 4036 2564 4093 vulneris

1479 4118 1618 4179 sede
1647 4139 1714 4178 ac
1743 4117 1922 4178 modo
1941 4121 2004 4177 in
2021 4121 2146 4200 ipsa
2173 4121 2409 4178 cervicis
2430 4138 2566 4177 ver-

1477 4207 1644 4265 tebra
1667 4206 1846 4282 illati3
1875 4206 2032 4264 conf.
2059 4223 2188 4282 sup.
2217 4207 2326 4279 xl,
2355 4205 2566 4268 691—

1481 4293 1627 4367 693,
1659 4301 1717 4350 et
1742 4293 1823 4349 ibi
1861 4291 1997 4350 Var.
2025 4291 2189 4348 Leet.

1567 4381 1714 4444 888.
1756 4374 1932 4435 Redit
1957 4373 2035 4433 ad
2059 4375 2324 4430 Aeneam
2355 4373 2569 4432 vulue-

1484 4476 1698 4538 ratum,
1743 4463 1909 4521 euius
1935 4459 2320 4539 emtionem,
2347 4470 2415 4520 ut
2442 4460 2571 4539 epi-
