3009 5050
600 410 1219 488 AENmnos
1270 412 1493 487 121ss.
1548 351 1716 507 im,
1767 418 2205 489 720--727
2365 420 2510 491 805

260 599 642 693 Sustinet,
698 610 778 673 et.
808 596 962 672 fata
994 596 1310 695 inponit
1348 595 1653 674 diversa
1683 596 2058 691 duorum,
2095 596 2104 605 '
2153 645 2162 663 ,
2243 630 2250 637 ·

258 705 521 797 Quem
554 700 883 777 damnet
908 700 1171 795 labor,
1230 714 1311 775 et
1342 724 1505 800 quo
1529 714 1800 797 vergat
1825 700 2194 801 pondere
2235 701 2506 780 letum.

392 927 497 981 727
530 938 633 977 aar
666 944 775 996 quc
810 926 1105 993 complures
1140 925 1325 993 scripti
1360 926 1560 989 Heius„
1593 925 1704 976 tum
1736 926 1978 979 Ph‘nffias.
2015 936 2074 977 et
2101 926 2270 979 Goth.
2307 944 2508 981 aec-«ao

254 1004 379 1047 tert.
448 996 674 1048 Possunt
708 996 764 1047 hi
800 996 968 1048 videri
1016 996 1085 1049 ad
1134 995 1300 1049 Servii
1338 996 1630 1063 exemplum
1681 995 2162 1061 interpretationem
2197 996 2506 1061 instituisse,

255 1066 431 1133 sicque
469 1064 635 1116 edidit
670 1064 1053 1131 Cuninghamus
1091 1082 1155 1116 ex
1190 1062 1339 1117 Huls.
1390 1077 1445 1115 et
1482 1064 1659 1115 Nonio
1697 1067 1750 1132 p.
1787 1064 1918 1130 177,
1956 1066 2176 1122 ,laudato
2205 1062 2506 1119 'castalione

255 1134 407 1185 Obn.
444 1134 570 1185 Dec.
607 1136 693 1198 111,
728 1134 779 1187 9.
830 1134 955 1201 (vid.
992 1138 1058 1198 Q.
1092 1136 1161 1187 V.
1197 1134 1351 1198 xw,
1384 1140 1431 1187 1.
1476 1137 1621 1200 Wr.)
1687 1136 1874 1186 Monet?
1903 1142 2082 1186 tamen·
2109 1150 2228 1186 ease
2263 1134 2368 1187 hoc
2401 1134 2505 1185 da·-

252 1202 541 1268 riuimum,
576 1205 753 1275 quod,
792 1204 847 1255 in
874 1208 1039 1269 Quem
1074 1206 1295 1264 damnes
1328 1203 1746 1267 substituendum
1781 1206 2036 1267 niteam}
2073 1204 2320 1275 quodque
2351 1204 2508 1255 labor

253 1273 325 1323 sit
357 1274 550 1337 virtus,
599 1290 732 1341 quae
769 1274 989 1323 alterum
1037 1274 1289 1324 victorem
1338 1272 1546 1327 reddat.
1615 1269 1840 1335 Nescio,
1876 1291 1941 1325 an
1975 1269 2258 1342 procedat,
2310 1273 2354 1323 si
2390 1272 2505 1342 quii

252 1338 321 1395 τὸ
360 1340 517 1396 labor
552 1342 627 1394 sic
662 1353 858 1394 sumat:
900 1348 1064 1407 Quem
1102 1343 1354 1407 damnet,
1411 1343 1570 1395 labor
1603 1352 1686 1393 est
1719 1343 1861 1403 lovi,
1904 1343 2114 1395 laborat
2139 1342 2369 1409 Iupiter,
2401 1344 2504 1395 du-

253 1412 426 1479 bitat,
462 1410 759 1477 deliberat,
794 1417 961 1481 Quem
998 1413 1219 1465 damnet
1249 1412 1405 1483 (leto)
1431 1425 1499 1464 at
1533 1430 1640 1485 quo
1676 1421 1780 1479 etc.
1846 1412 1952 1468 Sed
1984 1412 2089 1466 vid.
2123 1414 2250 1467 Not.

148 1598 154 1605 ’
252 1602 588 1663 ckelmann.
633 1600 708 1661 ad
768 1606 1083 1661 Hectorem
1122 1605 1342 1663 refere-

252 1692 385 1749 bat:
433 1700 526 1765 at,
572 1686 855 1747 assidente
894 1690 1201 1769 Apolline,
1245 1711 1341 1749 se-

251 1774 351 1835 det
378 1776 696 1833 Mercurius
725 1776 939 1833 librans
962 1776 1175 1849 lances,
1207 1778 1341 1857 qui-

248 1864 359 1921 bus
390 1860 541 1920 duae
568 1862 809 1919 umbrae
852 1882 956 1920 seu
1006 1863 1237 1919 animae
1264 1860 1341 1920 ad

246 1950 503 2006 formam
530 1945 851 2005 humanam
880 1944 1105 2005 effictae
1142 1949 1341 2030 impo-

245 2036 389 2093 sitae
430 2044 598 2110 sunt3
642 2050 849 2091 verum
879 2032 951 2091 de
980 2032 1070 2090 his
1098 2032 1337 2114 aliisque

247 2122 479 2179 remitto
510 2118 586 2177 ad
616 2118 779 2179 Obss.
804 2121 869 2177 in
898 2118 1062 2177 Iliad.
1092 2142 1159 2199 χ,
1190 2122 1336 2183 209.

246 2206 457 2286 (Apud
494 2203 853 2285 Aeschylum
882 2208 1041 2265 Pers.
1071 2226 1157 2263 vs.
1190 2204 1337 2270 352.

244 2292 576 2373 inaequalia
620 2290 882 2369 pondera
928 2291 1180 2368 imponit
1206 2290 1341 2345 lan-

250 2380 411 2435 cibus
438 2373 669 2433 invidus
700 2376 903 2454 aliquis
944 2374 1118 2431 deus:
1180 2366 1339 2448 „ta't-

248 2468 439 2526 λαντα
476 2460 689 2540 βρίσας
730 2459 843 2520 οὐκ
884 2450 1191 2540 ἰσορᾇπφ
1224 2452 1339 2516 τό-

248 2550 401 2628 χῃ.“
466 2545 572 2604 W
558 2546 661 2622 r.)
746 2546 911 2602 Maro
942 2543 1017 2602 ad
1046 2543 1341 2602 diversum

248 2633 599 2714 phantasma
606 2634 955 2710 Interpretes
972 2647 1215 2688 avocare
1232 2626 1343 2686 de·-

246 2721 461 2779 bebat:
504 2716 583 2776 ad
608 2715 1079 2796 magnitudinem
1106 2731 1341 2794 pugnae

248 2818 307 2866 et
337 2807 805 2884 expectationem
834 2805 1039 2876 exitus,
1071 2819 1251 2882 quam
1272 2819 1343 2857 ea

246 2892 517 2951 faciebat.
642 2893 776 2948 Non
832 2889 1013 2950 modo
1070 2885 1339 2945 homines

246 2979 510 3058 suspensi
536 2986 875 3056 expectant,
932 2974 1037 3038 sed
1070 2975 1183 3052 ipsi
1225 2969 1339 3048 dii3

245 3069 371 3145 ipse
398 3063 619 3143 Iupiter
646 3065 791 3122 libra
821 3059 1337 3140 pugnantimnfata

246 3153 522 3225 trutinat,
582 3148 687 3207 sed
732 3167 919 3229 aequa
950 3145 1141 3206 adhuc
1171 3146 1338 3203 lance

244 3257 359 3296 nec
408 3238 473 3294 in
530 3237 869 3293 alterutram
920 3241 1147 3312 partem
1194 3251 1339 3310 pro-

246 3341 447 3405 pensa.
563 3321 755 3398 Quem
826 3320 1071 3377 damnet
1136 3315 1337 3386 labor,

247 3429 369 3490 quo
390 3419 603 3486 vergat
618 3407 889 3485 pondere
909 3405 1095 3463 letum
1112 3425 1131 3460 .-
1164 3422 1339 3482 prae-

246 3515 435 3576 gnaus
464 3496 667 3552 oratio.
738 3490 1051 3552 Videamus
1078 3493 1339 3570 primum

248 3583 327 3642 de
352 3583 669 3662 posteriore
691 3623 707 3654 ,
752 3577 913 3659 quod
944 3597 1063 3636 esse
1090 3576 1339 3635 debebat

248 3669 483 3749 proprie
508 3711 525 3741 ,
572 3679 701 3724 utra
733 3667 874 3723 lanx
900 3661 1159 3742 pondere
1204 3681 1339 3720 ver-

248 3765 353 3833 gat
379 3750 799 3831 (καταῤῥέπει)
828 3769 1017 3830 eoque
1030 3750 1155 3828 ipso
1166 3767 1333 3806 mor-

247 3851 375 3899 tem
402 3838 723 3896 denuntiet.
764 3833 953 3894 leium
988 3839 1185 3915 itaque
1226 3852 1333 3912 pro

250 3929 375 4004 ipsa
428 3925 595 3982 lance
648 3923 825 3996 dixit,
882 3939 998 4002 qua
1057 3921 1335 3980 inclinata

251 4029 409 4068 mors
464 4009 849 4090 subsequitur.
976 4009 1103 4064 Iam
1174 4007 1335 4084 prius

250 4095 585 4155 membrum
640 4115 817 4173 quem
864 4093 1115 4150 damnet
1162 4090 1338 4148 labor

252 4179 527 4261 equidem
554 4199 677 4239 non
706 4182 871 4238 aliter
886 4180 1125 4257 accipio,
1156 4195 1337 4258 quam

250 4277 319 4325 ut
368 4264 621 4324 eandem
658 4269 1004 4324 sententiam
1032 4283 1199 4322 more
1228 4281 1333 4320 suo

247 4355 336 4412 bis
366 4361 626 4430 exponat
646 4361 851 4429 poeta:
883 4369 1061 4432 quem
1090 4350 1335 4408 damnet

245 4461 327 4500 sc.
354 4440 509 4513 leto,
554 4445 751 4494 utrum
794 4457 829 4496 e
888 4437 1114 4496 duobus
1156 4436 1333 4496 morti

1428 1604 1676 1665 destinet
1702 1606 1904 1688 iniqua
1948 1624 2053 1663 sua
2093 1606 2324 1665 fortuna
2342 1649 2358 1679 ,
2403 1625 2505 1662 ca-

1424 1694 1650 1751 lamitas
1678 1712 1810 1767 suat,
1856 1712 1958 1754 seu
1965 1736 1988 1765 a
2029 1678 2201 1749 labor
2223 1691 2507 1769 simplici-
2622 1744 2626 1749 .

1424 1789 1514 1837 ter
1555 1798 1788 1857 pugna,
1843 1789 1912 1844 ut
1959 1770 2180 1853 πόνος,
2245 1771 2501 1855 μόχθος.

1420 1866 1528 1923 Est
1555 1884 1696 1942 ergo
1725 1866 1996 1941 vulgara:
2027 1874 2182 1936 utar,
2225 1864 2394 1919 lance
2417 1862 2508 1919 al-

1420 1960 1644 2008 terutra
1690 1947 1955 2029 depressa
1972 1993 1988 2025 ,
2031 1950 2209 2008 morti
2249 1946 2508 2031 destine-

1418 2046 1534 2093 tur.
1621 2034 1806 2095 Video
1835 2023 1978 2093 'alios
2006 2036 2086 2093 sic
2116 2036 2412 2113 accipere,
2442 2042 2507 2091 ut

1416 2124 1491 2181 sit
1519 2140 1624 2200 pro
1650 2141 1666 2181 ε
1713 2124 1818 2202 qui
1844 2120 2154 2181 damnetur
2183 2130 2240 2179 et
2267 2118 2508 2179 addica-

1418 2220 1515 2266 tur
1543 2209 1761 2282 labori3
1806 2208 2066 2285 Scaliger
2108 2224 2282 2267 vero:
2324 2225 2358 2263 a
2386 2220 2506 2285 quo

1418 2293 1628 2350 frustra
1669 2294 1835 2351 labor
1877 2294 2236 2372 suscipiatur.
2340 2293 2510 2349 Non-

1422 2376 1566 2435 dum
1596 2376 1813 2433 damno
1841 2396 2040 2435 meam
2067 2380 2371 2433 rationem.
2428 2378 2508 2435 At

1422 2462 1664 2520 Servius
1691 2465 1974 2519 contraria
2002 2465 2200 2519 iuncta
2230 2461 2504 2540 putabat:

1426 2547 1528 2620 „id
1558 2559 1640 2605 est
1657 2591 1676 2620 ,
1715 2550 1936 2628 inquit,
1981 2567 2162 2628 quem
2189 2557 2330 2606 voto
2357 2547 2510 2604 libe·-

1423 2643 1513 2691 ret
1549 2634 1718 2690 labor
1759 2633 2108 2711 praeliandi,
2149 2642 2316 2710 parta
2351 2633 2510 2690 scili-

1425 2729 1516 2776 cet
1558 2721 1798 2776 victoria
1843 2721 1996 2776 etc.“
2079 2719 2301 2775 Parum
2335 2718 2512 2776 lucu·-

1421 2803 1610 2862 lenter
1639 2803 1892 2862 declarat
1917 2813 2180 2861 mentem
2195 2805 2510 2861 Gramma·-

1422 2893 1604 2965 ticus;
1674 2888 1790 2948 hoc
1845 2892 2004 2947 enim
2061 2890 2218 2962 vult,
2285 2898 2352 2946 ut
2402 2891 2504 2948 sit:

1424 2995 1634 3057 quem,
1705 2976 1768 3033 h.
1816 2987 2050 3047 utrum,
2106 2976 2230 3036 voti
2269 2972 2509 3032 damnet
2613 3039 2626 3060 ι

1421 3080 1654 3141 pugna:
1685 3062 2038 3142 ut?sup.Ecl.
2058 3057 2508 3134 EGO-{amna-

1421 3169 1487 3205 νε
1531 3149 1686 3205 roais
1697 3169 1724 3220 ,·
1772 3146 1844 3206 Th.
1883 3169 1934 3205 e.
1979 3163 2292 3219 successus,
2323 3165 2508 3204 oven-

1420 3245 1514 3293 tus
1555 3253 1813 3312 pugnae.
1915 3230 2036 3292 Sed
2094 3251 2170 3290 an
2213 3229 2508 3303 damnare

1416 3323 1497 3378 ita
1535 3321 1798 3378 absolute
1853 3339 1887 3377 a
1931 3328 2104 3398 poeta
2149 3316 2374 3374 dictum
2413 3320 2506 3391 sit,

1418 3417 1576 3466 recte
1605 3405 1850 3465 dubites.
1933 3401 2112 3484 Apud
2139 3404 2396 3461 Macrob.
2431 3405 2504 3477 V,

1426 3497 1503 3557 13
1563 3489 1932 3571 reprehensio
1991 3489 2370 3550 Grammatici
2421 3499 2510 3546 est

1418 3598 1542 3638 non
1583 3581 1777 3657 inepta
1795 3621 1810 3651 ‚
1863 3580 2018 3636 inter
2043 3596 2111 3636 ea
2127 3621 2145 3652 ,
2189 3579 2254 3634 in
2295 3575 2511 3656 quibus

1419 3667 1584 3722 Maro
1601 3666 1977 3722 Homericam
2001 3665 2366 3726 maiestatem
2379 3679 2501 3720 non

1418 3753 1784 3830 aequaverit,
1863 3769 1984 3808 esse
2029 3760 2086 3808 et
2123 3747 2240 3808 hoc
2258 3793 2274 3822 ,
2343 3746 2504 3829 quod

1416 3847 1550 3916 post
1589 3857 1648 3894 v.
1703 3835 1842 3900 149.
1876 3835 2016 3910 150,
2069 3855 2208 3894 cum
2248 3835 2502 3892 manife-

1416 3933 1572 3980 stum
1599 3924 1721 3978 iam
1761 3931 1938 3994 esset,
1983 3923 2268 3979 Turnum
2299 3923 2502 4001 utique

1418 4010 1774 4087 periturum,
1841 4025 1970 4064 sero
2024 4019 2224 4064 tamen
2270 4006 2506 4082 Iupiter

1420 4097 1551 4171 ipsc
1577 4093 1734 4150 duas
1778 4091 2034 4170 aequitio
2063 4091 2336 4150 &amine
2358 4089 2501 4146 lan—

1422 4200 1516 4236 cea
1565 4179 1835 4236 Sustinet
1891 4188 2001 4235 etc.
2115 4175 2298 4234 Addit
2339 4173 2502 4233 idem

1421 4265 1576 4322 bono
1608 4281 1748 4320 cum
1777 4261 1994 4322 iudicio
2011 4281 2030 4319 ε
2077 4261 2240 4336 „Sed
2269 4258 2414 4319 haec
2443 4273 2504 4319 et

1418 4351 1530 4408 alia
1556 4347 1909 4428 ignoscenda
1937 4348 2196 4426 Virgilio,
2227 4345 2346 4426 qui,
2374 4356 2502 4406 stu-

1418 4433 1497 4495 dii
1527 4438 1680 4494 circa
1707 4437 2034 4494 Homerum
2065 4432 2366 4492 nimietate
2391 4451 2503 4492 ex-
