3009 5050
481 433 633 510 422
1038 419 1951 500 EX'CURSUS
2055 422 2148 500 11

482 637 602 680 nen
628 629 688 678 et
714 613 1033 699 Phrygiam
1061 613 1221 693 (vid.
1247 616 1501 678 Wesscl.
1529 611 1608 674 ad
1633 611 1809 674 nied.
1834 613 1906 688 V,
1935 616 2040 677 71.
2087 613 2166 672 of.
2190 610 2468 694 Apollod.
2497 615 2546 690 1,
2585 617 2664 688 6,
2697 619 2766 692 3,

485 719 543 766 et
570 707 653 764 ibi
690 707 897 764 Notata
914 704 983 782 )·3
1022 704 1105 760 ita
1144 714 1397 764 motum
1440 711 1528 760 est
1565 702 1746 760 etiam
1785 697 1868 758 ad
1889 697 2357 774 hano-haulam,
2395 701 2768 780 impositam

484 809 767 852 eam-esse
791 787 1115 872 Typhoeo,
1142 787 1305 870 quod
1328 787 1491 848 idem
1525 784 1600 845 de
1643 783 1885 844 Arimis
1923 787 2042 848 suis
2065 795 2400 846 narraverat
2435 787 2766 848 Homerus

484 875 649 936 mad.
676 877 735 956 β,
762 878 907 940 788.
942 875 1203 936 Arima
1238 871 1349 934 hos
1372 877 1499 934 iam
1517 874 1673 930 intes·⁴
1696 881 1922 932 veteres
1945 872 2088 932 elios
2112 874 2178 930 in
2203 872 2426 953 Mysiae
2463 891 2576 932 seu
2613 875 2762 954 Ly-

484 962 617 1024 dine
642 971 833 1042 parte,
883 961 1025 1020 alios
1050 963 1115 1018 in
1144 961 1377 1034 Cilicia,
1430 962 1497 1018 in
1525 958 1698 1039 Syria
1723 959 1866 1021 alios
1905 959 2211 1038 reperisse3
2265 958 2440 1020 finisse
2481 957 2762 1018 tand-

483 1050 681 1122 σῶαι,
708 1049 813 1129 qui
837 1049 903 1106 in
926 1043 1249 1108 Pithecusis
1264 1047 1475 1106 insulis
1498 1045 1883 1118 collocarem,
1923 1054 2118 1102 narrat
2163 1044 2374 1104 Strabo
2417 1044 2524 1103 lib.
2567 1047 2760 1120 xm,

482 1137 697 1216 p.929
740 1133 806 1192 Ο.
888 1129 1304 1213 Exhispatet,
1345 1130 2600 1210 Virgiliumnostmmnonfuissepiimm,
2634 1133 2760 1212 qui

484 1237 741 1280 errorem
776 1215 937 1280 huuc
978 1220 1365 1278 committeret
1378 1262 1394 1292 ‚
1436 1227 1503 1276 ut
1541 1217 1776 1276 Arimos
1793 1213 1878 1274 ad
1901 1213 2056 1276 hano
2083 1216 2338 1275 insulam
2373 1217 2756 1276 transfert-et.

482 1306 671 1366 Multo
706 1306 905 1364 minus
943 1304 1063 1364 ille·
1088 1303 1359 1366 adversus
1383 1303 1826 1382 gmnmatioem
1865 1303 2152 1362 rationem
2193 1302 2508 1362 Inar-bnon
2537 1301 2755 1362 fauere

482 1391 671 1472 potuit
710 1409 787 1450 ex
825 1389 949 1452 Εἰν
982 1383 1247 1472 Ἀρίμοις
1262 1433 1281 1466 ,
1324 1407 1476 1471 queo
1500 1387 1598 1448 vel
1623 1381 1700 1450 τὰ
1727 1383 1954 1469 ”Aoum
1971 1389 2084 1448 vel
2107 1387 2173 1452 ol
2195 1382 2448 1468 Ἀριμοι
2469 1388 2753 1448 fuerunt.

484 1477 763 1556 Suspicor
786 1475 959 1534 fuisse
986 1477 1245 1558 aliquem
1270 1495 1349 1536 ex
1376 1475 1626 1555 antiquis
1652 1475 1838 1554 poetis
1861 1474 2078 1549 latinis,
2121 1475 2226 1555 qui
2257 1471 2509 1536 Iliadem
2549 1475 2752 1534 latine

482 1559 859 1624 reddiderunt
873 1605 889 1636 ,
936 1561 1087 1621 inter
1114 1579 1261 1643 quos
1286 1562 1397 1620 Cn.
1422 1561 1666 1620 Mattius·
1683 1559 1792 1618 fuit
1805 1603 1824 1634 ,
1875 1561 1977 1642 qui
2003 1569 2107 1618 aut
2128 1560 2286 1618 male
2313 1562 2605 1638 acceperit
2635 1571 2752 1620 aut

484 1649 641 1710 male
662 1648 1065 1725 interpretetus
1093 1649 1167 1706 sit
1188 1648 1271 1706 In
1294 1644 1541 1720 Arima,
1570 1643 1732 1704 unde
1755 1647 1908 1706 facta
1935 1655 2020 1706 est
2031 1645 2424 1705 Inarimvel
2435 1646 2746 1706 luat-bne.

482 1734 583 1792 An
621 1751 885 1814 unquam
922 1753 1145 1792 nomen
1183 1730 1298 1793 hoc
1324 1729 1767 1792 Pithecusam
1807 1733 2108 1792 communi
2144 1751 2256 1792 usu
2294 1731 2747 1813 frequentatum

484 1820 555 1876 sit
570 1860 589 1891 ‚
634 1815 867 1876 dubitet
910 1817 1139 1878 videtur
1166 1815 1315 1878 illud
1340 1819 1491 1876 inter
1517 1827 1716 1897 poetas
1741 1837 1804 1876 se
1833 1819 2202 1878 continuisse.
2271 1819 2500 1876 Mature
2526 1829 2744 1876 tamen

485 1901 807 1983 :lyphoeus
835 1901 909 1961 ad
936 1902 1083 1962 haec
1108 1905 1309 1964 Italiae
1334 1904 1464 1962 loca
1488 1904 1720 1981 ignibus
1747 1905 1932 1963 caecis
1960 1905 2248 1964 celebrata
2273 1913 2576 1964 revocatus
2601 1904 2740 1978 fuit,

482 1999 553 2048 ut
580 1986 749 2047 docet
774 1987 1014 2048 Pindari
1038 1991 1201 2050 locus
1226 2009 1371 2048 mox
1396 1987 1740 2048 laudandus.
1809 1984 2020 2050 'ri-ealit
2048 2009 2282 2072 quoque
2310 1987 2513 2050 Schol.
2541 1991 2744 2070 Apol-

480 2071 627 2134 lonii
654 2072 731 2132 ad
756 2074 857 2131 lib.
886 2076 960 2148 Π,
993 2075 1157 2139 1214
1174 2119 1191 2150 ,
1231 2073 1634 2156 Pherecydem
1672 2077 1795 2134 iam
1835 2073 2120 2157 Typhoni
2154 2073 2530 2134 Pithecusam
2565 2078 2742 2136 insu-

482 2159 604 2218 lam
630 2161 903 2217 iniectam
927 2179 1205 2220 narrasse.
1290 2161 1473 2220 Obvia
1500 2159 1640 2219 inde
1667 2162 1850 2241 poetis
1879 2172 1938 2220 et
1963 2163 2145 2220 facilis
2173 2161 2286 2220 fuit
2311 2163 2534 2220 insulae
2563 2182 2739 2221 com-

482 2246 703 2324 paratio
750 2264 888 2302 cum
926 2246 1139 2305 Arimis
1182 2247 1423 2305 Homeri
1464 2257 1522 2304 et
1571 2247 1820 2305 deflexio
1863 2249 2113 2306 nominis
2139 2249 2202 2305 in
2228 2247 2494 2305 Arimen.
2579 2250 2734 2306 Miro

484 2341 682 2388 autem
708 2347 845 2389 casu
874 2330 1109 2405 accidit,
1150 2343 1218 2390 ut
1256 2333 1512 2391 Etruscis
1551 2333 1736 2389 arimi
1776 2332 2106 2392 dicerentur
2133 2334 2287 2392 simii
2300 2377 2316 2408 ,
2361 2335 2465 2415 qui
2494 2335 2732 2392 Graecis

482 2415 761 2494 πίθηκοι,
806 2415 1127 2475 sectmdum
1156 2419 1429 2477 Strabon.
1458 2419 1498 2476 l.
1531 2437 1621 2491 c.;
1667 2417 1824 2499 quod
1854 2421 1903 2478 si
1929 2420 2009 2477 ita
2039 2439 2102 2478 se
2127 2417 2362 2493 habuit,
2393 2429 2558 2478 tanto
2589 2441 2734 2500 pro-

484 2501 686 2561 clivior
712 2501 822 2560 fuit
848 2503 1366 2582 pei-mutandorum
1390 2505 1656 2563 locorum
1685 2523 1861 2564 error.
1947 2502 2280 2565 Pithecusas
2311 2523 2346 2563 a
2375 2504 2732 2586 Cercopibus

480 2584 701 2667 Lydiae
740 2588 805 2645 in
844 2590 1041 2648 simios
1076 2594 1309 2649 mutatis
1350 2588 1736 2651 inhabitatam
1775 2602 1833 2649 et
1871 2588 2090 2651 dictam
2113 2611 2185 2650 eo
2213 2591 2456 2649 nomine
2493 2612 2617 2651 esse
2634 2638 2652 2668 ,
2695 2613 2732 2649 e

483 2674 795 2751 xenagora
822 2673 997 2734 tradit
1024 2676 1442 2757 Harpocration
1468 2679 1616 2735 Lex.
1646 2675 1794 2734 rhet.
1823 2696 1954 2737 voc.
1999 2675 2289 2758 Κέρκωψ.
2373 2678 2594 2751 Alium,
2625 2676 2731 2738 sed

480 2756 860 2817 indoctiorem
878 2804 895 2834 ,
937 2762 1249 2821 verborum
1288 2764 1483 2822 lusum
1497 2805 1515 2836 ‚
1555 2764 1662 2820 etsi
1698 2763 1806 2821 sibi
1847 2764 2189 2842 probatum,
2230 2764 2452 2823 Plinius
2493 2776 2732 2823 memo-

482 2854 605 2903 rat:
670 2865 712 2901 a
734 2844 986 2925 figlinis
1028 2847 1420 2905 doliariorum
1464 2846 1682 2907 dictam
1721 2846 2112 2909 Pithecusam.
2195 2849 2252 2906 A
2293 2852 2484 2923 πίθος
2527 2860 2730 2908 tamen

482 2928 781 3012 quomodo
828 2934 1261 3011 Ποθηκοῦσσαι
1298 2934 1537 2991 formari
1579 2935 1873 3012 potuerint
1902 2977 1919 3009 ,
2007 2954 2132 2994 non
2169 2936 2305 2995 satis
2345 2935 2728 3015 intelligitur3

482 3014 645 3096 quod
672 3016 744 3075 ab
774 3036 845 3077 eo
874 3028 1005 3091 est,·
1032 3012 1340 3099 πιθάκνη,
1384 3021 1487 3077 vix
1511 3012 1792 3098 πιθῆκνη
1819 3023 2262 3100 pronuntiatum
2287 3030 2396 3081 est.

652 3182 823 3255 Quod
865 3186 1086 3245 Plinius
1128 3187 1393 3267 apposuit
1418 3188 1520 3247 lib.
1553 3188 1638 3245 111
1654 3229 1671 3261 ,
1695 3190 1768 3250 6:
1825 3188 2109 3265 Aenaria,
2151 3192 2422 3251 Homero
2461 3192 2730 3251 Inar-ime

494 3266 661 3325 dicta
674 3310 699 3339 ,
729 3288 937 3349 parum
964 3284 1227 3331 accurate
1254 3292 1377 3333 esse
1402 3275 1841 3352 pronuntiatum
1865 3278 2109 3357 quilibet
2133 3276 2303 3337 facile
2327 3276 2508 3337 videt.
2591 3278 2730 3337 vir-

490 3352 696 3431 gilium
721 3364 921 3413 autem
946 3358 1008 3414 in
1036 3359 1257 3417 insulae
1280 3362 1524 3418 nomine
1565 3361 1795 3439 sequuti
1833 3372 1970 3423 sunt
1997 3361 2234 3422 Ovidius
2251 3408 2270 3439 ‚
2313 3364 2489 3424 Silius
2527 3374 2588 3423 et
2627 3364 2728 3423 ulii

488 3444 727 3517 poetaer,
758 3442 933 3498 etiam
958 3444 1155 3501 Livius
1193 3447 1257 3501 in
1282 3446 1413 3503 loco
1442 3464 1479 3503 a
1504 3446 1712 3505 Servio
1739 3446 2058 3529 adscripto:
2101 3450 2232 3509 loca
2257 3448 2542 3530 adscripta
2567 3468 2728 3509 nunc

488 3518 709 3583 videbis
736 3544 771 3583 a
798 3526 1165 3587 Wernsdorf.
1206 3548 1343 3609 pag.
1364 3530 1512 3595 359.

656 3694 895 3753 Homeri
921 3716 1061 3755 vero
1074 3738 1090 3770 ,
1120 3708 1188 3756 ut
1216 3709 1275 3759 et
1298 3698 1413 3761 hoo
1440 3699 1658 3793 addam
1673 3746 1690 3779 ,
1735 3716 1796 3763 et
1819 3703 2062 3765 Hesiodi
2087 3719 2326 3786 quoque
2351 3700 2728 3783 Theog.3o4

483 3774 697 3835 Arimi
718 3798 848 3854 seu,
892 3779 1053 3863 quod
1080 3785 1311 3861 malim,
1354 3786 1586 3845 Arima
1600 3830 1627 3859 ‚
1671 3786 1746 3851 ταὶ
1775 3786 2004 3871 ”Aetna
2043 3810 2124 3851 sc.
2171 3786 2320 3870 ὅρη,
2363 3788 2525 3851 haud
2549 3788 2726 3849 dubie

482 3862 547 3919 in
572 3862 711 3921 Asia
752 3866 1085 3945 quaerenda
1122 3882 1293 3930 sunt:
1345 3874 1512 3955 sique
1540 3893 1575 3932 a
1602 3878 2006 3936 vetustioribus
2033 3878 2362 3937 auctoribus
2375 3920 2392 3950 ,
2433 3874 2726 3957 Aeschylo

481 3946 547 4003 in
573 3948 771 4008 Prom.
800 3952 960 4017 ¹851.
986 3954 1224 4015 Pindar.
1264 3956 1443 4038 Pyth.
1485 3962 1534 4034 1,
1577 3964 1680 4035 32,
1737 3973 1826 4022 est
1859 3961 2166 4039 standum,
2207 3964 2273 4021 in
2301 3964 2534 4036 Cilicia3
2577 3982 2727 4043 quae

484 4030 755 4112 quidem,
790 4056 910 4097 una
936 4059 1074 4099 cum
1093 4060 1315 4121 magno
1342 4046 1582 4105 minoris
1609 4046 1782 4106 Asiae
1809 4059 1868 4107 et
1895 4068 1999 4129 per
2026 4046 2336 4129 Phrygiae,
2374 4050 2594 4129 Mysiae
2611 4092 2630 4122 ‚
2657 4066 2726 4106 ac

480 4116 703 4197 Lydiae
730 4118 872 4181 finds
900 4128 1235 4187 contimsato
1250 4140 1447 4189 ›tractu
1470 4174 1487 4204 ‚
1529 4132 1762 4209 ignibus
1789 4136 2170 4194 subterraneis
2199 4136 2342 4193 olim
2364 4136 2526 4194 arsit.
2579 4132 2726 4193 Vide

484 4202 833 4265 Strabonem
872 4220 931 4268 et
967 4214 1093 4271 aliis
1120 4214 1277 4273 —locis
1318 4226 1379 4274 et
1416 4234 1554 4295 pag.
1596 4220 1744 4284 928.
1783 4222 1928 4284 980.
1991 4220 2148 4279 conf.
2185 4218 2454 4281 Emtath.
2499 4218 2646 4279 adl.
2673 4238 2726 4278 c.

482 4290 743 4351 Homeri.
798 4296 1001 4377 Itaque
1028 4299 1089 4357 in
1118 4301 1186 4357 iis
1212 4300 1351 4361 locis
1380 4302 1654 4363 omnibus
1679 4302 1940 4385 Typhon
1967 4306 2214 4365 fulmine
2244 4316 2560 4386 prostratus
2585 4324 2728 4363 nar-

484 4378 605 4435 rari
638 4380 827 4457 potuit
866 4392 923 4441 et
960 4394 1249 4443 narratus.
1270 4395 1359 4444 est
1380 4405 1419 4444 a
1444 4388 1662 4450 multis.
1745 4392 2183 4451 Sciathum!
2209 4394 2514 4473 scriptores
2539 4408 2726 4453 unnim
