3009 5050
511 405 660 474 8152
1012 392 1094 467 P.
1150 388 1675 467 VIRGILII
1728 388 2289 466 MARONIS

509 582 810 657 Rursus
855 578 934 651 in
981 578 1292 673 aurigae
1325 573 1611 651 faciem
1644 586 1940 651 mutata
1974 574 2285 650 Metisci

507 682 946 774 Procurrit‚
997 677 1380 779 fratrique
1411 702 1691 753 ensem
1740 678 1890 753 dea
1920 679 2222 753 Daunia
2259 677 2545 754 reddit.
2616 689 2783 758 785

510 784 752 880 Quod
785 788 1056 859 Venus
1091 782 1364 857 audaci
1393 780 1807 881 Nymphae
1850 781 2249 878 indignata
2290 781 2555 879 licere,

507 888 899 978 Adcessit‚
943 885 1364 985 telumque
1395 884 1545 961 alta
1586 885 1685 961 ab
1719 884 1985 961 radice
2014 883 2341 960 revellit.

509 992 673 1071 Olli
709 989 1129 1085 sublimeS,
1181 990 1420 1064 armis
1461 990 1905 1089 animisque
1932 986 2237 1083 refecti,

505 1100 652 1173 Hic
683 1093 944 1193 gladio
981 1087 1281 1190 fidenS,
1333 1092 1463 1167 hic
1503 1116 1685 1168 acer
1716 1106 1795 1167 et
1828 1091 2120 1167 arduus
2155 1090 2397 1185 hasta,

504 1199 916 1276 Adsistunt
947 1210 1220 1273 contra
1247 1197 1683 1273 certamine
1712 1196 1981 1273 Martis
2012 1193 2296 1274 anheli.

605 1306 1008 1379 Iunonem
1041 1300 1342 1377 interea
1375 1302 1544 1377 Rex
1572 1300 2149 1400 omnipotentis
2180 1297 2508 1397 Olympi

2612 1202 2779 1272 790

641 1510 750 1566 784
779 1526 1050 1563 convena
1095 1510 1292 1563 zulich.
1345 1510 1480 1562 Vsu.
1533 1520 1589 1561 et
1634 1510 1739 1562 duo
1788 1508 2043 1561 Rotteud·
2090 1522 2203 1559 cum
2242 1506 2435 1559 Medic.
2479 1523 2514 1557 s
2546 1520 2623 1556 m.
2660 1520 2770 1555 sec.

495 1586 562 1647 (e
595 1598 670 1633 vs.
706 1582 854 1641 623.;
909 1592 957 1631 et
1005 1596 1274 1633 conversa
1316 1580 1372 1630 in
1417 1579 1659 1633 Mediceo
1695 1598 1731 1631 v
1766 1578 1927 1629 habet
1974 1577 2285 1629 recentioris
2334 1576 2555 1628 formse-
2614 1576 2709 1627 W
2701 1574 2770 1637 r.)

503 1652 733 1702 mentito
787 1648 1025 1700 nonnulli
1074 1650 1213 1718 apud
1259 1648 1510 1714 Cerdam,
1565 1666 1672 1699 nou
1709 1658 1946 1711 constat,
2011 1646 2117 1717 qui.
2255 1644 2358 1700 785
2412 1643 2590 1695 tradit
2627 1642 2773 1694 ulter

502 1719 691 1771 Hamb.
830 1720 933 1774 787
967 1718 1039 1771 ab
1071 1720 1226 1771 obest
1254 1717 1498 1772 Parthas.
1558 1719 1793 1772 revulsit
1824 1717 1943 1771 Ald.
1978 1715 2171 1781 (prims
2204 1724 2262 1767 et
2294 1718 2426 1777 sec.)
2462 1731 2550 1782 sp.
2586 1714 2767 1763 Burro.

500 1790 606 1843 788
642 1789 840 1840 animis
871 1790 1142 1857 armisque
1173 1789 1412 1843 Parthas.
1475 1786 1597 1842 vide
1646 1804 1761 1857 sup.
1812 1788 1886 1849 11,
1940 1786 2059 1839 799.
2111 1786 2339 1854 (recepti
2382 1788 2528 1835 Serv.
2564 1781 2766 1839 Dresd.

511 1858 652 1919 Wr.)
756 1858 862 1911 790
893 1858 1190 1908 Adsistunt
1223 1868 1418 1909 contra
1454 1858 1784 1908 certaminat
1828 1854 2005 1909 Velim
2038 1854 2340 1917 Heinsium,
2402 1854 2490 1921 qui
2528 1852 2641 1903 hoc
2674 1868 2768 1902 re-

501 1927 710 1996 posuit,
746 1926 845 1977 etsi
877 1927 980 1979 iam
1018 1926 1388 1979 commelioum
1425 1944 1458 1979 e
1489 1926 1658 1979 Psiat-
1693 1926 1833 1979 idem
1868 1924 2133 1989 recepisse
2168 1923 2342 1985 video,
2376 1922 2461 1973 vel
2495 1924 2763 1973 Bormon-

497 2014 620 2048 num
657 1996 987 2063 exposuisse,
1037 2012 1136 2063 quo
1169 1994 1374 2046 ratione
1421 1995 1526 2047 hoc
1576 1996 1767 2047 dictum
1818 1994 1906 2047 sit.
1973 1994 2235 2045 Exhibeat
2275 1993 2451 2060 utique
2495 1992 2606 2043 hoc
2643 1992 2763 2042 Me·-

498 2066 602 2118 dic.
639 2066 778 2131 (nem
810 2068 1070 2115 Romanus
1106 2065 1192 2115 hic
1217 2081 1429 2115 mancus
1467 2068 1570 2129 est)
1606 2064 1842 2129 Mentel.,
1880 2063 2147 2131 ceterique
2182 2062 2381 2125 Heius„
2416 2061 2601 2129 sicque
2639 2060 2759 2112 edd.

495 2143 625 2187 vett.
661 2134 753 2185 Ed.
791 2150 872 2201 pr.
915 2134 1087 2183 Burro.
1121 2135 1360 2183 Venetae
1393 2144 1609 2185 nostrae
1646 2132 1797 2187 1484.
1836 2134 1989 2188 1486.
2058 2134 2193 2186 Hinc
2227 2130 2392 2194 alise,
2426 2142 2483 2181 ut
2510 2130 2759 2182 Norimb.

497 2214 552 2255 et
585 2204 790 2254 Veneto
827 2200 959 2255 1495
996 2212 1122 2262 etc-3
1155 2202 1284 2253 item
1318 2203 1529 2271 Egnatii
1563 2203 1828 2255 recensio:
1878 2205 2154 2254 Insistam
2190 2212 2387 2252 contra
2418 2202 2758 2251 certamina:

497 2272 638 2341 quod
671 2272 930 2323 rationem
963 2272 1139 2323 habet.
1211 2272 1296 2323 Sic
1341 2291 1455 2343 sup.
1505 2274 1601 2325 Ge.
1640 2276 1743 2338 ΙΙΙ,
1794 2272 1896 2327 164
1942 2275 2191 2341 viamque
2235 2272 2428 2321 insiste
2474 2269 2755 2321 domandi.

492 2341 775 2394 Rationem
807 2341 970 2393 habet
1003 2357 1210 2410 quoque
1235 2342 1484 2407 alterum,
1523 2342 1664 2411 quod
1699 2360 1875 2394 verum
1912 2358 2025 2391 esse
2061 2340 2319 2403 arbitror,
2355 2338 2607 2407 quodque
2626 2344 2753 2389 Ser—

489 2410 606 2463 vius
643 2410 777 2463 elios
813 2410 994 2479 legere
1028 2412 1132 2476 sit,
1171 2412 1468 2464 Aul-sistunt
1506 2426 1703 2463 contra
1759 2413 2081 2463 certamine:
2140 2410 2227 2461 Sic
2275 2418 2455 2472 stare,
2504 2408 2753 2471 adstare,

492 2484 889 2549 παραστατεῖν,
925 2481 1226 2544 adsistere,
1261 2482 1330 2532 de
1363 2481 1717 2548 certantibus,
1752 2493 1810 2533 ut
1842 2498 1957 2550 sup.
1995 2482 2093 2546 xi,
2127 2482 2247 2534 710.
2283 2490 2493 2540 contra.
2529 2472 2751 2540 ἀντίον,

494 2545 690 2620 ἄντην.
761 2558 931 2619 Atque
967 2549 1070 2602 hoc
1106 2551 1358 2603 exhibent
1391 2553 1599 2617 Meoag.
1653 2563 1705 2603 et
1736 2556 1915 2616 Sprot.
1954 2567 2069 2602 cum
2104 2550 2263 2601 Goth.
2296 2558 2445 2611 tert„
2492 2548 2569 2599 ite
2612 2563 2751 2616 quo-

492 2636 595 2691 que
632 2620 801 2672 edidit
834 2620 951 2671 Ald.
989 2621 1165 2672 stetim
1200 2622 1255 2671 iu
1287 2638 1369 2689 pr.
1407 2621 1509 2682 ed..
1556 2621 1698 2690 quod
1750 2629 2034 2689 sequuntur
2068 2619 2185 2682 alii,
2236 2629 2292 2669 ot
2328 2617 2535 2682 steph„
2588 2618 2687 2669 alii
2724 2633 2751 2666 e

489 2691 716 2758 vulgatis
753 2691 1029 2741 Insistam
1062 2703 1256 2742 contro
1290 2693 1619 2754 certamine,
1666 2691 1810 2758 quod
1848 2689 2055 2740 Paullus
2092 2689 2351 2740 Manutius
2384 2685 2629 2738 intulisse
2666 2685 2748 2738 vi-

491 2760 674 2822 detur,
709 2760 796 2810 vel
831 2761 1108 2810 Insistunt
1142 2772 1338 2811 contra
1372 2761 1702 2821 certamina,
1793 2758 1898 2810 uod
1934 2759 2205 2826 Egnatium
2242 2755 2455 2807 dedisse
2490 2756 2747 2816 diximus;

488 2838 601 2880 tum
636 2829 852 2898 repetiit
883 2827 1148 2881 Pulmenu.
1186 2839 1237 2879 et
1271 2827 1394 2880 hinc
1429 2830 1606 2897 vulgg.
1643 2777 1877 2880 Tandem
1912 2831 2207 2878 Adsistunt
2240 2837 2435 2878 contro
2466 2827 2527 2876 in
2558 2841 2747 2876 certo-

490 2901 632 2951 mins
667 2901 868 2966 Hugeo.
938 2900 997 2949 in
1033 2899 1333 2950 certamino
1367 2915 1448 2964 pr.
1487 2901 1695 2958 Moret„
1746 2896 1953 2948 doctius
1988 2897 2202 2963 utique,
2250 2905 2307 2947 ut
2341 2894 2413 2944 sit
2446 2895 2745 2946 'Adsistunt

488 2970 546 3020 in
589 2970 920 3029 certamina,
955 2968 1010 3018 in
1043 2983 1296 3035 pugnatun
1345 2967 1489 3034 quod
1524 2967 1767 3036 equidem
1800 2967 1991 3018 ceteris
2028 2965 2319 3032 praeferam
2340 3003 2355 3026 ‚
2404 2965 2451 3014 si
2487 2963 2743 3016 librorum

487 3039 778 3089 auctoritas
828 3037 954 3087 sotis
1004 3037 1176 3103 gravis
1225 3037 1392 3088 adest.
1459 3037 1565 3088 Sed
1594 3038 1891 3090 Adsistunt
1920 3037 2235 3099 certamino,
2270 3043 2361 3084 sut
2391 3048 2586 3085 contra
2620 3053 2741 3086 eer-

488 3110 715 3171 tamina,
753 3107 992 3175 equidem
1029 3105 1293 3174 quomodo
1329 3106 1654 3175 interpreter
1686 3123 1793 3157 non
1828 3104 2032 3167 habeo,
2067 3103 2307 3172 adeoque
2342 3104 2584 3154 revocavi
2624 3103 2740 3153 vul-

489 3185 660 3243 gatam
700 3175 1067 3242 antiquiorem.
1133 3178 1214 3241 (ln
1251 3175 1437 3227 similis
1471 3177 1597 3227 vitis
1634 3175 1936 3244 conspirant
1980 3171 2188 3224 codices
2236 3173 2391 3234 alibi,
2438 3185 2495 3224 ut
2529 3175 2623 3237 lv,
2658 3173 2738 3226 98.

487 3247 585 3309 ΙΧ,
619 3244 740 3298 486.
775 3245 923 3309 We.)
994 3246 1140 3296 lunxi
1175 3263 1384 3314 quoque
1419 3246 1700 3296 adsistunt
1734 3245 2028 3296 certamine
2062 3244 2281 3304 Martis,
2327 3252 2386 3293 ut
2422 3243 2616 3294 anheli
2647 3259 2737 3292 or-

485 3323 607 3375 net3
641 3331 748 3366 nou
767 3353 782 3378 ,
819 3310 1103 3366 adsistunt
1135 3326 1362 3376 contra,
1405 3318 1699 3367 certandae
1732 3316 1939 3366 Mortis
1972 3313 2173 3364 anheli.
2244 3311 2369 3380 (Sed
2404 3311 2597 3363 vellem
2636 3312 2738 3364 do-

485 3386 678 3436 cuisset
711 3383 947 3454 Heynius
964 3392 1160 3450 „recte
1193 3387 1267 3436 ita
1303 3384 1409 3436 dici
1439 3385 1709 3436 adsistere
1742 3385 2053 3436 certamine.
2089 3383 2235 3448 Wr.)

481 3581 604 3621 nou
646 3563 836 3640 potuit
863 3563 1122 3630 evellere,
1137 3558 1383 3620 hastam.
1414 3560 1574 3620 lento
1654 3561 1725 3620 V.
1754 3562 1825 3619 L.
1855 3557 1931 3618 sd
1958 3560 2111 3632 Vm,
2142 3561 2289 3622 299.
2356 3558 2497 3616 Wr.
2522 3558 2550 3635 )
2640 3561 2735 3618 Sic

482 3647 550 3702 in
591 3650 776 3723 stispe
799 3669 819 3702 .-
867 3646 1028 3726 quod
1055 3651 1178 3710 773
1197 3646 1362 3704 lenta
1383 3648 1449 3704 in
1463 3667 1573 3704 να-
1652 3667 1780 3726 sup.
1846 3645 2012 3702 altus
2076 3643 2341 3702 Aeneas.
2450 3643 2735 3702 sublimes

482 3731 632 3789 dice.
685 3731 1020 3788 discludere
1069 3751 1302 3790 morsus
1342 3731 1571 3790 roboris
1652 3733 1841 3790 armis
1897 3734 2153 3810 iungunt
2212 3731 2343 3788 alii:
2422 3732 2581 3789 male
2620 3729 2732 3790 hic.

481 3813 743 3874 eiusdem
783 3815 990 3874 radicis
1035 3837 1139 3874 seu
1181 3821 1403 3892 trunci,
1465 3820 1569 3899 qui

478 3903 898 3960 ferramentum
926 3899 1124 3959 hastae
1153 3913 1308 3960 arcte
1337 3906 1567 3983 ample—

477 4009 587 4048 xus
617 3998 766 4056 erat,
808 3997 875 4044 ut
904 3985 1138 4047 difficile
1168 4000 1314 4048 esset
1341 3989 1416 4048 ad
1444 3992 1567 4048 sol-

478 4073 755 4132 vendum.
787 4075 886 4132 Sic
903 4073 1372 4154 mordetfibula.
1416 4076 1564 4140 785.

475 4161 638 4218 Facit
649 4155 1068 4237 Iuturna,quod
1085 4159 1272 4216 Pallas
1284 4161 1346 4216 iu
1356 4159 1563 4218 Achil-

367 4289 382 4300 .
477 4245 544 4301 lis
573 4246 822 4322 gretiam
847 4245 916 4300 ΙΙ.
949 4265 1001 4320 χ,
1031 4245 1176 4305 267.
1264 4247 1407 4307 789.
1451 4267 1559 4302 ar-

473 4327 676 4398 duus,
719 4339 785 4386 ut
815 4329 970 4398 alias,
1001 4330 1184 4386 elatus
1209 4330 1437 4405 auimo,
1483 4331 1559 4388 fi-

472 4411 650 4487 dens,
693 4411 907 4470 audax.
953 4409 1258 4486 (minimeE
1303 4413 1407 4474 sed
1436 4414 1557 4476 vid.

1652 3822 1796 3883 790.
1828 3839 1885 3876 v.
1918 3818 2051 3876 Ver.
2080 3819 2245 3874 Lect-

1734 3908 1854 3968 791
1888 3923 2052 3984 seqq.
2095 3905 2261 3962 Novo
2290 3901 2529 3960 invento
2558 3912 2729 3981 poeta

1646 4009 1785 4063 nos,
1838 4009 1975 4048 cum
2016 3991 2137 4048 iam
2164 4005 2424 4067 pugnam
2454 3989 2647 4045 Turni
2676 3998 2733 4044 et

1644 4078 1881 4132 Aeneae
1952 4075 2255 4134 instaurari
2334 4083 2729 4152 expectamus,

1646 4170 1851 4220 avocat
1866 4205 1883 4235 ,
1942 4170 2001 4218 et
2040 4161 2263 4217 animos
2306 4178 2611 4237 suspensos
2638 4170 2729 4216 te-

1642 4258 1745 4306 net
1787 4246 2033 4305 deorum
2078 4246 2323 4304 consiliis
2364 4244 2727 4323 interpositis.

1642 4336 1787 4396 791.
1816 4335 1945 4390 Hoc
1972 4332 2094 4388 fere
2134 4329 2314 4390 modo
2359 4327 2613 4409 Odyssea
2654 4327 2729 4388 ad

1641 4417 1825 4476 finem
1836 4426 2108 4498 properat
2122 4437 2191 4490 ω,
2208 4415 2326 4480 471
2346 4433 2510 4495 seqq.
2526 4417 2725 4472 omni—
