3009 5050
718 431 1332 512 AENEmos
1384 431 1594 510 ΠΒ.
1641 435 1731 528 X,
1781 435 2237 514 '829-844

2421 451 2432 488 ·’
2441 443 2590 513 557

336 609 765 724 Dependet
792 621 1009 720 galea
1030 681 1051 714 ‚
1118 633 1201 696 et
1228 633 1457 720 prato
1488 619 1750 717 gravia
1786 645 2002 697 arma
2048 621 2486 724 quiescunt.

340 729 567 802 Stant
595 725 779 802 lecti
816 726 1113 800 circum
1148 724 1516 816 iuvenes;
1573 719 1744 825 ipse
1772 749 2040 824 aeger,
2074 724 2474 824 anhelans»,

338 828 563 908 Colla
596 827 851 923 fovet,
896 825 1120 903 fusus
1152 851 1587 928 propexam
1625 828 1708 902 in
1753 842 2082 928 pectore
2110 827 2488 923 harbam;

334 931 581 1010 Multa
616 957 861 1033 super
884 934 1139 1008 Lauso
1168 933 1489 1029 rogitat,
1542 930 2060 1034 multumque
2094 933 2445 1028 remittit,

338 1038 491 1131 Qui
556 1049 937 1112 revocent
958 1097 978 1131 ‚
1044 1035 1440 1136 maestiqu

1445 1058 1490 1111 e
1528 1032 1820 1153 ‘ferant
1881 1033 2252 1112 mandata
2303 1057 2590 1136 parena-

1487 1150 1609 1214 tls.

2437 1145 2590 1217 840

333 1247 437 1318 At
464 1244 809 1317 Lausum
837 1241 1031 1316 socii
1064 1240 1506 1316 exanimem
1538 1263 1784 1340 super
1814 1262 2031 1314 arma
2067 1237 2438 1316 ferebant
2545 1303 2568 1328 ,

335 1343 692 1436 FlenteS‚
744 1347 1153 1443 ingentem
1173 1405 1193 1439 ‚
1248 1355 1487 1444 atque
1521 1342 1822 1441 ingenti
1853 1341 2182 1418 volnere
2225 1345 2538 1422 victum.

306 1447 733 1545 Adgnovit
763 1448 1002 1546 longe
1028 1448 1417 1544 gemitum
1458 1468 1832 1548 praesaga
1857 1445 2044 1521 mali
2077 1469 2331 1526 mens,

336 1553 735 1629 Canitiem
759 1551 1033 1628 multo·
1059 1550 1460 1627 deformat
1497 1548 1874 1651 pulvere,
1925 1563 2006 1626 et
2033 1549 2304 1626 ambas

337 1761 446 1812 dic.
486 1768 542 1810 et
578 1757 702 1821 alii,
745 1775 861 1811 cnm
894 1756 1107 1817 Servioz
1165 1754 1266 1808 niti
1288 1757 1445 1876 31:011
1472 1755 1688 1810 Mentel.
1723 1757 1860 1810 alter
1890 1775 1954 1810 ac
1985 1755 2235 1810 Scheffer.
2270 1774 2384 1809 omn
2419 1757 2586 1840 Regio

334 1847 397 1881 ac
430 1829 596 1882 Paria.
632 1829 915 1892 adelinae,
950 1826 1213 1895 quomodo
1250 1845 1285 1878 a

1324 1827 1483 1880 clivis
1519 1836 1575 1877 et
1607 1827 1888 1892 odelinus,
1939 1827 2079 1896 quod
2114 1826 2384 1881 arridebat
2419 1827 2589 1880 nem-

334 1899 413 1950 cio
454 1907 509 1950 et
542 1909 811 1964 receptum
862 1913 895 1948 a
926 1895 1302 1964 Cuninghamo.
1373 1898 1664 1966 Depravate
1699 1895 1940 1949 adnixae
1976 1897 2110 1950 Ven.
2182 1893 2411 1949 obnixus
2443 1897 2588 1948 Dor-

332 1967 445 2020 viu.
516 1969 684 2020 Porro
710 1985 886 2018 aenea
922 1967 1123 2034 Hagen.
1192 1966 1255 2015 ln
1288 1965 1391 2016 fine
1427 1983 1582 2016 ramo
1635 1967 1787 2018 Rom.
1838 1975 1894 2017 et
1927 1969 2071 2028 Serv.
2120 1965 2189 2017 ad
2224 1965 2334 2018 Ecl.
2368 1967 2461 2032 vl,
2499 1967 2584 2020 16.

332 2039 437 2092 836
482 2041 625 2088 Dum
674 2036 879 2120 pendet
926 2033 1149 2086 Dorvill.
1216 2046 1275 2086 ee
1322 2035 1474 2086 abeat
1509 2033 1708 2086 zalich.

1847 2035 1950 2089 837
2001 2039 2168 2087 Stant
2215 2039 2416 2087 circum
2459 2036 2590 2088 lecti

326 2123 587 2179 proceres
620 2106 824 2188 aliquot
856 2105 993 2158 Pier-
1032 2107 1201 2157 Stant
1228 2105 1323 2156 leti
1346 2104 1566 2156 non-in.
1603 2121 1634 2156 a
1667 2121 1738 2156 m.
1757 2121 1839 2172 pr.
1880 2117 2044 2174 atque
2076 2107 2196 2174 ipse
2229 2123 2396 2188 “035⁷
2429 2105 2586 2160 idem.

332 2176 568 2230 anhelus
605 2175 803 2228 zulich.
876 2175 979 2229 838
1007 2191 1335 2246 prospexam
1361 2176 1514 2226 Rom.
1577 2191 1890 2256 pes-pexam,
1917 2191 2236 2244 perpessam
2269 2183 2396 2226 vma
2429 2173 2585 2229 codd.

333 2255 390 2296 et
424 2246 544 2296 edd.
614 2247 671 2296 in
704 2263 798 2296 cor
838 2263 933 2296 ore
964 2244 1104 2296 Gnd.
1160 2245 1242 2306 (in
1272 2255 1503 2313 pectora
1551 2259 1689 2294 com.
1728 2242 1999 2294 Heinrich.
2039 2245 2124 2296 W
2117 2243 2186 2310 r.)

769 2263 833 2366 df
893 2313 1227 2380 multumque
1258 2314 1507 2374 reminis,
1523 2311 1682 2363 ffiaud
1716 2311 1875 2363 dubie
1911 2311 2136 2376 doctius,
2171 2313 2322 2364 Rom.
2361 2321 2418 2364 et
2463 2315 2585 2366 Me·-

334 2327 465 2366 tane
500 2313 636 2366 Gud.
672 2313 765 2364 Lei

2292 2243 2395 2297 839
2430 2247 2587 2314 rogi-

334 2383 437 2437 dic.
477 2399 593 2433 cnm
628 2382 762 2434 eud.
802 2399 887 2452 pr.
924 2381 1141 2432 Mentel.
1174 2391 1228 2430 et
1261 2381 1449 2431 ceteris
1484 2379 1980 2461 praestantioribus:
2042 2381 2218 2463 itaque
2251 2391 2397 2433 recte
2429 2399 2587 2434 rece-

374 2459 489 2502 erat
520 2450 782 2502 Heinsina.
848 2449 1055 2502 Excidit
1086 2458 1261 2500 tamen
1314 2456 1369 2500 et
1414 2449 1518 2500 hoc
1553 2451 1831 2500 Burmanni
1864 2465 2157 2501 recensioni
2204 2460 2258 2502 et
2291 2451 2476 2502 iterum
2511 2451 2586 2504 il-

334 2469 496 2571 fatnm
532 2521 747 2588 vulgare
781 2521 1101 2585 multosque.
1137 2517 1302 2587 (qnod
1333 2518 1592 2587 praebent
1623 2517 1786 2570 Palat.
1821 2517 1867 2572 7,
1905 2519 1959 2571 9.
1995 2519 2076 2573 11.
2120 2521 2265 2586 Wr.)
2369 2517 2472 2575 840
2483 2519 2586 2590 fe-

338 2601 465 2641 rent
496 2590 619 2640 Exc.
662 2590 835 2640 Burin.
881 2598 939 2639 et
978 2588 1162 2639 Franc-
1234 2604 1499 2657 reeponaa
1543 2586 1693 2638 Leid-

336 2657 548 2725 scriptis
581 2658 877 2717 revocavit3
937 2654 1095 2723 vulgo
1121 2655 1442 2706 exanimum.

1006 2730 1107 2791 (—
1136 2721 1255 2777 842.
1292 2724 1514 2787 Mirum,
1551 2725 1692 2793 qnod
1712 2763 1727 2788 ‚
1775 2733 1908 2776 tecte
1943 2724 2201 2793 Pogginio
2221 2764 2237 2789 ,
2281 2729 2497 2797 ingenti
2529 2730 2586 2781 in

334 2796 579 2849 Mediceo
612 2796 667 2847 in
703 2798 929 2861 ingente
960 2802 1213 2844 mutatum
1248 2801 1343 2844 eat.
1396 2796 1546 2857 Wr.)

334 2727 575 2780 Parthas.
613 2737 669 2778 et
700 2725 919 2778 Dorvill.

1831 2584 1932 2641 841
1985 2590 2283 2641 exanimem
2327 2590 2506 2643 Heius.
2554 2608 2585 2642 e

1506 2672 1556 2708 v.
1593 2655 1660 2706 ad
1697 2653 1770 2707 IV
1809 2660 1938 2707 Aen.
1985 2658 2036 2709 8.
2105 2660 2409 2710 exanimum
2451 2662 2589 2713 socii

1684 2792 1786 2847 843
1819 2796 2088 2864 Agnoscit
2133 2794 2266 2847 alter
2300 2798 2585 2867 {iambos-g.

336 2866 443 2921 844
477 2866 649 2918 multo
684 2863 1180 2923 flein⁸.,⁸ecnndnm
1205 2861 1430 2913 Pieriam
1463 2860 1689 2926 reduxit,
1726 2863 1796 2913 ob
1831 2862 1985 2915 codd.
2023 2880 2348 2927 consensum,
2384 2878 2436 2918 et
2464 2868 2584 2918 Ma-

336 2936 482 2988 crob.
521 2936 609 2997 lv,
644 2935 693 2999 3,
728 2942 837 2987 tum
874 2949 1085 3003 qnoque
1132 2931 1361 2983 varianae
1396 2931 1648 2983 dicendae
1698 2941 1779 2983 eet
1817 2940 1978 3001 poeta
2013 2932 2102 2995 id,
2155 2932 2295 2999 quod
2329 2934 2422 2987 lib.
2459 2936 2588 3002 xli,

336 3007 438 3060 611
474 3004 807 3057 retractavit:
839 3002 1094 3055 Canitiem
1105 3001 1381 3053 immundo
1400 2999 1690 3073 perfusam
1721 3002 2227 3074 pulver-euenum„
2265 3003 2468 3055 undein
2487 3022 2585 3057 re-

336 3181 516 3241 cahat
565 3180 829 3261 lymphis
849 3221 873 3251 ,
940 3178 1287 3259 sanguinem
1343 3179 1425 3237 si-

337 3270 521 3327 stebat
546 3267 760 3346 frigida
806 3284 976 3347 aqua.
1058 3268 1421 3344 Ignoramus,

338 3374 413 3412 an
458 3357 676 3433 primus
731 3351 845 3410 hoc
892 3371 1061 3411 ausus
1106 3354 1180 3409 sit
1222 3353 1423 3425 Max-03

294 3470 309 3481 ·
336 3442 593 3499 imitatus
636 3450 721 3498 est
750 3438 967 3497 Statius
994 3440 1023 3495 1
1052 3436 1245 3496 Theb.
1263 3436 1411 3500 527.

336 3528 489 3584 Nam
532 3523 763 3604 τέρσειν
804 3534 863 3581 et
900 3523 1263 3601 τερσαίνειν,
1318 3520 1422 3580 sed

336 3632 536 3690 aquae
565 3612 805 3669 notione
833 3628 953 3667 non
983 3608 1206 3667 adiecta
1222 3652 1239 3680 ‚
1297 3608 1419 3665 iam

340 3700 627 3755 Homerus
714 3695 789 3755 de
860 3696 1101 3753 vulnere
1172 3694 1416 3752 dixerat.

342 3781 489 3846 835.
530 3826 567 3854 „
584 3780 844 3854 Procul,
890 3778 1069 3837 modo
1108 3780 1305 3851 iuxta,
1352 3789 1419 3838 ut

340 3867 469 3924 Ecl.
497 3868 595 3940 VI,
630 3870 765 3940 16,“
798 3868 1051 3940 Servius,
1093 3884 1215 3923 non
1242 3866 1419 3923 male.

339 3950 553 4011 Eidem
578 3951 807 4011 videtur
830 3970 1071 4010 novasse
1097 3950 1159 4009 h.
1182 3952 1225 4008 1.
1248 3960 1423 4029 poeta

341 4035 606 4095 adcline-o
650 4047 707 4095 et
739 4056 1067 4115 propexam
1128 4034 1381 4093 barbam
1392 4056 1421 4109 ;

342 4120 615 4204 equidem
642 4134 923 4181 novatum
950 4120 1205 4180 dicerem
1230 4122 1421 4200 primo

338 4211 473 4267 loco
518 4208 827 4287 quiescunt
844 4252 860 4282 ,
916 4210 1142 4281 iacent,
1202 4204 1277 4264 de
1328 4226 1423 4265 ar-

338 4296 451 4352 mis
468 4338 487 4367 ,
554 4313 661 4351 seu
714 4294 919 4373 clipeo.
1035 4294 1181 4357 838.
1250 4290 1424 4349 cblla

324 4380 507 4460 joret
539 4400 559 4435 .·
649 4382 889 4437 sustinet
964 4388 1139 4458 capnt
1207 4378 1421 4436 arboris

329 4477 571 4525 trumo,
608 4464 805 4544 susus
846 4458 1099 4521 Barbam
1119 4506 1145 4534 ,
1200 4460 1419 4523 habens

1509 3180 1746 3237 barbam
1763 3224 1781 3253 ,
1825 3198 2074 3261 eamque
2102 3198 2420 3259 propexam
2437 3226 2454 3256 ‚
2483 3182 2582 3240 fu-

1503 3284 1632 3323 sam
1671 3267 1732 3321 in
1761 3274 1963 3344 pectus
1982 3310 1998 3339 ,
2047 3284 2168 3323 non
2199 3270 2448 3325 otiosum
2477 3279 2582 3343 est,

1503 3349 1607 3408 sed
1647 3349 1722 3408 ad
1751 3344 2063 3431 ἐνάργειαν
2105 3355 2443 3412 narrationis
2485 3374 2582 3413 re·-

1503 3436 1839 3516 quirebatur
1852 3481 1869 3510 ‚
1901 3435 2043 3494 dum
2079 3436 2156 3496 ad
2179 3448 2452 3497 truncum
2479 3458 2583 3499 ac-

1504 3523 1746 3580 clinatus
1773 3524 1962 3601 capite
2001 3521 2248 3582 demisso
2263 3569 2280 3599 ‚
2325 3526 2580 3585 recubat.

1502 3608 1571 3665 in
1613 3617 1897 3685 pectore,
1954 3628 2060 3687 pro
2102 3610 2164 3667 in
2206 3620 2408 3690 pectus
2437 3650 2464 3682 ,
2517 3622 2582 3671 ut

1500 3694 1654 3751 bene
1681 3694 1866 3767 Serv„
1895 3696 2152 3775 antique.

1587 3776 1732 3843 841.
1773 3780 1884 3837 Hic
1923 3798 2210 3858 magnum
2246 3790 2480 3859 poetam
2515 3781 2582 3839 in

1502 3860 1594 3921 his
1625 3884 1906 3942 agnosce,
1951 3864 2113 3947 quod
2141 3876 2260 3924 arte
2288 3886 2392 3925 sua
2433 3865 2582 3925 effe-

1506 3949 1620 4023 cit,
1662 3960 1730 4008 ut
1767 3952 2070 4026 Mezentii,
2111 3962 2233 4010 tam
2260 3953 2430 4011 invisi
2469 3950 2582 4011 ho·

1502 4036 1708 4109 minis,
1761 4038 2130 4097 miseratione
2183 4038 2406 4098 animoa
2467 4056 2583 4096 no·-

1505 4130 1650 4179 stros
1675 4131 1956 4201 tangeret.
2025 4125 2334 4182 Rationem
2361 4134 2418 4182 et
2445 4142 2584 4181 mo-

1506 4205 1650 4264 dum
1668 4253 1683 4282 ,
1741 4219 1800 4265 et
1827 4228 1976 4289 quae
2005 4209 2102 4266 illa
2129 4211 2272 4282 sint,
2299 4228 2404 4289 per
2432 4226 2584 4288 quae

1506 4288 1650 4350 haec
1693 4292 1884 4352 effecit
1900 4338 1917 4368 ,
1975 4292 2208 4353 videant
2247 4292 2458 4352 harum
2485 4312 2584 4350 re-

1504 4396 1640 4435 rum
1666 4378 1925 4437 studiosi.
1965 4398 2146 4455 super
2168 4397 2342 4435 arma
2356 4418 2382 4446 ,
2411 4396 2584 4457 snper

1502 4464 1723 4543 clipeo,
1781 4474 1846 4522 ut
1885 4463 2056 4521 facile
2110 4463 2442 4543 assequeris.
2504 4462 2581 4523 cf·
