3009 5050
505 429 656 498 508
964 422 1048 502 P.
1100 416 1624 498 VIRG1L11
1675 417 2222 494 MARONIS

500 604 877 706 Hospitia.
980 608 1081 680 Et
1102 603 1327 680 laevo
1358 605 1640 704 pressit
1665 604 1913 706 pede,
1965 603 2142 680 talia
2171 603 2399 699 saum,
2592 613 2747 686 495

502 711 1004 803 Exanimem,
1057 709 1373 807 rapiens
1402 709 1742 796 inmania
1769 707 2131 807 pondera
2165 707 2432 806 baltei,

500 815 1124 912 Inpressumque
1154 810 1413 888 nefas:
1464 835 1626 887 una
1659 812 1806 886 sub
1837 825 2077 886 nocte
2106 811 2342 908 iugali

506 920 747 994 Caesa
792 939 1077 990 manus
1120 916 1495 989 iuvenum
1531 913 1809 1010 foede,
1857 913 2346 1014 thalamique
2393 916 2743 1004 cruenti3

506 1024 729 1115 Quae
759 1017 1059 1096 Clonus
1089 1017 1505 1114 Eurytides
1531 1017 1790 1093 multo
1825 1017 2255 1092 caelaverat
2282 1042 2513 1093 auro:

446 1122 457 1132 ’
506 1127 689 1218 Quo
776 1145 989 1197 nunc
1075 1125 1393 1196 Turnus
1478 1133 1658 1196 ovat
1705 1120 1999 1220 ·spolio
2078 1115 2532 1221 gaudetque
2591 1145 2742 1219 po-

1655 1224 1861 1302 titus,
2590 1233 2742 1302 500

502 1329 779 1406 Nescia
816 1353 1042 1404 mens
1069 1327 1491 1414 hominum
1533 1325 1668 1400 sati
1697 1327 2088 1426 sortisque
2115 1326 2451 1421 futurae,

500 1436 605 1510 Et
627 1456 938 1508 servare
972 1431 1311 1506 modum
1330 1492 1350 1528 ,
1402 1429 1642 1506 rebus
1671 1429 1970 1506 sublata
2001 1429 2401 1506 secundis!

640 1643 745 1696 496
780 1641 1123 1700 Exanimem,
1170 1649 1382 1707 praeter
1416 1655 1570 1690 unum
1605 1639 1773 1700 oud..
1822 1639 1911 1708 qui
1959 1640 2121 1690 habet
2169 1639 2500 1700 exanimum,
2563 1653 2739 1688 omnen

502 1709 684 1763 Heius.
720 1721 773 1761 et
806 1709 955 1771 Piera,
990 1718 1045 1760 at
1075 1711 1396 1760 Exanimum
1434 1709 1559 1760 olim
1595 1709 1806 1760 editum.
1876 1707 2201 1760 Contrarium
2237 1725 2352 1776 sup.
2382 1708 2480 1769 lX,
2514 1705 2618 1761 451
2657 1707 2738 1756 vi-

502 1781 687 1830 dimus.
758 1779 1078 1830 Exanimum
1111 1788 1281 1828 tamen
1309 1779 1600 1844 praeferam
1635 1779 1688 1828 in
1715 1787 1893 1846 poeta,
1928 1788 1980 1828 et
2002 1777 2218 1828 retraxit
2244 1776 2376 1828 illud
2402 1776 2737 1842 Cuningham.

502 1849 775 1900 Heinsius:
809 1848 1004 1911 „Forte
1039 1849 1303 1898 Exanimo
1333 1850 1604 1913 rapiensst‘
1641 1850 1963 1915 (exanimum
1988 1847 2181 1908 Palat.;
2218 1845 2322 1896 vid.
2359 1847 2422 1896 V.
2459 1845 2521 1896 Ι..
2559 1845 2623 1896 ad
2651 1845 2736 1907 IV,

502 1919 555 1972 8.
599 1919 741 1980 Wr.)
842 1917 944 1969 499
981 1919 1131 1980 Quae
1164 1913 1337 1966 bonus
1361 1919 1636 1984 Eurytion
1668 1925 1796 1967 vett.
1824 1917 1960 1979 edd„
2011 1917 2164 1967 etiam
2201 1915 2354 1966 codd.
2391 1929 2532 1982 pars.
2592 1916 2735 1980 (clo-

503 1989 634 2039 nius
670 1987 819 2038 Rom.
858 1995 913 2035 et
946 1983 996 2037 4.
1038 1985 1181 2050 Wr.)
1251 1985 1374 2049 Sed,
1409 1986 1549 2053 quod
1585 1987 1763 2036 Heius.
1801 1997 1854 2036 et
1887 1997 2004 2037 ante
2041 2003 2153 2036 enm
2189 1984 2472 2034 Commelin
2511 2001 2540 2034 e
2575 1983 2733 2034 Palat.

501 2056 773 2121 reposuit,
809 2053 1217 2123 praestantiores
1254 2054 1363 2105 eius
1402 2065 1453 2105 et
1494 2055 1630 2107 Pier.
1668 2055 1820 2106 codd.
1855 2055 2069 2106 habeut.
2138 2055 2370 2104 Monstra
2407 2053 2734 2119 corruptelae

502 2137 567 2176 ex
606 2125 722 2176 aliis
757 2123 905 2174 libris
941 2140 991 2175 v.
1026 2123 1166 2192 apud
1199 2124 1400 2185 Burm.;
1434 2123 1569 2174 adde
1604 2126 1796 2176 domus
1823 2127 2097 2192 Eurycion
2127 2141 2188 2174 ex
2219 2123 2376 2175 Goth.
2482 2123 2584 2174 501
2609 2121 2735 2192 sot*-

503 2195 577 2244 tis
640 2193 758 2243 edd.
820 2193 991 2260 vulgg.
1054 2192 1281 2260 aliquot,
1333 2195 1425 2244 sed
1479 2211 1592 2244 cum
1639 2193 1761 2260 sato
1810 2193 2018 2245 omnino
2071 2211 2194 2245 sors
2259 2191 2442 2244 melius
2495 2191 2733 2260 iungitur.

502 2261 605 2315 602
640 2263 755 2314 Nec
788 2280 1009 2312 servare
1048 2281 1115 2312 m.
1184 2261 1285 2312 Diu
1311 2262 1456 2314 haesi
1492 2263 1548 2312 in
1583 2264 1682 2313 hoc
1717 2263 1864 2326 Nec,
1913 2263 2056 2331 quod
2093 2279 2308 2330 prorsus
2355 2261 2732 2312 incommodum

503 2348 619 2382 esse
667 2331 925 2382 videbam.
998 2333 1119 2381 Mox
1163 2331 1270 2382 vidi
1308 2333 1383 2382 nil
1441 2349 1555 2382 esse
1599 2333 1742 2382 aliud
1792 2349 1941 2398 quam
1985 2332 2161 2382 vitium
2205 2333 2323 2385 edd.
2365 2333 2536 2381 Bum.
2607 2333 2731 2382 Nam

502 2417 682 2452 omnes
701 2440 716 2466 ,
751 2417 880 2469 quos
907 2399 1108 2466 evolvi,
1143 2400 1326 2470 scripti
1355 2410 1408 2452 et
1440 2402 1569 2452 editi
1603 2406 1674 2452 Ει
1705 2419 1749 2453 s.
1780 2402 2000 2452 haberit:
2037 2401 2214 2470 itaque
2247 2400 2439 2452 mutavi
2471 2417 2578 2451 non
2607 2417 2730 2451 cuu-

498 2560 712 2618 meruit
740 2559 985 2634 remitti3
1030 2560 1231 2638 qualis
1275 2582 1381 2641 pro
1424 2583 1576 2641 quo-

502 2644 695 2701 modo.
747 2638 875 2716 οἷος
902 2666 1007 2724 pro
1038 2642 1155 2717 0:59:
1199 2650 1444 2720 scilicet,
1474 2652 1574 2722 sic,

498 2741 565 2790 ut
592 2750 797 2810 corpus
810 2730 976 2788 humi
1000 2731 1403 2791 mandandum
1430 2753 1578 2791 oon-

498 2814 755 2875 eedatur.
842 2818 991 2875 (hun
1038 2820 1297 2875 irrisione
1356 2817 1576 2877 dictum

500 2904 598 2961 alii
638 2914 876 2981 putant:
937 2904 1035 2961 Sic
1090 2923 1195 2981 par
1233 2914 1353 2961 erat
1394 2915 1453 2962 te
1498 2926 1576 2963 ex

500 3008 702 3067 pugna
748 2988 979 3047 dimitti.
1066 2987 1234 3059 Quod
1262 2987 1410 3046 mihi
1440 2993 1577 3070 qui-

500 3072 637 3132 dem
681 3077 871 3131 minus
899 3073 1267 3152 probandum
1314 3072 1572 3135 videtur:

500 3157 977 3240 quandoquidem
1034 3178 1239 3237 corpus
1274 3164 1424 3238 patri
1478 3181 1577 3218 re-

497 3247 675 3303 mittit
696 3246 911 3302 funeris
942 3242 1161 3303 honore
1192 3244 1574 3305 humandum.

498 3329 628 3405 (—-—
670 3326 812 3393 495.
858 3332 1197 3389 Communis
1232 3334 1377 3390 ratio
1418 3330 1576 3391 hunc

498 3424 763 3494 posceret
808 3414 1123 3473 ordinem:
1191 3416 1343 3473 talia
1388 3418 1578 3496 fatue

501 3510 589 3557 eet
618 3510 674 3556 et
690 3502 909 3575 pressit
924 3522 949 3572 ,-
980 3498 1097 3557 vid.
1128 3500 1197 3570 Q.
1227 3503 1297 3560 V.
1326 3504 1574 3579 XXXV,

500 3590 561 3649 6.
616 3586 719 3643 W
706 3586 793 3663 r.)
1410 3572 1419 3593 ⁸

583 3670 725 3733 497.
758 3671 901 3736 498.
960 3670 1377 3753 Anaglyphum
1431 3692 1574 3753 opus

498 3758 563 3813 in
620 3757 807 3814 balteo
866 3758 1139 3817 Pallantis
1196 3770 1317 3818 erat
1370 3760 1574 3817 caedes

498 3860 843 3920 sponsorum
884 3864 1122 3902 suorum
1164 3865 1281 3902 una
1324 3856 1495 3903 nocte
1541 3866 1574 3902 u

498 3926 852 3986 Danaidibus
894 3942 1237 4010 perpetrata.
1340 3932 1457 3987 Cur
1511 3932 1572 3987 iu

498 4010 613 4071 hoc
658 4028 1065 4093 argumentum
1094 4015 1357 4074 inciderit
1382 4026 1573 4095 poeta,

498 4100 898 4181 quaerendtun
948 4122 1067 4159 uon
1115 4113 1231 4174 oetr,
1272 4120 1434 4157 casus
1464 4103 1574 4159 ob-

500 4186 695 4244 tulisse
723 4187 867 4245 illud
896 4185 1204 4266 putandus.
1274 4187 1576 4245 Brevitatis

501 4282 559 4330 et
586 4273 873 4331 varietatis
890 4316 906 4345 ,
950 4290 1137 4351 eoque
1180 4281 1237 4327 et
1263 4274 1572 4346 suavitatis,

496 4356 707 4432 studio,
724 4368 1069 4415 structuram
1090 4357 1377 4432 orationis,
1397 4377 1574 4438 quam

494 4462 653 4503 orsus
698 4452 821 4501 erat
850 4486 867 4517 ‚
922 4452 1093 4519 poeta
1138 4442 1345 4503 deserit
1372 4488 1389 4518 ‚
1438 4454 1495 4501 et
1541 4462 1576 4502 a

1250 4624 1285 4651 0

1659 2572 1862 2639 quarto
1893 2559 1968 2617 ad
1994 2564 2250 2642 primum
2277 2579 2477 2619 casum
2517 2561 2732 2616 transit.

1661 2642 1816 2723 (vid.
1859 2648 1993 2704 Not.
2037 2646 2114 2704 ad
2154 2648 2290 2721 vll,
2332 2645 2478 2711 741.
2543 2644 2732 2720 l‘Vr.)

1657 2733 1798 2788 Erat
1841 2735 2000 2789 enim
2041 2735 2331 2809 impressa
2377 2750 2601 2787 manus
2638 2731 2730 2784 iu-

1660 2836 1878 2873 venum
1895 2860 1920 2887 ,
1955 2820 2317 2896 exsculptum
2346 2818 2534 2876 balteo
2563 2814 2732 2892 nefas

1659 2902 2022 2961 Danaidum
2041 2944 2062 2973 ,
2105 2915 2276 2961 nocte
2318 2901 2563 2981 nuptiali
2603 2918 2730 2958 suos

1659 3007 1896 3067 sponsos
1923 2992 2398 3049 interimentimn.
2474 2988 2594 3049 Neo
2621 2986 2730 3042 alio

1657 3071 1836 3131 modo
1877 3095 2003 3153 sup.
2053 3076 2120 3148 V,
2152 3076 2276 3139 536
2329 3076 2576 3131 Cratera
2617 3072 2730 3127 im-

1650 3178 1930 3236 pressum
1977 3162 2168 3239 signis
2195 3204 2210 3234 ‚
2271 3162 2365 3219 cui
2408 3162 2570 3236 signa
2617 3158 2730 3213 im-

1658 3264 1852 3322 pressa
1877 3257 2070 3320 eranit,
2096 3249 2198 3303 etsi
2227 3247 2536 3324 exsculpta,
2567 3241 2728 3299 dixit.

1657 3332 2028 3389 Burmannus
2041 3343 2336 3411 eomparat
2361 3348 2554 3390 versus
2585 3338 2727 3385 extr.

1658 3416 1758 3475 lib.
1817 3419 1967 3475 VIII.
2023 3418 2126 3475 ubi
2185 3420 2410 3476 Aeneas
2483 3416 2727 3493 clipeum

1657 3504 1834 3559 sumit
1861 3502 2168 3559 Attollens
2195 3503 2438 3559 hiemet-o
2447 3501 2726 3579 samam—

1660 3607 1776 3665 que
1803 3588 2019 3666 etfizta
2049 3599 2347 3665 nepotum.
2420 3586 2583 3644 Idem
2609 3587 2730 3640 Da-

1658 3672 1902 3731 naidum
1959 3684 2366 3753 argumentum
2419 3676 2482 3730 iu
2547 3670 2726 3748 clipeo

1659 3761 1942 3837 copiosius
1973 3761 2280 3839 exsculpsit
2307 3762 2522 3819 Statius
2537 3754 2727 3813 Theb.

1658 3844 1755 3918 IV,
1790 3846 2166 3909 132—135.
2255 3843 2397 3907 499.
2442 3839 2610 3913 Quod
2636 3860 2728 3897 ar·—

1657 3932 1823 3989 tificis
1865 3950 2082 3989 nomen
2129 3930 2322 3988 adiicit
2337 3974 2354 4004 ,
2425 3939 2493 3986 ut
2541 3936 2725 4006 poeta,

1659 4016 1794 4073 facit
1837 4018 2074 4074 Homeri
2144 4036 2377 4097 quoque
2431 4013 2725 4091 exemp103

1661 4104 1793 4159 artis
1824 4104 1981 4159 enim
2009 4102 2387 4181 praestantiae
2417 4097 2592 4157 fidem
2619 4096 2726 4153 hoe

1659 4187 1814 4244 facit.
1873 4185 2000 4262 (—-
2027 4189 2174 4252 500.
2225 4187 2460 4264 gautlet
2478 4186 2725 4262 potiare,

1661 4292 1694 4328 e
1733 4282 1876 4330 noto
1919 4274 2250 4330 Graecismo
2281 4292 2300 4344 ς
2369 4270 2489 4331 vid.
2533 4272 2602 4341 Q.
2658 4268 2726 4325 V.

1657 4359 1954 4431 XXVIIII,
1985 4362 2047 4421 6.
2111 4358 2300 4435 Wr.)
2385 4358 2532 4422 501.
2575 4356 2726 4425 Quae

1658 4443 1774 4521 hic,
1803 4446 1977 4527 etiam
2005 4462 2088 4503 vs.
2119 4444 2243 4508 507
2253 4474 2338 4487 -—
2353 4442 2497 4518 509,
2527 4439 2600 4499 de
2624 4458 2724 4499 suo
