3009 5050
509 361 663 478 1⁸12⁴
1008 351 1909 432 ExcURsUs
2012 351 2234 430 vm

503 547 588 604 αἰ·
609 555 846 626 poetam
885 547 1202 626 respexisse
1255 556 1505 628 putaret.
1590 543 1713 607 Sed
1754 556 1962 626 poetae
2004 543 2118 605 hoc
2162 541 2623 606 condonandum
2648 555 2763 620 est,

500 643 570 690 ut
595 633 660 690 in
687 635 994 712 regionum
1022 635 1136 692 situ
1163 631 1611 712 geographicam
1654 631 2029 692 subtilitatem
2059 631 2301 690 deserat.
2386 630 2532 696 715.
2580 629 2765 688 me-

503 720 624 775 rim
647 739 730 781 sc.
759 737 876 800 qua
903 727 1063 798 patet
1101 719 1252 776 inter
1277 721 1494 776 Narem
1524 729 1583 776 et
1622 716 1931 776 Anienem.
2020 715 2307 787 Fabaris,
2359 717 2489 775 aliis
2518 715 2763 794 Farfa-

503 823 637 873 rus,
678 823 836 862 nunc
893 805 1090 862 Far-sa
1103 847 1120 880 ,
1203 802 1278 864 ad
1322 803 1586 862 Tiberim
1646 799 1959 862 descendit.
2062 806 2210 867 716.
2250 801 2494 860 Nursia
2510 843 2533 872 ,
2590 821 2760 859 nunc

505 887 738 946 Noreia
752 931 779 959 ,
833 909 1028 948 versus
1067 889 1256 948 fontes
1295 890 1459 946 Naris
1501 890 1653 948 inter
1688 890 1983 946 montium
2022 888 2237 966 stigora
2252 931 2270 962 ,
2316 898 2375 945 et
2400 888 2635 957 Horta,
2682 887 2761 944 ad

505 975 650 1032 ostia
675 975 858 1047 Naris,
903 993 1018 1055 qua
1058 975 1258 1034 Tiberi
1299 973 1655 1048 immittitur,
1711 993 1745 1031 a
1773 975 1967 1032 Plinio
2012 971 2237 1052 oppidis
2262 973 2528 1032 Etruriae
2559 991 2759 1030 annu-

502 1070 741 1133 merata,
783 1057 931 1118 nibil
961 1057 1308 1118 difficultatis
1333 1057 1571 1118 habent.
1645 1059 1868 1138 populi
1890 1059 2111 1117 Latini
2134 1058 2495 1137 intelligendi
2522 1058 2645 1117 sive
2676 1055 2757 1116 de

503 1145 742 1204 coloniis
768 1147 987 1204 Latinis
1017 1146 1078 1202 in
1123 1164 1330 1223 agrum
1359 1146 1647 1204 Sabinum
1677 1143 1971 1218 deductis,
2012 1145 2133 1204 sive
2160 1143 2235 1202 de
2266 1141 2495 1223 oppidis
2522 1163 2557 1201 a
2584 1144 2759 1205 hfi-

501 1231 590 1288 nis
619 1229 862 1289 conditis
892 1241 950 1288 et
976 1227 1272 1306 habitatis,
1339 1249 1489 1312 quae
1518 1241 1853 1310 temporum
1876 1249 2141 1290 successu
2178 1231 2245 1288 in
2272 1229 2629 1288 Sabinorum
2658 1227 2759 1288 di·-

500 1316 724 1374 tionem
753 1327 1062 1380 cesserunt.
1147 1317 1276 1376 Hoc
1319 1315 1549 1374 Cluver.
1588 1335 1725 1395 pag.
1756 1315 1875 1380 651
1922 1317 2137 1374 statuit.
2198 1315 2353 1374 conf.
2395 1315 2755 1394 Capmartin.

497 1417 636 1480 pag.
689 1405 810 1466 136
839 1421 968 1484 sqq.
1053 1404 1200 1466 717.
1227 1400 1410 1460 Allia
1427 1445 1444 1476 ,
1487 1403 1771 1480 exiguum
1796 1400 2048 1475 flumen,
2090 1401 2493 1460 Romanorum
2518 1397 2689 1458 clade
2718 1419 2755 1456 a

499 1485 680 1546 Gallis
711 1498 945 1568 accepta
974 1489 1106 1546 satis
1132 1495 1359 1561 notum,
1391 1485 1703 1562 dubitatur,
1744 1502 1860 1568 quo
1888 1485 2019 1545 loco
2048 1485 2373 1550 defluxerit.
2447 1486 2755 1544 Cluverius

501 1589 623 1630 ase
667 1571 910 1632 credidit
947 1590 1183 1631 amnem
1222 1572 1345 1630 Rio
1393 1572 1465 1630 di
1495 1591 1717 1646 moeso,
1766 1575 2167 1652 Capmartinus
2208 1590 2447 1630 amnem
2482 1571 2549 1629 S.
2600 1571 2758 1628 Οἰο-

502 1659 698 1714 vanni
731 1655 896 1716 della
935 1659 1114 1716 Tor-re
1127 1701 1152 1728 ,
1195 1659 1298 1738 qui
1323 1657 1474 1718 infin
1510 1658 1713 1716 castel
1751 1656 2029 1716 Giubileo
2061 1659 2263 1716 Tiberi
2288 1658 2569 1735 iungitur.
2632 1654 2758 1717 vid.

503 1741 648 1800 ibid.
677 1759 812 1822 pag.
860 1741 978 1806 148
1019 1763 1108 1824 sq.
1195 1743 1468 1802 Getenun
1510 1745 1571 1801 in
1621 1740 1868 1802 Sabinis
1910 1745 2180 1802 abstinuit
2218 1753 2391 1822 poeta
2420 1743 2492 1800 ab
2520 1742 2759 1821 01·ngch

511 1827 824 1904 Spartana
866 1828 1378 1888 commemoranda
1393 1873 1408 1901 ‚
1480 1829 1576 1886 cui
1620 1827 2143 1888 conuniniscendae
2194 1847 2429 1887 morum
2478 1829 2756 1886 sev-efflas

505 1914 996 1993 opportunitatem
1021 1915 1252 1972 fecerat.
1337 1911 1484 1973 Vide
1514 1914 1608 1973 vel
1637 1916 1802 1974 Serv.
1830 1911 1907 1972 ad
1934 1915 2088 1987 vm,
2119 1917 2263 1979 638.

675 2001 802 2065 722
829 2019 992 2080 seqq.
1033 1999 1305 2058 Halesus
1323 2043 1346 2070 ,
1388 2001 1481 2058 vel
1510 1999 1740 2058 Alesus
1756 2042 1782 2070 ,
1824 2001 2015 2058 verius
2054 1998 2367 2058 Halaesus
2408 1997 2503 2056 vel
2546 1996 2757 2054 Alae-

504 2103 609 2140 σιω
625 2126 650 2154 ,
694 2104 752 2142 v.
783 2086 854 2142 V.
881 2087 954 2142 L.
985 2083 1058 2142 ad
1086 2085 1212 2160 vll,
1241 2085 1387 2152 724.
1443 2083 1679 2144 adducit
1716 2087 1961 2164 populos
2002 2105 2035 2142 e
2071 2085 2269 2166 priscis
2310 2083 2761 2141 Auruncorum

505 2177 566 2228 et
623 2167 912 2227 Oscorum
967 2167 1215 2230 sedibus.
1311 2173 1571 2230 Fuerunt
1624 2173 1719 2230 isti
1774 2182 2039 2230 veterum
2092 2171 2397 2234 Ausonum
2450 2169 2757 2249 reliquiae,

503 2251 862 2336 tandemque
897 2275 932 2313 a
971 2257 1251 2314 Romanis
1297 2253 1473 2314 deleti
1514 2268 1667 2316 sunt.
1754 2257 1995 2316 Halesus
2014 2301 2029 2329 ,
2084 2255 2617 2334 Agamemnonius
2658 2251 2759 2311 di-

505 2349 629 2400 ctus
659 2361 715 2398 v.
745 2344 889 2414 723,
921 2340 1077 2423 quod
1107 2343 1397 2422 accipiunt
1422 2353 1490 2400 ut
1518 2345 1590 2401 sit
1618 2343 2075 2420 Agamemnonis
2104 2341 2275 2400 filius.
2336 2339 2405 2397 Id
2433 2359 2573 2397 vero
2606 2340 2759 2396 alie—

504 2439 653 2482 num
681 2443 716 2482 a
743 2437 934 2505 poeta.
1017 2430 1170 2486 Nam
1197 2428 1302 2486 inf.
1331 2429 1432 2486 lib.
1454 2429 1533 2500 X,
1562 2427 1688 2492 417
1715 2438 1879 2506 pater
1904 2428 2015 2506 ipsi
2054 2426 2230 2485 fuisse
2270 2423 2515 2484 traditur
2554 2435 2757 2504 mles,

505 2513 610 2593 qui
637 2532 818 2571 senex
845 2512 985 2572 obiit
1014 2524 1071 2572 et
1100 2513 1286 2571 filium
1303 2558 1318 2588 ,
1364 2515 1525 2572 cuius
1564 2514 1684 2571 fata
1724 2512 2085 2593 praeviderat
2100 2559 2116 2587 ,
2169 2514 2233 2571 in
2274 2512 2415 2570 silva
2458 2508 2757 2571 educavit.

505 2596 1028 2677 Agamemnonius
1063 2602 1241 2680 igitur
1285 2598 1360 2659 ad
1399 2600 1685 2678 originem
1726 2600 1953 2677 generis
1990 2599 2189 2657 referri
2228 2616 2461 2657 necesse
2505 2608 2632 2657 est:
2688 2596 2759 2656 id

504 2683 666 2765 quod
712 2688 1086 2760 commentis,
1142 2706 1316 2765 super
1357 2686 1581 2743 Graeca
1630 2686 1961 2743 Italicarum
2000 2685 2235 2743 urbium
2282 2684 2536 2762 origine,
2596 2702 2759 2763 quae

501 2783 672 2850 saepe
701 2772 1286 2831 commemoravimus
1303 2817 1318 2845 ‚
1365 2769 1625 2829 debetur.
1707 2771 1931 2830 Plinius
1954 2772 2057 2844 nl,
2102 2773 2164 2835 8.
2212 2767 2495 2838 Falisca,
2550 2766 2761 2847 Argis

502 2866 634 2913 orta
648 2900 675 2928 ,
719 2868 789 2915 ut
823 2868 1036 2915 auctor
1061 2869 1150 2915 est
1202 2858 1350 2916 Cato
1368 2899 1392 2927 ,
1449 2878 1605 2937 quae
1647 2858 2106 2936 cognominatur
2148 2847 2561 2913 Etruscorum.
2654 2855 2767 2912 Ab

498 2943 728 3023 Argivis
757 2946 934 3022 igitur
960 2947 1270 3021 repetitum
1299 2952 1383 3000 est
1408 2960 1626 3019 genus:
1670 2942 2136 3019 Agamemnone
2168 2960 2380 3011 caeso,
2424 2938 2513 2997 Et
2552 2938 2759 2997 scelus

501 3038 558 3085 et
581 3030 820 3105 patrias
835 3028 1020 3105 sugit
1041 3026 1317 3085 Halesus
1342 3046 1518 3101 opes.-
1564 3026 1800 3085 Ovidius
1826 3028 2031 3085 Am0r.
2072 3028 2177 3101 111,
2226 3030 2325 3099 13,
2370 3028 2473 3089 31.
2518 3028 2623 3098 82,
2682 3036 2758 3083 ut

435 3110 440 3113 ’
499 3112 646 3172 adeo
675 3114 827 3169 inter
854 3114 1311 3189 Agamemnonis
1355 3112 1549 3192 copias
1592 3123 1649 3170 et
1689 3113 1925 3171 comites
1967 3114 2241 3193 Mycenas
2282 3108 2521 3169 reduces
2562 3110 2759 3169 Hale-

499 3218 594 3257 sus
623 3196 796 3255 fuisse
827 3194 1146 3255 credendus
1172 3200 1260 3256 sit.
1349 3197 1472 3257 Sed
1501 3195 1741 3257 discedit
1783 3199 1855 3257 ab
1900 3199 2023 3257 aliis
2066 3200 2229 3255 Maro
2270 3198 2333 3253 in
2374 3192 2489 3254 boc
2507 3239 2524 3270 ,
2580 3195 2757 3276 quod

475 3284 932 3361 ‘Campanorum
962 3281 1172 3341 ducem
1199 3284 1335 3343 facit
1361 3285 1661 3343 Halesum.
1744 3286 1897 3343 Nam
1924 3285 2023 3341 alii
2059 3284 2412 3345 Faliscorum
2458 3282 2755 3359 originem

499 3379 557 3427 et
591 3387 812 3425 nomen
839 3370 912 3426 ab
941 3388 1010 3426 eo
1039 3380 1341 3448 repetunt:
1389 3369 1625 3429 Ovidius
1652 3372 1805 3428 Fast.
1846 3371 1947 3444 IV,
1988 3373 2091 3435 73.
2138 3367 2241 3441 74,
2294 3378 2353 3425 et
2394 3367 2598 3425 Amor.
2639 3367 2754 3443 m,

503 3456 602 3528 18,
631 3458 708 3517 31
743 3472 883 3535 seq„
927 3456 992 3511 in
1021 3474 1138 3533 qua
1165 3457 1349 3535 elegia
1375 3458 1611 3513 Iunonis
1636 3458 1889 3515 Faliscae
1916 3473 2145 3515 sacrum
2188 3465 2247 3512 et
2282 3470 2562 3533 pompam
2604 3471 2758 3510 nar--

496 3549 602 3611 rat,
651 3536 837 3598 Solin.
867 3560 918 3598 c.
949 3542 1008 3613 8,
1039 3540 1276 3599 Servius
1305 3538 1382 3599 ad
1407 3542 1534 3612 vn,
1564 3541 1708 3614 695,
1736 3542 1967 3601 Alsium
1996 3552 2193 3599 autem
2226 3538 2493 3598 Etruriae
2538 3538 2595 3595 ei
2640 3540 2757 3597 tri—

498 3624 624 3681 buit
649 3634 950 3705 tamquam
979 3624 1262 3683 conditori
1291 3626 1465 3685 Silius
1514 3626 1667 3699 vm,
1710 3625 1855 3691 476.
1940 3626 2187 3684 Facilius
2226 3634 2425 3687 tamen
2468 3621 2545 3681 ad
2586 3642 2758 3683 asse-

497 3708 800 3789 quendum
851 3722 936 3771 est
953 3757 969 3785 ,
1027 3710 1326 3792 quomodo
1385 3708 1462 3769 ad
1520 3712 1797 3769 Halesum
1853 3712 2057 3771 Falisci
2099 3710 2359 3771 revocari
2402 3710 2753 3789 potuerint3

495 3794 659 3853 fuere
690 3796 844 3854 enim
887 3796 1244 3856 Faliscorum
1291 3798 1499 3855 Falerii
1516 3842 1533 3872 ,
1576 3795 1891 3876 oppidum3
1934 3798 2033 3867 F,
2074 3798 2383 3855 Aeolicum
2423 3793 2752 3873 digamma,

497 3878 890 3962 adspirationis
919 3884 1110 3943 vicem
1136 3883 1326 3941 subire
1339 3926 1357 3957 ,
1398 3892 1488 3942 tot
1515 3885 1795 3961 exemplis
1822 3893 2076 3959 constat3
2107 3884 2305 3963 itaque
2334 3900 2411 3939 ex
2436 3878 2753 3951 Halesus,

444 3995 459 4006 ·
497 3966 745 4025 Halesii
761 4011 782 4039 ,
825 3968 1054 4027 Falesii
1064 4011 1093 4040 ,
1129 3968 1393 4039 Falerii,
1437 3966 1669 4027 Falisci
1694 3968 1851 4027 facti.
1936 3968 2133 4045 (Nunc
2178 3966 2349 4025 video
2396 3964 2603 4023 eadem
2648 3986 2757 4025 se-

495 4054 596 4133 qui
626 4052 872 4115 Eckhel.
900 4056 1098 4113 Doctr.
1125 4074 1290 4113 num.
1320 4056 1398 4113 T.
1425 4057 1456 4112 1
1481 4074 1542 4133 p.
1572 4053 1705 4131 91.)
1790 4055 1937 4115 Mox
1960 4050 2251 4111 Aunmci
2288 4072 2345 4111 v.
2392 4054 2521 4115 726
2564 4053 2757 4111 intel—

492 4139 744 4220 ligendi,
791 4142 892 4222 qui
919 4140 1070 4199 ultra
1107 4141 1288 4199 Lirim
1327 4138 1691 4213 habitarunt,
1748 4158 1999 4219 quorum
2034 4139 2246 4199 Suessa
2284 4138 2561 4195 Aurunca
2611 4136 2757 4197 fuir.

357 4228 371 4246 ”
492 4228 644 4285 Nam
675 4228 786 4287 alia
813 4230 1224 4285 Aunmcorum
1265 4248 1395 4309 pars
1435 4229 1518 4285 cis
1560 4226 1744 4285 Lirim
1781 4226 1935 4283 Latii
1972 4234 2199 4305 partem
2240 4224 2452 4281 coluit:
2508 4224 2611 4279 Ex
2656 4218 2758 4281 his

491 4324 626 4371 sunt
670 4315 1010 4373 Auruncae
1053 4334 1270 4373 manus
1274 4356 1300 4389 ,
1362 4332 1515 4394 quae
1574 4313 1849 4370 Turnum
1903 4320 2223 4391 sequuntur
2264 4309 2369 4366 inf.
2411 4309 2539 4381 vll,
2593 4310 2759 4374 795.

491 4399 688 4461 Potest
739 4402 1148 4461 Auruncos-mn
1192 4419 1324 4480 pars
1365 4400 1440 4458 ab
1483 4418 1555 4469 eo
1596 4394 1917 4477 perdomita
1970 4396 2143 4455 fiiisse
2180 4392 2395 4468 videri3
2452 4394 2535 4453 sic
2574 4396 2761 4453 enim
