3009 5050
583 382 1190 460 AENEmos
1239 383 1450 462 mn.
1505 387 1675 483 vn,
1727 394 2158 468 eso—660

2374 347 2595 470 9⁷.

231 567 753 672 Victoresque
783 580 1126 643 ostentat
1153 593 1406 670 equos
1433 582 1644 646 satus
1669 571 2014 649 Hercule
2040 575 2318 675 pulcro

230 668 519 746 Pulcer
545 671 1018 763 Aventinus3
1065 669 1488 775 clipeoque
1524 673 1829 774 insigne
1858 689 2281 776 paternum

233 775 582 850 Centum
627 795 924 872 angues
963 777 1460 877 cinctamque
1512 779 1716 874 gerit
1764 780 2267 880 serpentibus
2310 785 2471 881 Hy-

231 976 475 1054 Collis
501 979 868 1056 Aventini
903 979 1094 1056 silva

1393 877 1620 956 dram
1633 916 1655 974 ;

1127 1004 1374 1082 quem
1399 981 1626 1060 Rhea
1658 983 2027 1061 sacerdos

225 1082 638 1157 Furtivum
663 1095 902 1184 partu
927 1083 1076 1158 sub
1107 1080 1426 1160 luminis
1462 1084 1717 1162 edidit
1756 1111 1957 1185 oraS,

2317 1099 2469 1169 660

363 1287 468 1343 656
521 1290 760 1342 ostendit
805 1289 1009 1359 aliquot
1048 1290 1185 1342 Pier.
1213 1261 1230 1284 ⁶
1253 1293 1497 1345 Hercule
1534 1291 1683 1366 forti
1725 1293 1879 1346 codd.
1928 1293 2067 1362 apud
2101 1292 2354 1355 Pieriam,
2407 1312 2471 1346 ex

227 1357 682 1426 interpretatione.
719 1359 843 1426 (vid.
881 1362 946 1422 Q.
979 1360 1047 1411 V.
1083 1361 1232 1425 XVI,
1268 1366 1316 1418 1.
1359 1363 1505 1426 Wr.)

1646 1361 1747 1415 659
1778 1364 1838 1414 in
1874 1363 2017 1414 silva
2036 1367 2209 1432 Sprot-
2242 1375 2293 1414 et
2317 1361 2468 1433 Leid.

228 1443 392 1492 unus,
457 1421 513 1478 et
563 1427 765 1498 aliquot
807 1427 943 1482 Pier.
1013 1429 1210 1481 Rhaea
1255 1429 1406 1483 Leid.
1473 1427 1630 1482 Reba
1674 1431 1863 1483 Hamb.
1912 1449 2016 1482 aec.
2076 1431 2299 1498 (Rhe-da
2325 1437 2471 1486 Serv.

229 1497 426 1548 Dreed.
470 1499 554 1550 W
545 1499 615 1564 r.)

683 1497 846 1550 Rhea
881 1498 934 1548 h.
969 1497 1007 1549 l.
1057 1507 1139 1550 est
1175 1516 1241 1552 ex
1291 1493 1438 1552 Ῥεία
1484 1499 1569 1552 vel
1602 1493 1779 1568 Ῥείη,
1828 1518 1879 1552 v.
1917 1519 1963 1552 c.
1996 1500 2136 1569 apud
2170 1499 2469 1554 callimach.

228 1563 511 1632 (Niebuhr.
546 1571 732 1617 Roem.
771 1567 962 1618 Gesch.
997 1567 1120 1619 vol.
1153 1569 1192 1619 1.
1227 1585 1282 1637 p.
1316 1565 1437 1624 234.
1485 1569 1774 1620 sacerdotis
1820 1568 1970 1620 huius
2018 1585 2209 1621 nomen
2258 1587 2321 1620 ex
2369 1569 2471 1622 ad-

225 1634 418 1688 iectivn
454 1651 584 1686 reus
615 1636 810 1687 factum
845 1645 1230 1706 proptereaque
1265 1641 1416 1698 Rea.
1449 1655 1556 1690 non
1588 1638 1777 1702 Rhea,
1809 1637 2139 1690 scribendum
2174 1655 2289 1690 este
2324 1639 2471 1691 arbi-

227 1712 426 1760 tratui-3
463 1721 594 1772 quae
630 1705 810 1772 opinio
846 1722 944 1756 nec
978 1705 1210 1757 codicum
1245 1708 1558 1759 auctoritate
1592 1705 1887 1759 confirmari
1920 1707 2145 1771 videtur,
2181 1717 2237 1758 et
2272 1708 2471 1759 adver-

227 1783 372 1824 satur
403 1774 700 1840 praeceptis
733 1774 1083 1828 metricorum.
1141 1778 1282 1843 Wr.)

225 1839 368 1908 apud
401 1841 535 1892 Pier.
593 1841 814 1913 furtiuo
845 1860 974 1896 unus
1009 1843 1162 1896 Leid.
1197 1862 1228 1895 a
1261 1861 1330 1896 m.
1365 1863 1466 1911 pr„

1419 1777 1525 1830 660
1557 1778 1783 1828 For-tivo
1812 1788 1984 1848 portu
2029 1775 2267 1846 plerique
2314 1775 2471 1829 codd.

1554 1846 1661 1896 uod
1694 1845 1943 1896 Cati-oeus
1979 1845 2161 1910 dedit,
2211 1861 2309 1896 nee
2342 1844 2473 1898 vidit

225 1927 286 1962 se
319 1910 550 1962 deterius
599 1922 654 1963 et
698 1911 958 1980 vulgarius
994 1929 1096 1982 pro
1144 1912 1480 1984 exquisitiore
1552 1931 1670 1978 are;
1732 1931 1849 1965 nam
1866 1953 1883 1979 ‚
1906 1913 2016 1983 -qui
2043 1913 2270 1986 furtivo
2297 1926 2473 1986 partu

223 2100 396 2147 souut
423 2088 766 2146 recentiores
781 2099 1046 2147 veterum
1065 2108 1310 2170 operum

219 2173 580 2252 interpretes.
691 2175 1127 2234 Nobilissimum
1223 2187 1310 2234 est

219 2259 286 2316 in
330 2259 550 2318 Museo
608 2258 948 2336 Capitolino
998 2261 1078 2317 T.
1117 2261 1220 2333 ΠΙ,
1263 2271 1307 2320 t.

222 2347 329 2416 26,
357 2346 478 2402 iam
504 2363 541 2402 a
566 2345 740 2402 Dom.
768 2343 974 2403 Rubeo
1017 2343 1106 2419 (iu
1133 2345 1310 2402 Rae-

221 2428 384 2486 oolta
411 2429 479 2486 cli
512 2429 724 2487 Statue
749 2440 878 2486 am.
913 2449 976 2488 n.
999 2431 1174 2507 XIX)
1198 2449 1310 2488 ex·-

219 2511 476 2573 bibitum
491 2534 510 2571 ι
565 2512 670 2573 sed
720 2512 785 2571 id
837 2515 1101 2573 Herculis
1143 2517 1310 2595 pueri

222 2619 352 2659 esse
375 2600 570 2655 nullus
599 2597 821 2656 dubito.
890 2600 1156 2658 Exuviae
1183 2602 1311 2660 leo·-

218 2685 316 2742 nis
342 2693 692 2765 perpetuum
731 2682 994 2739 Herculis
1039 2693 1174 2741 sunt
1213 2684 1312 2739 in-

219 2771 392 2846 signe
408 2812 425 2841 ,
471 2769 646 2827 etiam
675 2768 842 2847 pueri
871 2776 1004 2825 ante
1040 2776 1312 2825 enectum

217 2857 586 2912 Nemeaeum
667 2854 923 2911 leonem.
1038 2853 1312 2911 Ceterum

217 2940 544 2999 Aventinus
591 2936 764 2997 heros
800 2938 1028 3015 Virgilii
1074 2939 1310 3016 ingenio

224 3023 424 3083 deberi
481 3022 710 3083 videtur
724 3068 742 3097 ‚
804 3024 1049 3083 Homeri
1104 3042 1312 3081 exem-

221 3111 324 3190 plo
338 3153 355 3185 ,
401 3112 502 3191 qui
529 3111 592 3167 in
619 3109 902 3169 similibus
946 3108 1194 3167 heroum
1235 3108 1311 3167 fi-

219 3198 316 3255 liis
345 3206 404 3253 et
435 3196 740 3273 nepotibus
784 3193 1308 3255 commemorandis

223 3282 586 3341 felicissimus
617 3291 720 3339 est.
805 3280 1068 3339 Herculis
1112 3291 1310 3339 autem

225 3386 484 3425 accessus
525 3362 602 3423 ad
641 3363 785 3425 haee
827 3365 958 3424 loea
1011 3362 1159 3441 (vid.
1201 3366 1310 3425 inf.

221 3453 379 3527 vm,
409 3455 536 3517 200
564 3452 681 3531 sq.)
722 3452 892 3511 facile
933 3461 1140 3530 poetae
1179 3452 1310 3509 ani-

223 3557 398 3596 mum
449 3537 748 3616 impellere
803 3540 993 3616 potuit
1017 3580 1034 3610 ‚
1107 3547 1174 3594 ut
1243 3536 1308 3593 in

221 3623 588 3683 Aventinum
629 3620 944 3695 incidet-etr,
985 3622 1150 3679 euius
1193 3640 1309 3679 no-

223 3728 368 3767 men
409 3709 686 3769 Romanis
726 3704 1036 3765 lectoribus
1077 3707 1308 3787 plaeere

225 3792 428 3852 debuit
441 3837 457 3867 ,
499 3810 636 3851 oum
662 3812 832 3851 mons
857 3794 1178 3851 Aventinus
1205 3812 1310 3849 ur-

224 3880 314 3939 bis
341 3880 564 3935 Romae
591 3898 723 3957 pars
751 3879 901 3935 facta
931 3888 1096 3951 esset.

314 3961 462 4028 655·
503 3964 798 4041 insignem
815 3961 1034 4040 palma
1063 3980 1309 4019 cmv-um

227 4048 420 4129 simpl.
441 4046 700 4125 intelligo
729 4040 1084 4125 νικηφόρον,
1119 4039 1302 4107 ἆθλο-

231 4132 430 4215 φόρον
461 4176 480 4209 ,
555 4132 860 4212 quadrigas
889 4177 906 4205 ,
974 4132 1070 4189 vel
1125 4132 1304 4206 bigas,

231 4238 384 4301 quae
423 4219 750 4297 praemium
792 4236 988 4276 cursus
1035 4215 1306 4273 obtinue-

227 4314 379 4363 rant.
436 4304 612 4361 Lauri
653 4304 749 4361 vel
791 4304 1021 4381 pabnae
1077 4301 1304 4376 insigne

227 4389 424 4450 emuli
461 4386 712 4447 infixum
761 4384 1092 4447 recentioris
1129 4384 1306 4443 moris

331 4489 644 4567 Vmou..
697 4490 911 4562 Tou.
945 4484 1076 4560 ΠΙ.

1389 2111 1468 2148 ne
1510 2091 1585 2149 sit
1628 2111 1848 2150 vereor.
1934 2088 2204 2149 Hercule
2249 2089 2470 2168 pulcro

1391 2175 1621 2234 Pulcer
1673 2176 2041 2234 Aventinum.
2130 2207 2137 2212 ·
2172 2177 2307 2234 Noli
2360 2197 2471 2236 nec

1391 2259 1466 2320 de
1505 2263 1767 2320 Herculis
1794 2281 1905 2320 nee
1934 2259 2009 2318 de
2034 2263 2309 2322 Aventini
2334 2263 2472 2340 pul-
2488 2268 2509 2292 ⁸

1391 2346 1677 2406 critudine
1706 2367 1845 2406 cum
1873 2344 2059 2406 cerda
2089 2358 2147 2406 et
2188 2347 2310 2406 eliis
2358 2347 2472 2404 du-

1391 2433 1595 2491 bitare.
1677 2435 1829 2492 Rem
1880 2433 2015 2490 satis
2059 2431 2350 2492 declarant
2390 2434 2472 2490 si-

1391 2536 1513 2595 gna
1554 2530 1781 2591 vetera3
1822 2515 1925 2577 sed
1972 2515 2351 2595 cogitandum
2386 2528 2472 2577 est

1394 2601 1468 2660 de
1495 2603 1883 2681 pulcritudine
1912 2600 2119 2676 herois,
2164 2605 2264 2682 qui
2294 2604 2473 2663 robo-

1393 2705 1458 2741 re
1497 2691 1749 2765 corporis
1794 2705 1997 2745 omnes
2040 2688 2314 2745 mortales
2371 2708 2473 2747 su-

1393 2773 1633 2848 peravit.
1695 2771 2471 2848 („Romulu'poloer“

1392 2855 1619 2913 Emtius
1644 2874 1779 2933 pag.
1811 2857 1911 2918 19.
1928 2852 2021 2911 ed.
2035 2855 2253 2913 Hessel.
2290 2854 2471 2931 Wr.)

1395 2938 1541 3003 657.
1572 2940 1715 3003 658.
1758 2939 2146 3015 Tragioorum
2170 2956 2337 2995 more
2364 2939 2474 2996 eli-

1391 3043 1574 3105 peum
1638 3024 1739 3083 dat
1790 3024 2081 3083 Aventino
2135 3024 2473 3101 insignitum

1392 3108 1602 3190 hydra.
1718 3110 1969 3169 Centum
2037 3128 2269 3187 angues
2338 3110 2472 3169 cin-

1393 3206 1673 3274 ctamque
1742 3192 2109 3272 serpentibus
2173 3192 2431 3272 hydram
2442 3216 2469 3267 ;

1393 3282 1688 3359 eleganter
1713 3283 1930 3339 variata
1960 3280 2141 3339 oratio
2180 3298 2288 3359 pro
2336 3280 2471 3338 vul-

1391 3368 1551 3445 gari:
1613 3364 1871 3444 hydram
1918 3374 2155 3421 centum
2212 3364 2473 3422 cinctam

1392 3448 1781 3528 serpentibus.
1859 3450 2132 3509 Ceterum
2157 3461 2361 3529 poetae
2398 3448 2471 3508 de

1391 3539 1581 3616 parvis
1630 3547 1689 3596 et
1731 3537 1999 3595 tenuibus
2042 3554 2251 3613 parum
2303 3535 2471 3593 labo-

1389 3624 1567 3680 rantis
1594 3640 1935 3701 generosam
1961 3622 2247 3677 incuriam
2272 3621 2473 3679 obser-

1389 3726 1489 3767 ves
1532 3709 1595 3764 in
1636 3704 1781 3780 hoo,
1826 3704 1987 3787 quod
2024 3702 2277 3784 hydram
2310 3724 2469 3763 nunc

1392 3802 1669 3863 centum,
1726 3803 1786 3849 at
1840 3792 1942 3849 lib.
1982 3788 2079 3863 VI,
2122 3790 2247 3854 576
2288 3791 2471 3867 quin-

1392 3878 1692 3954 quaginta
1773 3875 2049 3955 capitibus
2116 3871 2469 3933 horrendam

1393 3959 1674 4021 exhibuit.
1754 3962 2103 4041 Comparent
2133 3957 2471 4017 deliciarum

1388 4043 1601 4105 harum
1644 4044 1880 4104 studiosi
1894 4088 1913 4118 ,
1978 4055 2205 4122 praeter
2258 4044 2469 4102 Silium

1387 4132 1463 4203 11,
1510 4132 1650 4196 158.
1713 4132 1854 4202 159,
1914 4130 2117 4206 Eurip.
2172 4126 2391 4185 Phoen'
2451 4166 2467 4181 .

1395 4213 1559 4279 1142
1599 4234 1726 4295 sqq.
1802 4214 2088 4285 Quintum
2143 4214 2267 4271 Gal.
2392 4210 2466 4281 11,

1391 4297 1536 4363 349.
1567 4298 1711 4364 350.

1475 4382 1603 4449 659
1628 4414 1713 4427 --
1744 4386 1889 4449 663.
1969 4383 2201 4441 Bellum
2265 4384 2470 4455 poetae

2004 4484 2055 4551 ἵ
