3009 5050
403 406 551 477 308
883 388 967 461 P.
1018 344 1556 465 v1Ro1L11
1603 370 2164 452 MARoms

404 590 771 681 Namque
834 574 967 651 ita-
998 565 1416 648 discedens
1482 570 1996 665 praeceperat
2071 568 2456 659 optumus
2529 581 2656 633 ar-

889 734 895 739 .
1562 667 1716 742 mis
2503 700 2514 709 ·
2547 668 2656 740 40

406 796 757 869 Aeneas=
808 779 875 855 si
908 802 1065 879 qua
1090 774 1393 851 interea
1418 774 1774 847 Fortuna
1802 764 2102 859 suisset,

406 899 587 971 Neu
622 900 931 963 struere
966 878 1355 957 auderent
1396 877 1688 969 aciem,
1751 896 1912 947 neu
1957 866 2288 945 credere
2327 890 2654 969 camp03

412 998 679 1075 Castra
708 985 961 1063 modo
1001 996 1079 1060 et
1106 996 1319 1057 tutos
1346 990 1752 1055 servarent
1781 996 2059 1073 aggere
2091 995 2386 1050 muros,

406 1103 657 1195 ErgO‚
710 1092 853 1169 etsi
889 1083 1257 1165 conferre
1285 1106 1616 1159 manum
1648 1076 1916 1181 pudor
1941 1078 2052 1153 ira
2171 1101 2214 1152 e
2241 1086 2654 1169 monstrat,

412 1199 819 1281 obiiciunt
843 1204 1111 1293 portas
1142 1203 1449 1284 tamen,
1504 1198 1586 1261 et
1619 1194 2038 1285 praecepta
2102 1194 2483 1275 acessunt‚
2551 1186 2650 1257 45

410 1301 871 1399 Armatique
906 1295 1109 1371 cavis
1142 1300 1590 1393 exspectant
1616 1286 1965 1362 turribus
1997 1283 2334 1362 hostem.

412 1414 769 1497 Turnus,
810 1413 901 1476 ut
936 1410 1116 1475 ante
1142 1395 1415 1472 volans
1443 1389 1764 1469 tardum
1786 1400 2320 1489 praecesserat
2343 1390 2654 1484 agmen,

410 1509 704 1609 Viginti
733 1504 953 1580 lectis
993 1501 1353 1601 equitum
1382 1496 1800 1571 comitatus
1833 1505 1914 1567 et
1939 1492 2122 1567 urbi

416 1609 877 1714 Inprovisus
910 1603 1166 1681 adest:
1218 1598 1544 1677 maculis
1579 1622 1825 1699 quem
1852 1594 2234 1671 Thracius
2264 1590 2458 1668 albis

413 1720 687 1793 Portat
714 1733 1003 1811 equus»,
1059 1706 1443 1805 cristaque
1478 1703 1672 1799 tegit
1703 1698 1921 1799 galea
1949 1723 2183 1775 aurea
2216 1697 2475 1777 rubra.
2558 1706 2658 1775 50

412 1817 705 1918 Ecquis
738 1813 921 1910 erit,
972 1834 1337 1905 mecum,
1404 1806 1768 1899 iuvenem,
1823 1803 1962 1903 qui
2015 1803 2322 1904 primus
2375 1800 2458 1877 in
2505 1800 2658 1876 ho·-

1577 1922 1784 1985 stem
1797 1952 1902 1967 --
1921 1914 1959 1984 ἓ

521 2030 641 2103 51.
691 2040 875 2096 mur
926 2038 1010 2096 Μ.
1112 2020 1489 2091 mvnuns?

552 2226 619 2281 41
657 2227 709 2278 si
738 2242 851 2295 qua
882 2225 920 2276 ι’.
952 2225 1015 2276 F.
1052 2221 1269 2275 tulisset
1301 2218 1451 2273 malit
1475 2222 1553 2272 Io.
1587 2218 1891 2279 Schrader.;
1923 2218 2027 2269 hoc
2051 2224 2225 2270 temen
2248 2234 2356 2271 non
2378 2216 2545 2270 minus
2573 2216 2664 2267 in-

421 2295 764 2351 commodum.
832 2292 1060 2347 videtur
1095 2292 1147 2343 ei
1176 2309 1286 2361 qua
1307 2294 1550 2360 jot-uma
1572 2286 1783 2357 suis-vet
1817 2286 2010 2339 dictum
2047 2298 2125 2352 ut,
2160 2308 2512 2359 quaecunque
2527 2288 2662 2357 for-

416 2381 557 2419 tuna
584 2363 793 2436 suerit,
830 2381 896 2415 ea
920 2360 1162 2433 fortuna
1197 2358 1347 2412 urbia
1370 2359 1505 2427 fuit.
1543 2356 1671 2426 (vid.
1708 2358 1838 2409 Not.
1872 2353 2076 2425 noyn-3
2113 2358 2326 2428 Jm'sset
2359 2360 2398 2411 i.
2430 2377 2483 2429 q.
2515 2358 2662 2411 futu-

414 2454 476 2489 ra
513 2446 677 2495 euset3
722 2431 830 2483 vid.
866 2432 933 2483 V.
969 2431 1028 2482 L.
1066 2430 1133 2482 ad
1168 2431 1245 2495 11,
1296 2428 1411 2483 186.
1453 2429 1600 2494 Wr.)
1756 2426 1828 2480 42
1861 2426 1947 2479 Ne
1981 2440 2081 2479 etr.
2117 2426 2208 2479 alii
2242 2428 2396 2481 codd.
2446 2439 2502 2480 et
2535 2436 2662 2479 vett.

419 2504 545 2560 edd.
584 2506 720 2572 (cum
754 2502 806 2557 7.
842 2502 894 2556 8.
936 2501 1080 2565 Wr.)
1155 2501 1321 2552 aciem
1357 2517 1387 2551 e
1421 2496 1575 2551 codd.
1610 2495 1746 2549 Pier.
1781 2513 1880 2566 pro
1917 2494 2163 2565 vulgato,
2214 2498 2356 2568 quod
2406 2500 2665 2552 Romanus

418 2593 523 2646 quo
562 2590 628 2625 ue
683 2572 925 2635 exhibet,
976 2572 1143 2622 acies:
1193 2571 1381 2635 (aciem
1429 2587 1544 2621 cum
1592 2567 1782 2620 Medic.
1843 2577 1898 2617 et
1941 2566 2008 2618 fr.
2055 2569 2228 2621 vatic.
2277 2569 2330 2623 2.
2376 2567 2431 2622 3.
2482 2570 2533 2622 8.
2583 2569 2665 2622 12.

424 2647 549 2699 Wr.
624 2651 734 2694 tum
764 2659 865 2693 nec
898 2657 975 2692 er.
1012 2641 1147 2692 Ven.
1286 2639 1356 2693 43
1401 2651 1526 2690 tuto
1573 2637 1797 2704 oblong.
1845 2636 2035 2699 Pierii,
2084 2656 2199 2690 cum
2249 2637 2414 2692 Goth.
2458 2655 2562 2691 sec.
2610 2646 2666 2689 et

418 2716 604 2782 fmgm.
636 2711 810 2764 vatic.
846 2727 877 2762 a
912 2728 991 2776 pr.
1024 2727 1092 2760 m.
1164 2719 1481 2760 servassent
1523 2725 1606 2774 pr.
1641 2707 1827 2758 Hamb.
1965 2702 2036 2758 44
2083 2707 2244 2770 furor
2289 2709 2482 2777 iraque
2525 2709 2665 2759 Non.

418 2781 651 2836 Marcell.
686 2779 741 2831 in
775 2776 1060 2850 confert-03
1093 2779 1421 2847 (meminerat
1464 2776 1557 2826 ille
1608 2775 1847 2827 nimirum
1899 2773 2026 2826 alibi
2071 2775 2204 2828 haec
2253 2777 2452 2840 iuncta,
2499 2787 2556 2828 ut
2601 2777 2666 2840 11,

418 2854 567 2908 316.:
625 2850 871 2916 „furor
926 2849 1177 2917 ireque
1236 2857 1461 2898 mentem
1523 2844 1928 2912 Praecipitant.“
1982 2847 2125 2910 Wr.)
2184 2854 2295 2897 tum
2357 2857 2667 2898 monstrant

424 2923 629 2990 aliquot
666 2921 845 2970 Heius.
883 2929 935 2969 et
967 2918 1137 2970 Bur-m.
1176 2934 1288 2968 cum
1324 2917 1507 2983 fragm.
1542 2915 1714 2966 Vntie.
1758 2918 1841 2978 (et
1866 2913 1921 2968 3.
1959 2913 2028 2973 8..
2062 2914 2202 2980 quod
2239 2931 2306 2966 ex
2333 2915 2518 2969 eodem
2564 2932 2667 2965 nu-

420 3008 568 3044 mero
594 2989 744 3042 verbi
783 2987 1006 3040 subiecti
1042 2985 1313 3038 obiiciunt
1362 2994 1540 3036 natum
1591 2984 1814 3034 videtur.
1873 2984 2016 3046 Wr.)
2088 2997 2460 3036 monstrarem
2507 2983 2666 3036 Goth.

423 3079 529 3113 sec.
664 3056 734 3110 45
771 3069 983 3109 tantum
1018 3055 1239 3108 Dor-vill.
1375 3053 1446 3106 46
1482 3055 1599 3104 suis
1631 3069 1730 3120 pro
1767 3055 1918 3104 cavi-9
1948 3055 2131 3115 sprot.
2177 3053 2280 3106 vid.
2327 3055 2498 3106 Bur-m.
2567 3073 2668 3106 ur-

424 3126 581 3180 bibus
618 3125 813 3178 Medic.
951 3123 1019 3178 47
1055 3143 1119 3176 ra
1158 3124 1307 3174 idum
1340 3141 1395 3192 p.
1439 3121 1614 3189 Bigot.
1663 3131 1718 3171 et
1767 3121 1926 3172 Goth.
1977 3131 2102 3173 tert.
2161 3135 2514 3192 processerat
2559 3141 2668 3176 sec.

424 3199 616 3248 Mon-et.
754 3191 823 3251 48
878 3191 1065 3245 electis
1180 3191 1380 3244 ontalb.
1517 3189 1586 3244 49
1633 3189 2024 3242 Hemiatichium
2076 3191 2216 3243 idem
2277 3191 2370 3243 lib.
2423 3193 2492 3258 V,
2543 3191 2665 3246 565.

426 3263 632 3329 (—50.
679 3261 898 3332 galeam
947 3261 1139 3315 Medic.
1195 3263 1340 3328 Wr.)
1480 3258 1546 3312 51
1595 3263 1670 3311 Ee
1715 3261 1836 3330 quis
1884 3259 2208 3312 recentiores
2258 3261 2369 3312 fere
2409 3259 2564 3314 codd.
2635 3279 2668 3314 ο

425 3335 653 3386 iuvenes
684 3339 807 3382 ante
843 3327 1022 3382 Heius.
1061 3331 1163 3396 (ita
1198 3329 1361 3382 Palat.
1430 3329 1497 3380 Et
1529 3331 1746 3380 iuvenis
1778 3327 2028 3397 scriptum
2063 3330 2120 3380 in
2155 3330 2346 3382 Medic.
2396 3341 2452 3382 et
2498 3333 2670 3392 Rom„

426 3404 657 3454 iuvenes
688 3400 873 3466 fragm.
907 3399 1080 3452 Vatic-
1137 3401 1283 3466 Wr.)
1352 3398 1544 3450 Melius
1591 3397 2005 3466 interpungitnr:
2051 3402 2254 3470 Ecquis
2297 3399 2404 3452 erit
2451 3418 2670 3462 mecum,

428 3468 689 3522 iuvenes?
720 3469 815 3538 qui
843 3485 929 3538 pr.
970 3469 1028 3520 in
1064 3471 1269 3520 hostem
1288 3469 1315 3520 7
1394 3485 1510 3519 uum
1546 3466 1687 3537 quod
1725 3476 1860 3519 erat:
1908 3469 2111 3534 Ecquis
2145 3471 2250 3520 erit
2297 3488 2528 3532 mecum,
2577 3471 2672 3521 iu·-

430 3555 626 3605 venes,
676 3539 771 3609 qui
806 3539 1021 3610 primus
1063 3538 1120 3588 in
1157 3536 1362 3589 boetem
1468 3537 1546 3608 (Si
1590 3537 1914 3606 Heynianam
1961 3537 2348 3590 distinctionem
2393 3539 2671 3610 sequimur,

430 3711 601 3790 piunt
624 3730 687 3768 se
718 3713 961 3770 Troiani
1000 3713 1151 3770 intra
1191 3713 1412 3770 vallum
1453 3724 1512 3771 et
1593 3731 1698 3770 eus
1745 3709 1918 3768 adest
1931 3753 1960 3782 ,
2019 3713 2168 3771 forte
2223 3723 2281 3770 et
2319 3731 2526 3772 vacare
2579 3712 2674 3770 vi-

430 3815 648 3856 muros.
748 3793 853 3860 41.
907 3801 956 3856 si
1001 3799 1127 3879 quis
1168 3798 1307 3856 belli
1349 3817 1512 3858 casus
1595 3793 1718 3854 deri
1743 3807 1948 3876 potest.
2003 3799 2318 3858 Enimvero
2345 3796 2670 3878 iungendaz

432 3901 495 3939 se
525 3877 789 3956 offerret3
829 3885 1008 3942 verbo
1022 3927 1039 3958 ,
1081 3883 1131 3943 si
1172 3881 1313 3963 quid
1356 3885 1516 3942 acci-

436 3965 616 4024 deret.
678 3965 823 4042 (vid.
881 3969 955 4027 V.
1011 3970 1082 4026 L.
1146 3967 1323 4048 W.)
1408 3966 1515 4032 44.

437 4060 729 4110 nwnstrat
764 4049 827 4111 h.
873 4055 914 4113 l.
956 4051 1218 4112 hortatur
1231 4098 1248 4129 ,
1290 4051 1514 4130 suadet¹

434 4135 700 4216 impellit.
782 4139 935 4196 Nam
963 4140 1066 4220 qui
1091 4137 1310 4216 suadet,
1336 4157 1516 4198 mon-

436 4231 577 4281 strat
590 4265 607 4296 ,
636 4219 781 4302 quid
806 4226 879 4283 sit
904 4223 1237 4283 faciendum
1251 4269 1269 4300 ,
1313 4235 1373 4283 et
1398 4242 1516 4306 qua

438 4310 681 4366 ratione.

523 4389 630 4458 48.
656 4393 727 4449 In
753 4391 940 4453 verbis
969 4402 1027 4449 et
1052 4389 1192 4450 urbi
1215 4393 1519 4474 Improvi-

1611 3883 1850 3940 Dtrnus·
1891 3884 2098 3962 viginti
2149 3885 2436 3966 equitibus
2490 3885 2675 3940 eomi-

1597 3977 1759 4024 tatus
1799 3978 1856 4024 et
1895 3970 2255 4046 impmvzzsus
2293 3967 2435 4026 urbi
2477 3969 2668 4028 adest.

1597 4053 1800 4133 Itaque
1837 4055 2365 4132 interpunctionem
2401 4065 2536 4134 post
2575 4073 2678 4112 co-

1599 4139 1848 4196 mitatus
1873 4141 2094 4198 sustuli.
2171 4142 2242 4198 ln
2285 4158 2438 4220 equo
2483 4137 2678 4197 Ἠινα-

1601 4223 1693 4280 οίο
1719 4243 1842 4282 non
1869 4221 2262 4300 haerendum3
2303 4229 2468 4283 ouius
2494 4244 2680 4303 gene-

1602 4310 1676 4367 ris
1721 4329 2008 4390 equorum
2047 4313 2214 4390 copia
2263 4313 2328 4368 in
2368 4312 2536 4369 Latio
2561 4311 2682 4370 ,τίκ

1599 4404 1730 4453 tum
1757 4415 1879 4454 esse
1919 4397 2142 4475 potuit;
2195 4395 2300 4454 sed
2343 4406 2511 4456 ornat
2553 4395 2684 4475 epi-
