3009 5050
480 366 631 436 370

945 352 1025 429 Ρ.
1098 286 1643 430 VIRGILit
1698 347 2264 490 &MP-oms

476 540 865 635 Produxi,
921 537 1272 639 pressive
1306 533 1622 627 ocu108,
1679 547 1810 611 aut
1837 533 2168 612 vulnera
2209 535 2382 633 lavi,

475 652 713 725 Veste
744 658 1058 741 tegenS,
1103 640 1243 714 tibi
1273 664 1514 741 quam
1545 652 1825 714 noctes
1857 636 2140 715 festina
2175 640 2506 743 diesque

474 748 970 847 Urguebam,
1028 755 1105 819 et
1137 742 1289 819 tela
1322 766 1546 820 curas
1579 740 1890 816 solabar
1927 741 2170 821 anilis.

408 901 420 912 -
477 857 660 948 Quo
736 856 1073 953 sequar?
1152 859 1283 923 aut
1374 868 1578 947 quae
1657 868 1874 921 nunc
1956 858 2168 925 artus
2195 907 2219 944 ,

2303 816 2730 949 avolsaque

1628 950 2018 1047 membra,
2570 958 2726 1031 490

473 1062 576 1135 Et
600 1055 841 1133 funus
872 1054 1225 1129 lacerum
1253 1051 1493 1127 tellus
1527 1050 1824 1129 habet?
1876 1052 2038 1128 hoc
2065 1052 2268 1128 mihi
2305 1051 2406 1128 de
2436 1066 2538 1149 te,

471 1168 701 1256 Nate,
752 1156 1055 1237 refers?
1106 1156 1264 1232 hoc
1300 1181 1477 1231 sum
1515 1169 1882 1256 terraque
1910 1158 2272 1259 marique
2299 1167 2618 1234 secuta?

471 1265 717 1361 Figite
744 1286 876 1339 me
904 1323 924 1357 ,
968 1263 1032 1335 si
1066 1284 1221 1361 qua
1254 1270 1373 1333 est
1398 1260 1682 1361 pieta&
1735 1264 1818 1334 in
1855 1285 1990 1337 me
2021 1261 2289 1337 omnia
2323 1260 2480 1335 tela

472 1368 895 1462 Coniicite,
953 1388 1002 1440 o
1054 1362 1367 1452 Rutuli3
1418 1386 1555 1437 me
1601 1363 1946 1463 primam
1980 1364 2368 1441 absumite
2395 1362 2654 1458 ferro;

467 1475 626 1548 Aut
646 1485 771 1563 tu,
818 1491 1108 1566 magne
1135 1479 1361 1567 pater
1389 1464 1684 1564 divom,
1737 1468 2156 1566 miserere,
2215 1481 2520 1568 tuoque
2561 1477 2714 1549 495

465 1576 817 1651 Invisum
840 1571 1001 1647 hoc
1043 1568 1381 1645 detrude
1410 1582 1642 1670 caput
1677 1571 1822 1645 sub
1857 1576 2178 1647 Tartara
2206 1571 2406 1649 telot

468 1676 812 1772 Quando
856 1674 1081 1750 aliter
1120 1697 1441 1773 nequeo
1488 1674 1904 1752 crudelem
1933 1674 2415 1775 abrumpere
2453 1675 2712 1753 vitam.

464 1784 638 1857 Hoc
666 1776 865 1855 fletu
906 1776 1261 1854 concussi
1297 1778 1578 1872 animi,

1625 1792 2135 1880 maestusque
2167 1804 2316 1881 per
2347 1780 2610 1855 omnis

462 1888 536 1961 It
567 1882 947 1981 gemitus3
1000 1893 1326 1982 torpent
1352 1876 1730 1957 infractae
1763 1880 1859 1958 ad
1890 1882 2196 1983 proelia
2231 1884 2452 1959 vires,

462 1986 693 2064 Illam
726 1984 1298 2061 incendentem
1336 1983 1592 2061 luctus
1627 1984 1911 2063 Idaeus
1943 1999 2025 2062 et
2054 1992 2317 2084 Actor,

596 2210 700 2265 487
727 2208 902 2265 oculis
924 2208 1029 2259 duo
1060 2210 1231 2261 Burm.

2557 1996 2710 2065 500

1352 2210 1456 2263 488
1484 2206 1584 2261 tibi
1607 2206 1755 2281 quo'd
1781 2210 1930 2263 Rom.
2001 2228 2110 2281 qua
2131 2211 2259 2277 Era,
2293 2220 2350 2262 et
2378 2226 2502 2261 mox
2529 2228 2578 2263 V.
2605 2210 2709 2263 489

471 2278 806 2353 Urgu-ebant.
848 2278 965 2331 tela
992 2278 1131 2329 anili
1154 2278 1286 2333 alter
1306 2278 1524 2331 Mentel.
1588 2280 1777 2347 (anilis
1810 2280 2016 2347 Medic„
2051 2282 2146 2331 ned
2171 2280 2339 2333 altere
2371 2282 2396 2332 i
2423 2281 2478 2331 iu
2502 2299 2533 2331 e
2557 2296 2708 2331 com-

459 2356 719 2413 mutatur,
754 2348 829 2401 ait
852 2346 1073 2415 Foggin.
1115 2348 1199 2401 W
1194 2346 1260 2415 r.)

460 2428 517 2471 et
549 2418 711 2471 Goth.
734 2428 853 2469 tert.

455 2498 604 2548 vett..
638 2488 735 2540 sed
766 2490 869 2542 hoc
900 2504 1019 2540 sum
1052 2503 1230 2540 omnes
1272 2486 1373 2539 seri

456 2626 759 2698 abmmpite
796 2644 898 2680 sec.
941 2627 1133 2678 Moret.

1400 2346 1504 2401 490
1528 2366 1726 2414 sequor
1767 2349 1905 2401 alter
1935 2350 2119 2402 Hamb.
2167 2363 2266 2401 aut
2303 2368 2409 2420 quo
2453 2348 2703 2402 Montalb.

992 2416 1096 2470 492
1137 2418 1284 2469 Nau
1312 2435 1385 2469 ne
1412 2416 1537 2485 fiet-⁸
1571 2417 1709 2469 alter
1748 2416 1931 2473 Hamb.
2003 2438 2143 2489 quae
2179 2438 2299 2471 sum
2337 2416 2540 2487 aliquot
2581 2418 2703 2471 edd.

1414 2486 1608 2540 tiPier.
1639 2497 1695 2539 et
1725 2488 1906 2546 Heius.
1951 2500 2002 2541 et
2050 2488 2310 2554 Gothani,
2345 2499 2559 2559 praeter
2588 2486 2704 2558 pri-

454 2575 610 2610 mum.
678 2558 815 2610 lum
864 2575 982 2612 eum
1020 2573 1127 2609 see.
1172 2505 1425 2609 notteng.
1469 2566 1524 2608 et
1560 2559 1798 2610 Pan-has.

1268 2627 1372 2680 495
1428 2632 1505 2678 Ac
1552 2639 1613 2678 tu
1655 2638 1872 2698 uterque
1911 2629 2195 2696 Hemburg.
2249 2637 2305 2680 et
2345 2647 2434 2681 sec
2505 2631 2699 2681 Moret.

1936 2555 2042 2612 494
2071 2562 2305 2630 primum
2340 2559 2474 2612 ulter
2513 2559 2702 2611 Hamb.

452 2695 555 2752 498
586 2715 853 2750 concussa
894 2697 1063 2750 animi
1083 2695 1247 2748 Goth.
1276 2705 1422 2756 tert„
1469 2696 1612 2764 quod
1647 2697 1802 2749 facile
1847 2698 1960 2770 quis
2001 2707 2234 2762 exornet,
2271 2700 2360 2770 qui
2386 2699 2499 2750 otio
2530 2699 2702 2752 abun—

436 2767 563 2830 ·det,
609 2764 937 2836 quantumvis
961 2765 1212 2836 ineptum.
1282 2778 1620 2835 moestosque
1653 2783 1686 2817 a
1719 2785 1788 2820 m.
1829 2786 1908 2834 pr.
1945 2767 2164 2820 Mentel.
2267 2806 2279 2818 .

978 2847 1033 2886 et
1074 2848 1268 2888 auctor
1304 2836 1454 2886 Rom.
1485 2844 1542 2885 et
1575 2835 1736 2888 Goth.
1769 2847 1889 2889 tert.
1919 2856 1978 2890 ec
2015 2837 2196 2890 Dorvil
2221 2875 2236 2890 .
2271 2855 2304 2889 a
2356 2856 2424 2890 m.
2465 2855 2570 2890 aec.
2640 2839 2699 2889 ln

452 2835 666 2888 dentem
694 2835 907 2888 Oudm.

2422 2769 2526 2822 500
2558 2770 2700 2820 inci-

450 2903 618 2976 Regio
652 2921 879 2975 nequem
910 2922 1087 2958 versus
1122 2903 1245 2956 huic
1277 2903 1592 2973 praemissus
1629 2916 1757 2958 erat.

352 3131 361 3140 ·
446 3097 645 3177 Friget
688 3107 887 3156 temen
929 3096 1023 3152 vel
1064 3095 1143 3152 sie
1185 3095 1349 3156 locus
1388 3117 1529 3154 cum

450 3181 751 3242 cadavere.
810 3181 1116 3242 Probabile
1144 3179 1406 3258 fecimus,
1434 3183 1526 3240 le-

448 3266 711 3349 gendum
740 3285 881 3324 esse
923 3265 1152 3344 sunere
1160 3288 1187 3340 ,·
1244 3287 1355 3328 neo
1412 3289 1526 3353 ego

446 3355 621 3412 fimus
648 3362 821 3413 tuum
845 3350 1015 3426 duxi3
1044 3371 1151 3432 pro
1172 3351 1285 3412 hoe
1302 3352 1525 3416 doctius

448 3438 702 3498 dictum':
746 3457 854 3497 nee
891 3447 947 3494 te
984 3439 1255 3514 produxi
1276 3437 1524 3519 surm-e.

444 3523 544 3584 Ad
584 3525 928 3582 seutentiam
967 3523 1363 3600 iuneti-andam
1392 3527 1528 3584 lau-

448 3611 548 3670 dat
571 3627 769 3668 versus
794 3611 1091 3670 Ennianos
1118 3613 1373 3670 Rhorob.
1423 3613 1523 3687 VI,

445 3701 489 3760 2
518 3713 596 3752 ex
622 3693 1007 3776 Cresphonte:
1054 3696 1270 3776 Neque
1302 3707 1524 3754 terram

446 3781 686 3838 iniicere
701 3822 726 3851 ,
786 3801 979 3860 neque
1025 3782 1285 3840 Cruenta
1308 3801 1524 3840 eonve-

445 3867 586 3924 eth-e
631 3865 786 3924 mihi
824 3887 1075 3946 corpora
1116 3867 1290 3923 licuit
1306 3909 1327 3937 ,
1387 3867 1526 3926 Neo

444 3953 694 4009 miserae
738 3951 939 4012 lavere
980 3951 1257 4009 lact-mna
1291 3949 1526 4011 salsum

442 4039 822 4116 aanguinem.
855 4033 974 4097 vid.
1004 4038 1139 4095 Ver.
1165 4039 1324 4097 Leet.
1356 4039 1524 4116 (De-

444 4123 681 4182 lendum
704 4122 859 4179 mihi
878 4123 1149 4181 inverbia
1160 4123 1316 4181 Eun.
1341 4125 1519 4202 Wr.)

388 4219 395 4228 “
442 4205 592 4273 488.
638 4207 813 4266 Veste
847 4197 1067 4286 teg-eim.
1104 4235 1111 4242 ·
1150 4209 1342 4268 Minus
1370 4211 1522 4269 bene

442 4291 517 4351 de
542 4301 701 4350 veste
725 4292 981 4366 funebri,
1038 4287 1329 4372 ἐντάφιον
1374 4294 1522 4355 dici-

441 4387 570 4451 tur,
623 4378 879 4453 cogitant
924 4379 1117 4458 Intpp.
1143 4389 1223 4438 ·et
1270 4387 1521 4464 σπεῖρον

1610 3101 1854 3156 Laertae
1885 3117 1920 3155 a
1947 3101 2244 3180 Penelope
2284 3111 2550 3160 curatum
2577 3097 2698 3158 hue

1612 3182 1918 3242 advocant.
2003 3187 2092 3244 De
2150 3187 2255 3244 filii
2314 3186 2694 3244 adolescentis

1607 3280 1795 3329 morte
1823 3280 2009 3330 mater
2035 3273 2296 3352 profecto
2319 3293 2441 3350 non
2469 3273 2694 3350 eogita-

1607 3357 1738 3430 bat3
1767 3353 1872 3414 sed
1901 3359 1956 3413 ei
1983 3369 2204 3418 vestem
2219 3362 2569 3418 ornatiorem
2582 3377 2694 3438 pe-

1609 3441 1790 3500 rabat.
1891 3443 2014 3520 (V
2001 3455 2116 3500 ecte
2173 3455 2375 3524 tegens
2429 3446 2468 3501 i.
2529 3465 2582 3502 e.
2624 3453 2693 3501 et

1607 3537 1764 3587 veste
1809 3531 1998 3604 texi3
2041 3527 2159 3588 vid.
2193 3531 2261 3602 Q.
2291 3531 2362 3588 V.
2391 3529 2690 3604 XXVIIII,

1607 3613 1669 3678 5.
1728 3615 1942 3674 Contra
1983 3637 2069 3674 vs.
2110 3637 2197 3696 sq.
2227 3626 2286 3672 et
2313 3611 2559 3672 solabar
2581 3635 2690 3694 pro

1605 3700 1900 3775 solans;
1956 3699 2075 3759 vid.
2135 3703 2206 3772 Ω.
2256 3701 2326 3760 V.
2381 3703 2693 3775 XXXIIII,

1606 3781 1667 3846 4.
1705 3785 1884 3864 W'r.)
1957 3785 2116 3849 491.
2145 3786 2260 3843 hoc
2293 3797 2496 3866 eaput,
2529 3785 2690 3872 quod

1607 3881 1742 3928 ante
1770 3873 1966 3930 oculos
1996 3883 2118 3930 erat
2154 3871 2434 3930 suffixum
2470 3873 2688 3951 pertica

1569 3955 1663 4014 'v.
1691 3955 1840 4022 465·
1925 3956 2071 4020 492.
2111 3955 2225 4014 hoc
2261 3979 2400 4018 sum
2439 3957 2688 4016 secuta?

1604 4051 1672 4100 ut
1696 4041 1844 4103 mihi
1873 4041 2183 4123 aliquando
2211 4042 2272 4104 id
2295 4053 2442 4104 esset
2467 4047 2547 4103 sic
2578 4042 2690 4102 ad-

1603 4125 2014 4207 spectandum!
2100 4131 2225 4187 Nisi
2266 4129 2380 4188 hoe
2431 4150 2542 4210 pro
2593 4149 2683 4203 eo,

1604 4223 1925 4293 propterea,
1953 4214 2120 4272 malis
2149 4217 2428 4294 accipere.
2516 4217 2686 4293 (Hoc

1603 4301 1824 4375 verius3
1853 4301 1957 4359 cfr.
1987 4301 2057 4358 V.
2081 4302 2150 4358 L.
2181 4299 2258 4360 ad
2279 4303 2352 4376 Π,
2376 4304 2521 4369 690.
2548 4303 2681 4360 Not.

1603 4384 1680 4442 ad
1724 4385 1808 4442 ΠΙ
1821 4427 1838 4458 ,
1887 4387 1990 4452 66.
2041 4384 2230 4465 Siuig.
2273 4385 2348 4446 ad
2380 4387 2566 4445 Culie.
2595 4407 2678 4447 vs.
