3009 5050
594 377 747 450 576
958 365 1642 445 -EXCURSUS
1699 365 1776 441 Π
1825 367 1978 442 AD
2051 365 2274 442 LIB.
2331 367 2468 439 Χ·

594 575 849 622 veterem
891 571 1409 621 commentatorem
1448 561 1512 618 in
1555 555 1733 641 Pyth.
1773 557 1846 632 V,
1878 560 1959 622 96
1990 568 2050 616 et
2083 561 2195 621 101
2245 567 2305 615 et
2339 553 2572 616 Isthm.
2623 559 2762 632 vll,
2810 565 2876 626 18

590 651 964 727 integriorem
992 645 1336 706 haberemus
1352 690 1370 721 ,
1408 648 1580 726 plura
1607 665 1684 703 ex
1709 643 1948 725 Ephoro
1977 654 2038 702 et
2071 643 2378 704 Aristotele
2426 642 2515 702 de
2567 641 2702 702 hoc
2731 647 2872 704 bello

591 746 941 794 teneremus.
1022 734 1079 790 A
1122 733 1409 792 Strabone
1450 733 1553 790 lib.
1595 733 1764 804 vm,
1805 750 1867 809 p.
1907 729 2033 794 560
2079 729 2146 786 C.
2205 729 2325 794 561
2373 732 2456 788 1).
2511 749 2600 788 ex
2631 729 2872 810 Ephoro

594 820 779 897 (conf.
805 821 1019 879 Meurs.
1046 819 1209 876 Misc-
1238 821 1378 877 Lac.
1404 819 1502 891 IV,
1533 817 1654 896 8),
1695 817 1979 896 Amyclae
2019 816 2092 874 ab
2121 815 2442 874 Heraclidis
2475 814 2868 888 Philonomo‚

592 908 697 987 qui
720 903 1225 964 Lacedaemonem
1248 906 1317 962 iis
1345 901 1695 984 prodiderat,
1741 920 2046 961 concessae
2073 911 2411 976 narrantur3
2441 903 2500 958 si
2531 923 2696 960 vera
2723 917 2866 967 sunt,

591 1011 745 1072 qnae
772 991 981 1050 Conon
1006 993 1229 1048 Narrat.
1260 993 1343 1053 36
1372 991 1638 1070 apposnit
1652 1030 1669 1061 ‚
1729 985 1968 1045 adducti
2008 987 2080 1044 ab
2125 1006 2193 1044 eo
2223 989 2423 1046 coloni
2451 1007 2540 1045 ex
2569 990 2788 1046 Imbro
2817 1003 2866 1047 et

591 1079 819 1136 Lemno
860 1077 1023 1134 fuere
1041 1121 1057 1152 ‚
1102 1077 1205 1156 qni
1241 1077 1408 1133 tertia
1448 1073 1586 1132 hinc
1629 1083 1846 1147 aetate,
1889 1071 2170 1132 seditione
2219 1070 2498 1132 adversus
2541 1077 2866 1134 Dorienses

592 1163 763 1237 facta,
794 1164 961 1221 eiecti
988 1163 1221 1220 Cretam
1248 1157 1512 1218 adierunt
1541 1169 1600 1217 et
1629 1160 1952 1239 Gortynem
1981 1169 2356 1238 occuparunt.
2443 1158 2551 1218 Ad
2595 1159 2727 1220 hoc
2757 1165 2864 1219 ita-

594 1268 711 1330 que
754 1260 985 1328 tempus
1030 1244 1334 1305 referenda
1382 1267 1503 1304 esse
1545 1242 1776 1302 videtur
1817 1246 2198 1324 Amyclarum
2245 1247 2344 1302 illa
2386 1264 2424 1303 a
2465 1247 2862 1306 Doriensibus

592 1336 744 1393 facta
774 1335 1157 1414 expugnatio:
1208 1332 1353 1390 urbe
1382 1351 1457 1389 ex
1486 1333 1799 1411 improviso
1837 1338 2137 1409 occupata.
2220 1331 2298 1388 Ut
2342 1342 2554 1390 autem
2599 1331 2730 1392 hoc
2783 1334 2864 1391 ad

591 1419 893 1498 Amyclas·
929 1419 1151 1477 Italiae
1191 1416 1485 1476 transferri
1511 1427 1700 1497 posset
1715 1461 1732 1490 ‚
1763 1436 1922 1474 error
1957 1417 2056 1474 ille
2071 1462 2086 1491 ,
2133 1435 2310 1497 quem
2336 1419 2510 1477 toties
2542 1423 2856 1500 castigavi-

592 1526 725 1564 mus
744 1551 761 1580 ‚
804 1506 1003 1564 locum
1036 1505 1203 1578 fecit,
1272 1523 1410 1562 cum
1450 1522 1574 1562 non
1602 1500 1782 1560 modo
1827 1504 2186 1560 Graecorum
2225 1503 2482 1562 colonias
2523 1525 2646 1584 per
2677 1518 2850 1566 totam

592 1594 821 1650 Italiam
850 1589 1287 1650 disseminarent
1313 1599 1534 1648 veteres
1563 1599 1824 1645 auctores
1864 1589 2058 1646 Latini
2072 1633 2089 1664 ,
2133 1608 2340 1648 verum
2387 1590 2576 1648 etiam
2621 1595 2848 1652 urbium

594 1679 843 1754 origines
889 1695 957 1734 ac
1008 1676 1245 1733 notitias
1278 1675 1588 1734 nominum
1636 1673 2010 1732 similitudine
2056 1685 2518 1754 corrumperent.
2635 1681 2846 1739 Urbem

592 1759 901 1818 Amuclas
932 1762 995 1817 in
1022 1758 1112 1819 his
1137 1761 1277 1818 locis
1304 1762 1501 1818 Italiae
1547 1760 1718 1818 fnisse
1759 1779 1935 1818 nemo
1974 1759 2216 1821 dubitet.
2301 1759 2426 1819 Sed
2465 1766 2742 1826 nominis
2777 1770 2844 1825 si-

592 1845 862 1904 militudo
898 1846 1065 1921 fecit,
1110 1854 1178 1904 ut
1207 1865 1241 1904 a
1268 1846 1564 1904 nonnullis
1591 1857 1949 1918 narraretur,
1991 1849 2251 1906 Laconas
2297 1866 2428 1904 eam
2455 1850 2686 1909 urbem
2714 1873 2846 1912 con-

594 1931 803 1991 didisse
824 1975 841 2006 ,
887 1942 946 1989 et
974 1933 1046 1990 ab
1080 1931 1341 2010 Amyclis
1368 1933 1483 1990 suis
1511 1951 1730 1990 nomen
1770 1929 2062 1992 indidisse.
2145 1934 2238 1989 De
2273 1945 2547 2013 tempore
2588 1939 2846 1998 coloniae

595 2016 805 2076 ductae
847 2017 1003 2074 varie
1044 2015 1341 2076 traditum.
1426 2017 1544 2074 Alii
1573 2019 1814 2076 comites
1843 2019 2090 2076 Castoris
2131 2029 2188 2076 et
2223 2019 2478 2078 Pollucis
2511 2019 2642 2082 huc
2671 2045 2846 2106 appu-

592 2104 725 2162 lisse
766 2113 1105 2176 narrarunt,
1156 2103 1254 2161 alii
1300 2103 1652 2182 Amyclaeos
1695 2123 1832 2162 cum
1872 2105 2126 2178 Glauco,
2165 2106 2378 2163 Minois
2417 2107 2546 2167 filio
2565 2155 2584 2184 ‚
2631 2117 2846 2174 venisse

596 2187 783 2268 (apud
817 2188 1173 2264 Servium)3
1215 2187 1457 2247 tandem
1484 2191 1661 2246 etiam
1689 2190 1851 2248 fuere
1869 2235 1885 2266 ‚
1931 2192 2029 2271 qui
2055 2193 2314 2270 Lycurgi
2333 2202 2530 2251 aetate
2559 2199 2848 2259 coloniam

595 2275 833 2332 ductam
863 2271 1120 2332 dicerent
1148 2274 1221 2332 ab
1250 2275 1319 2332 iis
1335 2319 1352 2349 ,
1396 2277 1499 2356 qui
1527 2277 1692 2333 novis
1719 2275 1943 2354 legibus
1971 2278 2059 2333 uti
2085 2277 2342 2335 nollent:
2388 2275 2500 2337 hos
2535 2284 2734 2360 enim,
2761 2289 2848 2345 ubi

592 2361 657 2418 in
688 2379 827 2438 agro
856 2361 1207 2420 Pomentino
1236 2359 1643 2434 escendissent,
1687 2362 1968 2419 Feroniae
1995 2361 2200 2420 fanum
2223 2365 2558 2424 extruxisse
2571 2413 2590 2442 ,
2639 2383 2704 2430 et
2729 2395 2848 2455 par-

592 2448 702 2504 tim
744 2443 883 2506 inde
913 2446 1161 2504 Sabinos
1200 2445 1581 2505 contendisse.
1621 2467 1681 2505 v.
1709 2449 1950 2529 Dionys.
1978 2449 2165 2506 Halic.
2194 2449 2296 2507 lib.
2336 2452 2415 2526 Π,
2445 2449 2534 2518 49
2569 2455 2664 2537 (p-
2695 2465 2848 2531 113)-

595 2533 869 2591 Ceterum
906 2531 981 2592 ad
1020 2536 1155 2593 istas
1200 2534 1398 2591 Italiae
1442 2533 1718 2613 Amyclas
1735 2578 1752 2607 ,
1807 2554 1958 2615 quae
2003 2554 2039 2593 a
2065 2538 2432 2615 serpentibus
2479 2538 2722 2605 deletae
2748 2532 2850 2605 ess}

592 2630 933 2693 narrantur,
982 2629 1241 2699 spectare
1288 2617 1544 2677 creditur
1583 2638 1846 2679 marmor
1887 2624 1952 2679 in
1993 2620 2230 2681 aedibus
2273 2622 2510 2687 March.
2542 2632 2850 2693 Rondinini

592 2706 817 2763 Romae
859 2715 1181 2777 servatum,
1244 2702 1443 2784 (apud
1485 2706 1762 2763 Guattani
1805 2708 2194 2765 Monumenti
2231 2708 2480 2769 antichi
2519 2718 2745 2779 inediti
2755 2743 2852 2800 per

593 2788 803 2861 Panno
837 2794 1019 2856 1787.
1048 2812 1109 2871 p.
1134 2792 1399 2849 LXXVI.
1422 2791 1609 2870 tab.1)
1637 2791 1700 2849 in
1729 2810 1846 2873 quo
1873 2794 2108 2851 Flavius
2127 2795 2284 2854 intra
2311 2798 2608 2863 ulvosum
2637 2828 2854 2867 amnem

594 2874 670 2935 ad
697 2874 961 2935 medium
998 2896 1205 2957 corpus
1244 2878 1526 2935 recubans
1566 2878 1782 2956 excipit
1821 2890 2020 2957 patera
2061 2880 2260 2939 rivum
2309 2905 2392 2944 ex
2421 2889 2550 2949 alto
2575 2893 2742 2953 fonte
2767 2896 2856 2955 de.

591 2962 967 3023 scendentem
1012 2960 1084 3020 de
1127 2972 1362 3037 monte,
1420 2962 1483 3019 in
1529 2981 1646 3045 quo
1689 2965 1892 3022 ruinae
1933 2965 2090 3023 urbis
2129 2968 2452 3049 visuntur3
2497 2994 2776 3061 properat
2795 2982 2858 3040 ad

592 3050 787 3107 rivum
812 3068 1045 3127 serpens
1071 3049 1276 3127 ingens
1298 3048 1566 3106 barbatus
1583 3093 1598 3122 ,
1643 3058 1947 3129 tamquam
1987 3052 2144 3110 sitim
2193 3059 2625 3126 restincturus.
2691 3064 2859 3127 Mani-

590 3134 805 3191 festum
857 3135 1059 3215 utique
1106 3134 1215 3211 fit,
1271 3134 1481 3191 urbem
1517 3134 1582 3191 in
1627 3134 1742 3191 alto
1770 3135 1944 3193 sitam
1972 3147 2267 3199 vastatam
2303 3163 2380 3206 ac
2415 3146 2750 3215 desolatum
2773 3154 2862 3217 de..

591 3219 815 3279 clarari.
