3009 5050
637 441 1247 522 AENEmos
1297 381 1512 518 ΜΕ.
1561 443 1694 540 xl,
1752 447 2188 522 855—861
2377 449 2521 522 691

273 629 513 726 Dixit,
571 642 652 728 et
684 641 946 707 aurata
972 629 1388 708 volucrem
1434 629 1804 706 Threissa
1835 631 2194 730 sagittam

273 733 735 836 Depromsit
760 735 1130 836 pharetra
1152 793 1172 833 ‚
1228 757 1646 836 cornuque
1681 734 1990 811 infensa
2025 732 2390 831 tetendit,

273 837 375 912 Et
424 835 641 914 duxit
670 839 950 938 longe,
1007 839 1271 916 donec
1303 852 1616 915 curvata
1654 839 1960 916 coirent
2375 847 2526 918 860

273 941 495 1018 Inter
521 965 607 1019 se
644 945 930 1045 capita,
988 955 1068 1021 et
1092 942 1463 1020 manibus
1490 943 1649 1019 iam
1687 955 2050 1041 tangeret
2083 943 2376 1044 aequis»,

2353 1091 2384 1106 ὑ

276 1178 332 1220 ut
365 1167 539 1237 capias
573 1167 805 1237 praemia
854 1167 1015 1237 digna
1058 1169 1293 1224 Camilla.
1362 1169 1596 1222 Debet-ct
1644 1165 1721 1218 sic
1751 1166 1937 1224 saltem
1984 1165 2236 1236 scriptum
2272 1185 2416 1220 esse:
2465 1180 2530 1220 m

275 1255 487 1308 quoque
528 1256 679 1292 nunc
720 1239 848 1290 telis
881 1242 1113 1292 moriere
1168 1243 1403 1294 Dianae.
1468 1240 1550 1290 Ex
1581 1235 1972 1306 Rottendorph.
2020 1235 2251 1290 lectione
2298 1235 2530 1308 exsculpi

274 1307 449 1376 possit
481 1309 615 1360 haec
647 1305 837 1360 lectio:
862 1311 1012 1360 2ch
1047 1312 1301 1380 periture
1336 1311 1495 1372 veni,
1539 1307 1728 1378 capias
1763 1319 1826 1359 ue
1873 1305 2045 1388 digna
2081 1305 2308 1358 Camilla
2352 1309 2531 1360 Pmo-

274 1379 385 1429 mia
418 1389 473 1429 se
509 1397 596 1440 ue,
628 1390 684 1430 es
716 1379 829 1429 iam
866 1377 993 1430 celte
1038 1382 1277 1432 mon'are
1306 1381 1542 1432 Dianae.
1593 1385 1654 1428 nt
1685 1377 1787 1428 sit:
1821 1392 1960 1440 vem,
1994 1385 2054 1426 ut
2086 1375 2262 1445 capias
2301 1377 2533 1443 praemia

274 1446 434 1514 digna
468 1395 681 1500 gamin·
718 1457 775 1498 et
806 1457 891 1511 te,
943 1457 1103 1517 utque
1151 1450 1267 1502 iam⁴
1302 1449 1503 1500 Dianae
1537 1446 1663 1498 telis
1697 1448 1942 1498 moriare.
1990 1447 2064 1514 (et
2098 1443 2174 1498 sic
2209 1444 2376 1497 edidit
2423 1449 2532 1499 Bo-

272 1516 435 1570 thius.
474 1517 621 1586 Wr.)
691 1516 949 1582 Ceterum,
987 1518 1083 1569 etsi
1119 1519 1249 1570 eatis
1282 1519 1584 1588 frequentes
1619 1526 1741 1568 sunt
1787 1515 1922 1567 tales
1959 1514 2318 1568 cavillationes
2355 1515 2534 1568 victo-

272 1601 386 1638 rum
422 1594 480 1638 et
512 1585 743 1638 hostium
778 1586 834 1637 in
870 1587 1075 1654 poetis,
1121 1598 1240 1640 tota
1275 1589 1413 1640 haec
1444 1587 1574 1658 Opis
1609 1585 1782 1638 oratio
1819 1585 1886 1637 ad
1920 1594 2155 1636 nostrum
2191 1601 2398 1636 sensum
2431 1603 2533 1653 pa-

272 1671 388 1709 rum
434 1655 599 1708 habet
646 1655 920 1726 gravitatis
969 1655 1169 1726 epicae.
1236 1659 1483 1712 Extrema
1532 1672 1659 1709 vero
1693 1655 1919 1706 hominis
1966 1653 2102 1708 male
2151 1653 2298 1706 docti
2331 1672 2532 1724 pannus

274 1742 390 1777 esse
424 1725 595 1777 videri
630 1735 869 1792 possunt,
905 1726 995 1794 qui
1031 1726 1244 1794 explere
1278 1726 1449 1779 voluit
1482 1743 1686 1780 versum
1720 1725 2082 1792 imperfectum
2116 1723 2382 1776 relictum:
2419 1742 2534 1777 cum

272 1803 435 1878 poeta
474 1795 795 1847 substitisset
828 1803 955 1864 post
989 1799 1263 1849 Praemia.
1334 1797 1564 1850 Videtur
1595 1806 1768 1848 tamen
1806 1812 1837 1845 e
1869 1793 2039 1848 Statio
2075 1809 2332 1862 apparere
2349 1831 2366 1858 ,
2429 1793 2534 1846 iam

272 1881 444 1932 ipsum
470 1865 605 1918 haec
636 1865 855 1934 legisses
905 1882 1021 1918 nam
1056 1865 1229 1920 Theb.
1264 1867 1341 1932 X,
1394 1867 1501 1922 910
1535 1875 1662 1933 post
1691 1865 1922 1932 Capanei
1956 1863 2120 1916 minas
2155 1862 2356 1934 Iupiter
2386 1865 2536 1918 Risit

274 1945 409 1986 οε-
431 1937 587 1986 Tune
620 1936 784 1986 eciam
810 1933 1143 2004 feriendus?
1176 1939 1274 1988 ait.
1342 1936 1586 1988 Formula
1627 1944 1800 1988 autem
1835 1933 2028 1985 iterum
2077 1933 2244 1984 utitur
2277 1933 2378 1999 IX,
2411 1934 2531 1989 787.

272 2001 499 2056 Proelia
532 2003 665 2056 lude
698 2005 846 2058 domi
863 2033 931 2044 -
958 2005 1108 2074 quod
1142 2007 1194 2057 ei
1226 2017 1287 2057 se
1315 2019 1528 2058 maesta
1561 2003 1803 2077 sepulcri
1833 2007 2004 2056 Fama
2039 2015 2234 2066 movet,
2267 2003 2382 2055 leto
2410 2021 2534 2055 mo-

272 2074 414 2126 riere
448 2075 727 2128 virorum:
770 2076 841 2126 ad
874 2075 1327 2146 Parthenopaeum
1360 2081 1455 2128 Am
1497 2075 1644 2128 bion.
1703 2073 1826 2140 (Cur
1879 2073 1946 2126 ab
1983 2072 2088 2125 elio
2125 2073 2260 2126 haec
2293 2082 2534 2142 putemus

270 2143 475 2206 adsuta,
512 2143 653 2195 nulla
690 2154 773 2196 est
805 2144 997 2196 idonea
1034 2161 1219 2208 cauea3
1252 2162 1425 2212 neque

1286 2215 1391 2269 858
1427 2228 1489 2268 ae
1519 2233 1572 2267 a.
1619 2230 1724 2266 sec.
1779 2213 1974 2266 Moret.

1300 2285 1405 2338 860
1435 2285 1647 2336 Eduxit
1677 2283 1862 2334 Franc.
1902 2292 1956 2332 et
1989 2280 2212 2333 nox-vill.
2283 2281 2534 2334 Adduxit

268 2351 505 2403 Macrob.
542 2341 633 2414 l'V,
667 2351 719 2404 3.
790 2351 844 2403 d.
880 2365 1115 2403 cruenta
1168 2370 1215 2403 e.
1260 2355 1447 2406 Franc-

272 2223 608 2280 exspectant:
656 2213 765 2266 vid.
814 2215 943 2267 Not.
1000 2215 1147 2281 Wr.)

270 2281 409 2334 alter
440 2282 628 2334 Hamb.
697 2285 927 2335 incensa
956 2283 1161 2350 Eugen.

272 2418 433 2472 deret
465 2421 677 2487 Menag.
709 2438 792 2490 pr.
831 2428 887 2472 et
920 2437 1009 2489 qu.
1042 2421 1237 2474 Mox-et.

271 2610 471 2653 sensus
502 2596 637 2654 erit:
706 2596 959 2653 etiamne
986 2596 1209 2653 Dianae
1238 2596 1367 2654 telis

274 2698 419 2758 opus
448 2682 557 2739 erit
573 2726 589 2755 ,
644 2692 712 2740 ut
738 2692 807 2739 tu
836 2702 1035 2763 pereas
1052 2676 1085 2741 Ρ
1125 2702 1185 2741 v.
1226 2682 1377 2746 Ver..

271 2764 437 2823 Lect.
526 2765 841 2842 (Serviusz
901 2769 1097 2844 „Cum
1140 2768 1365 2846 ingenti

273 2850 661 2909 amaritudine
701 2852 923 2912 dictum
954 2865 1073 2930 est3
1122 2873 1267 2911 nam
1308 2855 1365 2911 ei

274 2937 453 2994 etiam
497 2954 678 3017 genus
720 2939 945 2999 invidet
986 2942 1277 3015 mortis‚“
1322 2942 1362 2999 i.

273 3042 328 3081 e.
362 3042 438 3081 ex
463 3034 661 3081 mente
692 3024 912 3085 Servii:
956 3025 1234 3105 indignus
1283 3046 1361 3103 es,

273 3110 378 3190 qui
421 3106 565 3169 deae
606 3111 844 3171 alicuius
888 3113 1013 3175 telis
1044 3112 1363 3171 interficia-

271 3198 369 3253 ris.
456 3197 535 3253 At
564 3216 895 3275 praegressa
934 3201 1149 3275 oratio,
1202 3197 1363 3279 quod

274 3284 452 3339 etiam
492 3279 729 3340 Iahnius
772 3286 947 3343 sensit
960 3330 977 3359 ‚
1034 3287 1115 3343 ita
1168 3287 1363 3364 potius

271 3362 420 3424 haec
450 3370 633 3448 accipi
646 3370 841 3427 iubet:
874 3372 1138 3451 quamvis
1152 3370 1363 3449 fugias,

271 3453 437 3511 nulla
463 3463 663 3512 tamen
705 3465 764 3513 te
803 3453 945 3533 fuga
970 3458 1193 3515 Dianae
1237 3458 1363 3515 telis

270 3537 585 3599 subtrahet.
643 3542 891 3600 Facilius
920 3544 1229 3621 perspicies
1249 3540 1367 3601 ho-

272 3643 408 3682 rum
424 3627 739 3684 verborum
750 3629 1112 3703 seutentiam,
1140 3640 1366 3687 remota

272 3710 755 3790 interrogatione:
816 3714 990 3769 etiam
1030 3722 1097 3771 tu
1117 3717 1365 3773 moriere

274 3796 403 3853 telis
444 3798 701 3875 Dianae3
745 3800 787 3855 i.
834 3817 885 3855 e.
926 3818 1004 3855 ne
1051 3818 1245 3879 spera,
1306 3812 1365 3858 te

272 3880 498 3939 Dianae
542 3884 692 3959 tela,
760 3903 909 3971 quae
950 3902 1129 3943 nemo
1184 3887 1363 3943 vitare

274 3968 467 4047 potuit
488 4010 505 4042 ‚
550 3988 672 4027 esse
698 3971 1033 4029 vitaturum.
1106 3972 1363 4029 Interro—

273 4054 434 4132 gatio
486 4052 681 4132 prodit
734 4056 999 4113 aniinum
1054 4055 1360 4114 irridentis.

254 4141 395 4197 :Noe
410 4158 429 4197 :
476 4138 587 4195 Du
628 4142 796 4197 wirae
830 4140 983 4199 doch
1016 4140 1181 4199 wohl
1204 4141 1367 4199 auch

261 4223 477 4281 ‹lm-oh
524 4224 803 4284 Damam
852 4226 1179 4285 Geechoeee
1216 4238 1365 4284 ater-

272 4306 441 4365 ben?
492 4306 673 4389 Wr.)

362 4394 490 4459 858
520 4412 647 4475 sqq.
708 4395 1196 4479 Quandoquidem
1234 4416 1366 4455 me-

274 4479 577 4539 morabilis
620 4482 771 4539 inter
810 4492 899 4540 tot
942 4484 1079 4542 alias
1106 4480 1251 4541 haec
1280 4492 1367 4542 est

1496 2163 1591 2198 aec
1623 2142 1810 2206 critici,
1843 2145 1936 2196 sed
1976 2141 2282 2209 interpretis
2319 2159 2534 2210 operam

2115 2213 2220 2267 859
2252 2213 2535 2280 Depromit

1586 2352 1688 2406 861
1725 2353 1892 2402 Intra
1934 2367 1994 2402 ee
2029 2350 2192 2402 Goth.
2229 2367 2335 2402 aec.
2405 2362 2533 2402 tm·-

1450 2595 1770 2673 sagittatio,
1843 2614 1962 2677 qua
2004 2593 2112 2653 dea
2154 2594 2536 2653 ulciscebatur

1447 2690 1702 2739 mortem
1731 2681 2008 2739 Camillae
2025 2725 2042 2755 ,
2087 2680 2250 2738 cuius
2279 2678 2535 2739 admira-
2637 2722 2652 2737 .

1445 2768 1532 2826 tio
1573 2765 1764 2826 adhuc
1795 2768 2020 2825 animos
2061 2775 2288 2825 nostros
2331 2768 2534 2841 tenuit,

1445 2862 1648 2911 ornata
1691 2872 1760 2912 ea
1805 2862 1892 2911 est
1936 2873 1972 2911 a
2029 2860 2202 2932 poeta
2261 2852 2532 2931 exemplo

1444 2940 1759 2998 Homerico
1809 2940 1872 2995 in
1929 2936 2200 2997 Pandaro
2244 2935 2408 2995 Iliad.
2440 2936 2524 3013 ιδ,

1448 3028 1572 3089 116
1618 3044 1781 3107 sqq.,
1843 3026 1948 3082 etsi
2001 3026 2295 3082 maiorum
2337 3043 2535 3081 rerum

1446 3110 1684 3170 exordia
1713 3112 1786 3170 ab
1815 3108 1928 3169 hoc
1958 3109 2212 3169 Pandari
2239 3110 2356 3167 telo
2385 3129 2528 3190 pro-

1446 3194 1749 3256 cedebant.
1801 3198 1954 3255 Cum
1980 3195 2070 3255 his
2098 3194 2372 3255 contendi
2397 3207 2536 3277 pot-

1448 3294 1534 3341 est
1562 3284 1706 3342 alius
1732 3285 1895 3342 locus
1925 3284 2122 3353 Quinti
2151 3282 2272 3339 Cal.
2303 3285 2380 3357 X,
2408 3287 2528 3348 231,

1448 3402 1536 3412 -
1578 3368 1726 3433 234.
1805 3368 2082 3426 Threissa
2141 3368 2278 3449 Opis
2292 3413 2309 3443 ,
2383 3368 2534 3427 sorte

1449 3464 1753 3537 tamquam
1781 3476 1899 3513 una
1929 3476 1962 3513 e
1990 3455 2195 3534 puellis
2223 3455 2536 3535 Hyperbo-

1448 3544 1583 3601 reis.
1625 3562 1684 3601 v.
1727 3562 1856 3621 sup.
1905 3542 1979 3600 ad
2027 3562 2086 3601 v.
2117 3542 2262 3605 532.
2307 3540 2455 3617 (cfr.
2485 3543 2534 3616 1,

1452 3632 1598 3691 316.
1637 3627 1808 3708 W.)
1865 3626 2169 3686 Thracum
2197 3637 2393 3685 autem
2419 3646 2534 3685 no-

1450 3732 1594 3770 men
1637 3714 1753 3771 late
1785 3724 2208 3794 propagatum,
2251 3722 2317 3771 ut
2361 3732 2532 3793 supra
2583 3734 2586 3739 ·

1449 3818 1685 3880 quoque
1727 3798 1801 3857 de
1841 3800 2236 3859 Amazonibus
2277 3820 2352 3857 ex
2381 3800 2534 3881 Scy—

1444 3882 1571 3941 thia
1599 3905 1656 3943 v.
1701 3886 1846 3949 659.
1933 3884 2077 3951 859.
2121 3884 2395 3964 insensa,
2437 3887 2534 3943 in-

1442 3968 1612 4029 fenso
1643 3972 1866 4045 animo,
1913 3972 2014 4053 qui
2037 3973 2190 4032 vires
2215 3992 2394 4031 novas
2425 3970 2532 4030 ad-

1444 4056 1694 4114 iiciebat.
1781 4060 1924 4121 861.
1955 4059 2164 4137 aequis
2189 4077 2295 4137 pro
2325 4075 2530 4137 aeque,

1448 4142 1768 4222 aequaliter
1811 4141 2012 4202 dextra
2040 4155 2240 4224 pectus
2271 4162 2338 4201 ac
2366 4142 2532 4200 laeva

1444 4230 1688 4306 sagittae
1717 4228 2036 4307 cuspidem.
2065 4232 2301 4289 Scilicet
2329 4226 2528 4292 dextra

1444 4332 1694 4372 uer-vum
1717 4313 2056 4387 tetenderat,
2113 4318 2213 4389 ita,
2239 4324 2306 4371 ut
2334 4332 2530 4370 mam-

1449 4418 1582 4456 mae
1609 4398 1878 4459 admotus
1906 4402 2004 4458 ille
2033 4410 2208 4476 esset3
2245 4400 2410 4458 laeva
2435 4411 2530 4457 te-

1448 4486 1624 4545 nebat
1658 4504 1864 4543 arcum
1909 4505 1978 4543 ea
2018 4496 2180 4564 parte
2205 4528 2222 4561 ,
2275 4505 2408 4569 qua·
2433 4506 2528 4545 sa-

1938 4586 2117 4657 44*
