3009 5050
493 464 644 540 444
975 458 1058 530 Ρ.
1115 445 1646 532 VIRGILII
1693 442 2253 524 MARONIS

494 645 953 723 Conamur?
1002 649 1203 718 nos?
1254 663 1353 716 an
1384 639 1720 712 miseros
1750 635 1885 737 qui
1923 637 2174 709 Troas
2202 628 2514 738 Achivis

498 745 863 824 obiecit?
915 769 1117 847 quae
1165 765 1425 819 caussa
1466 740 1654 834 fuit,
1707 759 2190 835 consurgere
2225 734 2306 809 in
2339 757 2560 808 arma
2657 741 2757 811 90

492 854 1059 950 Europamque
1108 847 1570 945 Asiamque,
1631 855 1711 919 et
1743 841 2076 918 foedera
2115 838 2424 917 solvere
2463 834 2760 913 furto?

492 958 628 1031 Me
664 951 867 1028 duce
894 950 1334 1028 Dardanius
1366 953 1728 1049 Spartam
1759 943 2227 1046 expugnavit
2261 939 2638 1020 adulter?

495 1061 653 1134 Aut
684 1079 829 1154 ego
863 1054 1017 1131 tela
1048 1052 1272 1148 dedi,
1324 1049 1586 1128 fovive
1621 1047 2016 1150 Cupidine
2046 1044 2310 1124 bella?

501 1164 715 1238 Tum
759 1158 1029 1235 decuit
1052 1157 1429 1234 metuisse
1461 1155 1648 1230 tuis:
1699 1176 1914 1228 nunc
1940 1175 2110 1227 sera
2137 1148 2484 1252 querelis

638 1369 709 1422 89
743 1368 871 1438 quie
904 1369 968 1418 T.
1001 1365 1226 1418 nonin.
1260 1373 1319 1416 et
1350 1379 1431 1428 pr.
1458 1361 1507 1414 H
1511 1360 1648 1414 amb.
1680 1379 1711 1414 a
1739 1379 1808 1414 m.
1836 1379 1942 1415 sec.
2067 1361 2139 1414 90
2177 1375 2505 1412 concurrere
2523 1355 2749 1408 Oudai-t.

500 1445 560 1490 et
590 1437 740 1489 Laid.
775 1435 916 1488 conf.
945 1435 1014 1487 ad
1048 1436 1145 1487 Ge.
1182 1436 1223 1499 1,
1270 1432 1390 1488 318.

501 1511 638 1572 (cum
675 1507 759 1560 12.
802 1505 948 1572 Wr.)
1013 1503 1203 1573 jovine
1254 1519 1336 1572 pr.
1362 1501 1599 1568 ·-Menag.,

1497 1431 1569 1486 92
1601 1433 1853 1502 Sparte-m
1887 1449 1992 1485 seo.
2028 1429 2214 1484 Hamb.
2315 1429 2387 1482 93
2411 1427 2653 1497 fovique
2681 1425 2748 1476 al.

1644 1500 1740 1551 sed
1775 1499 1970 1570 fovive
2019 1498 2263 1551 meliores
2297 1497 2432 1550 Pier.
2469 1508 2526 1548 et
2567 1496 2748 1546 Heius.

498 1574 572 1630 94
610 1578 748 1628 Tum
780 1573 965 1644 scripti
1012 1572 1249 1643 potiore·
1297 1587 1409 1623 cum
1454 1570 1619 1622 Goth.
1654 1569 1824 1633 bini„
1885 1579 1942 1622 et
1978 1569 2053 1622 sic
2087 1570 2178 1634 IV,
2213 1567 2318 1622 597
2367 1569 2504 1618 Tum
2543 1565 2748 1616 decuit.

504 1749 780 1809 Idalium
798 1771 817 1806 .·
849 1747 969 1810 vid.
998 1767 1125 1828 sup.
1156 1747 1259 1824 51,
1289 1757 1347 1806 et
1374 1744 1449 1816 ad
1476 1745 1578 1805 lib.

585 1922 688 1982 88.
717 1920 967 1998 Insurgit
994 1919 1175 1978 oratio
1206 1928 1262 1975 et
1288 1916 1490 1976 acerbe
1515 1918 1579 1973 in

498 2005 687 2084 ipsein
729 2006 1019 2063 Venerem
1064 2001 1387 2062 invehitur:
1454 2021 1580 2060 non

498 2111 579 2164 se,
608 2089 711 2149 sed
739 2092 926 2170 ipsam
954 2091 1239 2149 Venerem
1266 2089 1576 2162 malorum,

502 2193 655 2257 quae
695 2177 939 2234 Troiani
980 2177 1385 2254 experiuntur,
1454 2193 1578 2232 esse

500 2279 787 2336 caussam,
846 2259 1068 2318 Paridis
1117 2258 1429 2318 adulterio:
1494 2261 1576 2318 sio

500 2358 707 2403 manet
728 2337 862 2404 'alla
900 2355 1091 2404 mente
1126 2357 1427 2423 repostum
1463 2345 1577 2404 Ito-

500 2431 727 2490 dicium
755 2431 1005 2490 Paridis
1036 2442 1385 2511 spretaeque
1408 2433 1578 2490 iniu-

500 2518 595 2575 ria
629 2517 897 2597 formae.
968 2529 1187 2575 vertere
1216 2517 1429 2597 fundo
1467 2538 1576 2597 pro

502 2604 727 2683 vulgari
756 2648 773 2680 ‚
832 2601 1089 2662 funditus
1152 2614 1427 2662 evertere.
1482 2623 1578 2661 res

482 2690 702 2766 fluxas
716 2732 743 2761 ,
784 2710 889 2749 seu
914 2710 1019 2771 per
1046 2709 1107 2749 se
1132 2690 1389 2749 infirmas
1418 2690 1578 2748 Tro-

496 2777 768 2833 ianorum
782 2778 843 2833 in
854 2778 1019 2834 Latio
1042 2796 1131 2834 res
1147 2774 1426 2855 designat,
1455 2794 1578 2848 seu,

502 2858 661 2941 quod
688 2872 889 2919 tamen
916 2860 1125 2921 eodem
1150 2860 1335 2936 redit,
1366 2880 1578 2919 ornans

500 2957 586 3005 est
612 2945 960 3026 epithetum:
1006 2966 1147 3023 nam
1163 2992 1178 3020 ,
1224 2945 1383 3028 quod
1412 2967 1581 3005 ever-

498 3034 639 3091 titur
658 3077 674 3106 ,
720 3052 896 3091 omne
942 3032 1299 3089 infirmatum
1329 3043 1386 3089 et
1413 3033 1580 3091 labe-

499 3116 779 3175 factatum
822 3136 942 3175 esse
982 3137 1213 3176 necesse
1261 3127 1365 3175 est.
1473 3118 1578 3180 89.

500 3220 585 3259 an
612 3204 665 3259 is
693 3204 833 3282 qui:
892 3202 1149 3260 absolute
1178 3200 1429 3260 dictum:
1473 3200 1579 3260 sed

498 3284 997 3367 interpretandum
1025 3286 1097 3346 de
1127 3289 1349 3347 Venere
1364 3333 1379 3361 ,
1426 3308 1579 3368 quae

498 3374 635 3431 belli
678 3373 922 3431 Troiani
964 3384 1163 3432 auctor
1200 3374 1309 3431 fuit
1352 3375 1580 3433 Helena

498 3468 696 3537 rapta:
756 3476 899 3515 mox
941 3460 1131 3516 statim
1162 3456 1321 3517 redit·
1337 3458 1413 3517 ad
1440 3479 1584 3540 pro-

496 3545 691 3623 prium
710 3561 729 3600 2
805 3562 961 3620 quae
994 3543 1135 3623 suit
1205 3564 1422 3603 caussa
1467 3556 1578 3604 etc.

499 3632 603 3692 91.
615 3626 875 3706 foedera
902 3626 1127 3687 solvere
1138 3629 1346 3709 farte,
1376 3642 1442 3689 ut
1454 3632 1578 3693 sol-

497 3724 758 3787 veretur,
814 3712 1207 3790 dirimeretur,
1264 3736 1383 3797 pax
1400 3760 1415 3791 ,
1462 3736 1574 3796 pa-

499 3808 659 3856 catus
702 3810 879 3859 status
895 3846 910 3875 ,
968 3803 1120 3860 inter
1171 3804 1457 3861 Troianos
1519 3813 1578 3860 et

498 3884 749 3944 Graecos
766 3931 781 3960 ,
830 3886 1077 3947 abducta
1104 3890 1305 3946 furtim
1332 3888 1578 3947 Helena.

479 3968 734 4049 furtum
758 3992 863 4052 pro
876 3984 1062 4054 raptu.
1088 3973 1347 4053 jbedera
1365 3970 1437 4030 de
1460 3970 1578 4031 ho-

496 4056 666 4135 spitio
710 4060 915 4139 accipit
950 4062 1061 4117 Iul.
1104 4060 1275 4131 Sab.,
1320 4057 1423 4115 sed
1466 4061 1578 4117 ob-

495 4150 649 4200 stant
693 4145 825 4203 illa:
886 4162 1237 4222 consurgere
1277 4144 1345 4199 in
1398 4164 1576 4201 arma

498 4227 925 4309 Europamque
989 4228 1349 4306 Asiamque.
1470 4232 1576 4294 92.

496 4314 962 4375 Comminiscitur
990 4315 1275 4372 obsessam
1307 4334 1340 4371 a
1364 4314 1574 4373 Paride

496 4400 767 4480 Spartam
842 4400 1077 4462 Servius
1109 4418 1127 4456 ε
1213 4420 1520 4479 perperam
1553 4420 1573 4476 ς

406 4484 416 4500 ’
496 4488 659 4565 gravi
704 4496 761 4545 et
802 4482 1001 4545 odiosa
1028 4504 1171 4547 voce
1199 4506 1303 4545 usa
1350 4497 1435 4547 est
1464 4486 1573 4547 dea

1663 1747 2033 1824 expugnavit
2083 1742 2157 1802 ad
2200 1743 2324 1802 vim
2368 1751 2428 1800 et
2468 1743 2746 1800 atrocita-

1658 1843 1783 1891 tem
1825 1841 2020 1910 rapms
2076 1826 2485 1888 declarandam
2501 1845 2520 1884 ε
2585 1827 2746 1908 quasi

1661 1915 1774 1977 hoc
1801 1916 1962 1974 idem
1991 1927 2135 1974 esset
2165 1935 2232 1973 ac
2260 1915 2480 1972 bellum
2508 1913 2744 1970 inferre.

1665 2004 1908 2085 (Neque
1947 1999 2094 2060 haec
2149 2000 2545 2080 interpretatio
2590 2015 2744 2058 vera.

1661 2091 1782 2148 Nec
1803 2090 2055 2168 respexit
2083 2097 2253 2166 poeta
2271 2131 2288 2162 ,
2323 2096 2391 2143 ut
2429 2082 2743 2142 Mitscherl.

1661 2173 1738 2233 ad
1765 2177 1964 2232 Horat.
1996 2176 2041 2247 1,
2076 2173 2174 2246 15,
2211 2177 2266 2236 1.
2297 2173 2640 2250 suspicatur,
2671 2166 2742 2226 ad

1659 2260 1861 2340 Eurip.
1891 2257 2110 2318 Troad.
2135 2257 2316 2322 865.:
2354 2251 2466 2330 ,ὂς
2489 2255 2556 2331 ἐξ
2587 2253 2742 2333 ἐμῶν

1661 2341 1862 2426 δόμων
1895 2339 2171 2421 δάμαρτα
2209 2336 2550 2419 ξεναπάτης
2581 2339 2741 2418 ἐληΐ-

1662 2435 1865 2494 σατο.“
1947 2432 2231 2508 Magnam
2259 2427 2436 2487 habet
2459 2425 2742 2486 invidiam

1659 2517 1904 2577 verbum
1955 2516 2324 2594 expugnavit
2342 2559 2359 2589 ‚
2414 2532 2491 2572 ex
2535 2534 2608 2573 eo
2638 2532 2741 2570 ex·

1660 2602 2016 2683 plicandum,
2047 2600 2206 2683 quod
2235 2600 2475 2659 dicitur:
2523 2598 2738 2679 pudi-

1662 2690 1938 2747 citiam
1975 2688 2229 2745 feminae
2259 2704 2736 2766 expugnare.

1660 2776 1754 2832 En
1783 2775 1959 2833 verba
1977 2774 2267 2831 Ciceronis
2289 2773 2444 2830 Orat.
2459 2790 2568 2850 pro
2583 2770 2736 2830 Coel.

1661 2880 1714 2918 c.
1745 2864 1849 2924 20.
1893 2859 2124 2938 egregie
2162 2856 2320 2935 hunc
2364 2859 2566 2915 locum
2607 2857 2738 2914 illu-

1661 2946 1929 3003 stramia:
1994 2964 2182 3019 „cum
2223 2942 2335 3001 hac
2363 2944 2410 3002 si
2441 2944 2568 3023 quis
2599 2940 2738 3001 ado-

1661 3031 1880 3089 lescens
1931 3030 2079 3088 forte
2125 3030 2328 3103 fuerit,
2393 3038 2594 3086 utrum
2647 3026 2734 3085 hic

1659 3117 1767 3175 tibi
1819 3114 2154 3189 adulter,
2199 3134 2275 3171 an
2305 3124 2559 3190 amator,
2619 3132 2735 3171 ex-

1662 3220 2008 3281 pugnare
2065 3198 2537 3279 pudicitiam
2565 3243 2582 3273 ‚
2665 3216 2731 3255 an

1663 3289 1898 3366 explere
1925 3284 2230 3345 libidinem
2259 3285 2506 3344 voluisse
2536 3283 2734 3344 videa-

1661 3368 1837 3431 tur?“
1867 3374 1945 3431 Et
1976 3372 2050 3430 de
2066 3370 2276 3431 eodem
2294 3369 2504 3430 Paride
2519 3372 2734 3428 Auctor

1665 3460 1822 3538 Epit.
1839 3458 2036 3523 Il.258
2048 3476 2156 3539 sq.:
2191 3468 2288 3533 „at
2301 3478 2424 3515 non
2441 3454 2730 3515 dubitabas

1663 3541 1903 3625 hospitis
1955 3544 2095 3602 olim
2121 3546 2592 3623 Expugnare
2629 3552 2764 3599 to-‚

1659 3649 1692 3687 ι·
1709 3648 1743 3687 o
1761 3652 1806 3688 s.
1839 3630 1876 3662 “
1934 3628 2054 3687 vid.
2109 3628 2390 3687 Wernsd.
2443 3626 2517 3686 ad
2570 3629 2729 3685 Poet.

1656 3715 1786 3774 Lat.
1827 3716 1972 3773 Min.
2017 3716 2097 3773 T.
2137 3714 2237 3773 Vl.
2278 3716 2348 3772 P.
2376 3716 2453 3772 Π.
2493 3735 2552 3794 p.
2593 3712 2730 3777 650.

1659 3803 1786 3858 Iam
1813 3799 1947 3859 vide
1963 3845 1980 3875 ‚
2035 3810 2251 3882 quanta
2289 3801 2565 3859 acerbitas
2607 3798 2731 3855 insit

1657 3888 1720 3944 in
1750 3883 1862 3945 hoc
1893 3887 2070 3945 verbo
2099 3888 2181 3944 sic
2218 3886 2490 3964 ambigue
2529 3884 2728 3965 posito,

1661 3992 1846 4053 quum
1861 3992 1968 4053 pro
1987 3991 2074 4047 eo,
2092 3969 2251 4052 quod
2265 3969 2580 4030 dicendum
2595 3978 2725 4026 erat:

1662 4058 1955 4133 „mulieris
2027 4058 2346 4137 Spartanae
2397 4055 2728 4135 pudicitiam

1661 4145 2070 4223 expugnavit,“
2088 4140 2270 4201 dicat:
2304 4140 2615 4221 „Spartam
2631 4159 2728 4198 ex·-

1658 4230 1939 4309 pugnavit
1953 4247 1971 4304 3
1985 4228 2023 4261 “
2081 4238 2366 4309 quantum
2415 4228 2630 4287 scilicet
2679 4234 2728 4281 et

1659 4334 1838 4396 quam
1864 4314 2222 4394 praeclarum
2239 4311 2492 4373 facinus!
2524 4330 2731 4393 quam-

1659 4394 1774 4483 que
1801 4398 2190 4458 honorificum
2219 4402 2309 4474 ei,
2344 4418 2495 4480 quae
2527 4396 2728 4456 ducem

1657 4508 1718 4546 se
1760 4483 2056 4566 praebuit!
2100 4518 2187 4529 ——
2227 4486 2330 4551 93.
2357 4482 2506 4564 Jbvc'
2547 4482 2728 4560 Cupi-
