3009 5050
60 2186 64 2223 —
59 1972 68 2075 v--u
59 1912 68 1921 ι
59 1054 73 1861 0----*'-—v1—--'-''-
67 987 72 1008 .—

489 383 496 389 ·
554 439 1166 519 AENEIDOS
1225 440 1432 517 LIB.
1491 442 2169 538 Vn1‚280—284
2244 489 2250 497 ·
2320 456 2465 525 213

216 632 672 706 Instaurant
701 625 1008 728 epulaS‚
1065 640 1145 702 et
1170 647 1498 703 mensae
1526 640 1737 725 grata
1766 629 2164 705 secundae

212 738 449 810 Dona
485 729 758 807 ferunt
778 785 802 822 ‚
874 728 1446 831 cumulantque
1489 737 1831 807 oneratis
1873 732 2227 808 lancibus
2277 757 2462 813 aras,

324 880 494 949 283.
547 870 1105 944 *Iasum-r

1314 876 1484 947 284.
1537 872 1829 945 *Dona

317 1074 424 1129 283
451 1076 890 1145 Instant-amque
922 1074 1060 1127 Gud.
1097 1093 1126 1127 a
1151 1091 1216 1126 m.
1239 1091 1321 1141 pr.
1392 1076 1450 1126 in
1466 1074 1675 1143 Menas.
1700 1094 1783 1145 pr.
1806 1043 2055 1129 hic-ordo·
2074 1090 2185 1131 erat
2215 1094 2457 1130 versuum

217 1144 338 1199 285.
358 1144 480 1197 286.
503 1143 622 1197 283.
655 1142 778 1197 284.
847 1144 1044 1195 Versus
1067 1144 1166 1197 hos
1189 1144 1514 1215 importunos
1532 1182 1549 1211 ,
1581 1161 1885 1214 quocunque
1907 1155 1966 1198 te
2000 1158 2200 1213 vertas,
2244 1147 2461 1205 eiicien-

217 1214 317 1265 ἀοι
339 1230 473 1279 esse,
523 1212 730 1281 patebit
751 1230 782 1265 e
801 1214 964 1270 Nota.
1011 1212 1123 1283 (ubi
1144 1213 1428 1267 servandos
1452 1231 1568 1267 esse
1590 1212 1783 1271 censui.
1816 1218 1897 1269 W
1892 1216 1963 1283 ι.)

216 1408 335 1468 qua
392 1388 636 1469 pellibus
687 1388 925 1446 incincti
981 1408 1102 1448 esse
1142 1390 1298 1447 sole-

213 1475 356 1533 bant
397 1472 698 1549 homines,
755 1476 967 1533 mansit
1018 1472 1116 1533 hic
1167 1494 1296 1534 mos

213 1560 366 1617 sacri
389 1560 453 1615 i'n
491 1558 800 1638 Lupercis3
857 1562 946 1618 uti
983 1560 1110 1625 285
1153 1561 1300 1619 Salii

215 1641 358 1702 huic
382 1662 544 1703 sacro
575 1642 816 1703 adhibiti
841 1656 994 1704 sunt.
1021 1678 1110 1690 --
1153 1666 1299 1703 one-

215 1732 368 1786 ratis
412 1728 696 1787 lancibus
743 1728 818 1787 ad
871 1732 1012 1789 turis
1067 1734 1298 1810 copiam

215 1814 390 1873 refert
419 1814 603 1875 Cerda
619 1834 637 1891 ς
653 1835 815 1874 ·sane
842 1826 934 1875 tus
963 1818 1138 1875 etiam
1163 1818 1298 1875 lan-

215 1921 283 1959 ce
312 1900 739 1980 apportabam,
773 1922 896 1960 non
923 1901 1102 1961 modo
1133 1920 1298 1961 acer-

213 2006 298 2043 ra.
363 1986 441 2045 cf.
501 1984 670 2046 ovid.
727 1988 807 2045 IV
857 1989 1032 2046 Pont.
1087 1990 1147 2062 9,
1191 1993 1295 2052 33.

215 2072 450 2130 Servius
499 2082 634 2129 exta
660 2070 724 2129 h.
751 2072 794 2130 l.
823 2072 1083 2131 lancibus
1109 2094 1298 2153 appo—

211 2158 277 2213 ni
306 2158 418 2215 ait:
461 2155 640 2239 idque
666 2160 831 2239 sequi
858 2168 1125 2237 praestat.
1207 2161 1296 2217 Ita

215 2240 359 2299 dum
387 2252 522 2300 exta
549 2255 879 2301 cremantur
903 2246 967 2301 in
996 2264 1113 2320 ara,
1145 2264 1294 2323 epu-

213 2328 304 2385 lae
371 2329 593 2385 interea
667 2332 1075 2389 instaurantur.
1179 2331 1294 2387 In-

214 2422 520 2469 staur-atae
561 2412 776 2489 epulas
825 2434 995 2493 supra
1037 2414 1293 2473 vidimus

213 2498 316 2555 lib.
343 2498 468 2573 Vn,
505 2498 609 2554 ubi
635 2493 851 2558 ‘crustis
893 2504 1012 2558 iam
1051 2500 1295 2559 comesis

215 2585 444 2639 Aeneas
483 2603 572 2640 vs.
627 2587 750 2646 133
808 2583 1000 2641 ,Νιιηο
1043 2595 1298 2660 pateras

216 2665 402 2724 libate
459 2666 632 2735 Iovi,
703 2677 763 2724 et
837 2667 956 2731 146
1013 2669 1298 2726 certatim

213 2755 570 2842 instaurant
599 2750 812 2827 epulas
831 2771 854 2806 .-
905 2749 1066 2832 quod
1093 2752 1168 2811 ad
1195 2771 1298 2811 so·-

212 2839 333 2896 lam
360 2837 702 2894 libationem
730 2847 986 2916 spectare
1026 2836 1294 2897 videtur:

211 2926 409 3004 sicque
440 2921 550 2980 Od.
583 2943 628 2997 ε,
661 2923 784 2987 888
813 2935 968 3002 seq.,
1025 2923 1134 2980 ubi
1175 2925 1298 2981 Ne-

211 3019 332 3069 stor
372 3006 446 3067 de
484 3026 648 3066 sacro
693 3006 938 3066 domum
975 3007 1166 3068 redux
1202 3029 1298 3068 as·

211 3093 360 3153 sidet
386 3113 526 3153 cum
565 3093 684 3152 suis
723 3104 784 3151 et
819 3095 1159 3153 libationem
1200 3096 1298 3154 fa-

213 3183 322 3238 cit:
376 3178 480 3239 sed
519 3181 709 3238 nullas
751 3181 948 3259 epulas
992 3179 1294 3240 secundas.

211 3265 466 3342 (Sustuli
508 3268 801 3324 asteriscos
818 3311 834 3340 ‚
879 3267 1086 3346 quibus
1130 3267 1296 3347 Hey'-

211 3354 342 3410 nius
401 3350 509 3408 hos
559 3371 671 3410 vas.
723 3355 950 3410 notavit
967 3397 984 3427 ‚
1057 3354 1296 3410 iubente

213 3439 390 3496 etiam
415 3435 760 3496 Weicherto
801 3437 904 3494 De
947 3437 1017 3495 V
1004 3457 1142 3495 erss.
1193 3439 1297 3494 in·-

211 3525 332 3581 iur.
377 3541 541 3598 susp.
593 3543 655 3602 p.
697 3525 782 3586 98
811 3543 976 3604 sqq.,
1036 3543 1296 3604 quocum

213 3610 498 3668 consentit
519 3606 776 3666 Iahnius.
859 3609 1128 3688 Inprimis
1155 3629 1294 3668 vero

213 3693 541 3753 cavendum
558 3738 575 3769 ,
601 3713 681 3750 ne
711 3691 986 3752 adversus
1011 3693 1296 3754 eiusmodi

212 3781 372 3838 locos
389 3824 406 3855 ,
451 3799 580 3836 rem
607 3781 864 3860 aliquam
891 3782 1076 3857 prisea
1123 3793 1294 3838 vetu-

214 3875 359 3923 state
389 3865 751 3922 obscuratam
779 3862 1118 3924 exhibentes
1134 3910 1151 3941 ,
1181 3868 1298 3923 cri-

209 3951 393 4009 tioam
421 3948 658 4008 calidius
703 3969 1109 4024 exeroeamus3
1154 3949 1296 4031 quid

213 4045 416 4094 autem
444 4035 738 4094 obscurius
768 4037 1296 4117 antiquissimarum

212 4121 562 4200 religionum
615 4121 816 4180 ritibus
875 4131 1051 4203 atque
1111 4124 1297 4180 caeri-

209 4202 470 4266 moniis?
512 4205 702 4277 Quare
729 4227 807 4264 ne
837 4207 1130 4268 Saliorum
1161 4207 1296 4286 qui·-

208 4293 351 4353 *dem
408 4294 770 4352 mentionem
785 4337 802 4368 ,
872 4311 987 4374 qua
1043 4282 1296 4350 offensui

207 4375 584 4441 weichertus
621 4379 664 4436 1.
708 4376 750 4438 l.
805 4379 976 4436 Tunc
1015 4397 1056 4435 a
1070 4376 1100 4433 l
1109 4378 1172 4434 ii
1209 4397 1295 4436 vs.

209 4465 356 4532 285.
385 4483 494 4544 pro
553 4465 708 4525 Ticm
755 4463 972 4522 Salii
1009 4463 1296 4543 scripsisse

1378 1390 1687 1469 Virgilium
1726 1400 1920 1471 putat,
1991 1408 2113 1449 non
2157 1388 2463 1447 ferendum

1381 1478 1850 1535 existimaverim.
1936 1474 2107 1547 Quod
2143 1495 2327 1554 genus
2367 1494 2463 1533 sa·-

1380 1561 1683 1620 eerdotum
1738 1564 1788 1621 si
1840 1564 1963 1619 iam
2018 1572 2151 1619 ante
2212 1563 2463 1619 Romam

1380 1644 1710 1720 conditam,
1752 1658 1823 1705 ut
1861 1646 2053 1705 visum
2096 1656 2179 1704 est
2222 1646 2461 1726 quibus-

1383 1732 1521 1791 dam
1542 1777 1561 1807 ‚
1602 1734 1667 1790 iu
1712 1733 1949 1791 urbibus
1992 1732 2189 1789 Italiae
2230 1732 2461 1805 exstitit,

1380 1838 1502 1877 non
1533 1814 2023 1899 reprehendamus
2068 1833 2164 1875 eos
2181 1861 2203 1891 ,
2256 1816 2358 1896 qui
2398 1812 2461 1873 id

1379 1924 1416 1963 a
1443 1907 1638 1963 Numa
1678 1902 1919 1961 demum
1948 1902 2025 1961 ad
2048 1904 2223 1961 solius
2264 1903 2463 1961 Martis

1379 1992 1605 2049 cultum
1634 1987 1917 2049 adscitum
1960 2008 2083 2047 esse
2096 2033 2113 2064 ‚
2156 1988 2463 2066 Virgilium

1379 2086 1578 2133 autem
1635 2086 1901 2157 tempora
1958 2076 2061 2132 illo
2115 2090 2253 2152 rege
2308 2074 2461 2129 anti-

1377 2164 1583 2242 quiora
1610 2163 1923 2240 respexisse
1948 2158 2226 2218 iudicant.
2296 2158 2463 2238 Hey-

1375 2250 1543 2305 nium
1586 2246 1825 2327 quidem
1838 2292 1854 2321 ‚
1910 2247 2204 2305 Saliorum
2241 2262 2462 2301 nomen

1376 2350 1691 2391 commune
1716 2330 2085 2391 sacerdotum
2121 2332 2264 2389 olim
2288 2330 2463 2389 fuisse

1377 2420 1786 2475 conficientem
1802 2463 1817 2492 ,
1876 2418 1957 2475 ita
2000 2418 2313 2475 refutatum
2356 2415 2463 2473 ivit

1376 2500 1751 2562 Weichertus
1766 2547 1785 2578 ‚
1854 2513 1922 2562 ut
1978 2500 2193 2561 dioc-ret
2212 2547 2230 2576 ,
2298 2498 2461 2559 idem

1379 2585 1493 2646 hoc
1538 2609 1657 2646 esse
1678 2633 1693 2662 ,
1750 2609 1818 2646 ac
1880 2589 1929 2646 si
1965 2597 2139 2668 poeta
2190 2585 2458 2645 dixisset:

1383 2673 1639 2750 Iamque
1710 2675 2163 2730 sacerdotes
2235 2671 2457 2744 ibant;

1395 2757 1551 2813 Tum
1580 2757 2027 2814 sacerdotes
2052 2757 2297 2813 adsunt.
2349 2758 2459 2814 cui

1380 2839 1691 2920 respondet
1730 2841 1951 2898 Censor
2004 2844 2123 2898 eius
2162 2843 2223 2896 in
2268 2841 2449 2896 Βίαν.

1381 2925 1791 3000 lit.,Halens.
1864 2927 2045 2990 1819.
2100 2945 2161 2982 11.
2212 2927 2353 2986 101.
2396 2944 2458 3002 p.

1380 3013 1527 3075 811.
1573 3031 1607 3069 a
1650 3007 1816 3068 Iahn.
1860 3008 2053 3068 laud-x
2109 3009 2300 3068 Salios
2344 3007 2461 3066 dici
2584 2983 2589 2990 Ι

1377 3095 1563 3156 videri
1592 3098 1971 3156 saltantes
1998 3091 2353 3168 sacerdotes,
2401 3105 2459 3152 et

1379 3185 1598 3262 opponi
1667 3179 2056 3241 sacerdotibus
2138 3180 2459 3241 sacrifi-

1379 3270 1757 3326 cantibus.
1860 3268 2057 3338 Quum
2097 3278 2291 3324 autem
2332 3267 2458 3344 pri-

1377 3371 1517 3410 mae
1542 3355 1745 3432 epulae
1780 3354 1968 3411 sactae
2010 3353 2237 3412 fueraut
2274 3351 2457 3410 meri-

1379 3437 1599 3496 dionali
1653 3448 1949 3518 tempore,
2020 3437 2141 3498 vid.
2196 3457 2277 3497 vs.
2330 3439 2455 3510 97„

1375 3542 1614 3604 vespere
1632 3568 1649 3599 ‚
1708 3523 1829 3584 vid.
1882 3543 1968 3583 vs.
2018 3527 2192 3598 2800,
2254 3522 2455 3580 alteras

1378 3609 1533 3683 fieri,
1578 3629 1681 3667 seu
1716 3613 2052 3682 instaurari,
2109 3625 2233 3666 non
2278 3608 2456 3666 mirer

1380 3693 1685 3775 equidem3
1718 3715 1785 3754 ac
1810 3694 1929 3754 vid.
1959 3696 2001 3751 1.
2030 3695 2154 3752 VII.
2173 3694 2245 3750 ab
2261 3695 2453 3772 Heyn.

1375 3781 1498 3838 iam
1525 3780 1717 3854 laud.'·3
1762 3791 1821 3838 et
1861 3779 2123 3838 solebant
2163 3777 2454 3853 sacrificia,

1377 3865 1498 3924 vid.
1526 3887 1639 3924 vss.
1684 3867 1825 3929 282.
1870 3875 1927 3923 et
1967 3863 2129 3937 285„
2171 3883 2293 3922 non
2332 3866 2456 3922 sine

1381 3951 1563 4030 epulis
1590 3951 1827 4010 institui.
1911 3953 2063 4008 Nam
2094 3947 2255 4030 quod
2280 3951 2457 4012 Wei-

1381 4033 1610 4094 chet-tus
1658 4038 1960 4095 instaurari
2033 4033 2231 4114 epulas
2296 4033 2455 4110 dicit,

1380 4124 1516 4202 quia
1560 4123 1723 4196 Illae,
1792 4123 1999 4202 quibus
2050 4121 2277 4178 Aeneas
2318 4137 2461 4177 cum·

1377 4207 1543 4266 sociis
1602 4207 1923 4266 interfuerit
1936 4248 1955 4280 ,
2026 4209 2269 4264 omissae
2322 4205 2455 4275 sint,

1377 4293 1657 4352 refellitur
1679 4313 1765 4350 vs.
1811 4296 1989 4354 110.:
2033 4289 2283 4365 „Audax
2310 4305 2456 4369 quos

1378 4397 1729 4459 rumpere
1788 4377 1979 4434 Pallas
2036 4377 2265 4434 Sacra
2318 4390 2455 4429 ve-

1377 4467 1549 4523 tat.“
1632 4465 1755 4521 Nec
1787 4457 1957 4518 *illud
2026 4479 2126 4518 me
2194 4453 2455 4532 offendit,
