3009 5050
72 1743 76 1778 --
71 1653 76 1712 -—
71 1565 78 1604 —
72 1481 76 1518 ν·-
71 1305 78 1426 v--
71 1215 80 1254 q·
71 956 82 1172 —-'-
71 607 80 914 --·*-

71 4079 82 4119 *¹¹⁸
71 3992 82 4035 ¹·-
71 3908 84 3945 “
71 3646 84 3861 -Q-
71 3476 84 3603 *vn-
71 3391 82 3427 -ι
71 3128 87 3339 ν-οἾ-«ὴ
72 2956 78 3057 unq-

71 4198 93 4559 *nun-vr·

796 384 982 460 ΑΙ)
1087 383 1748 460 LIBRUM
1846 386 2021 463 VII
2372 401 2511 470 151

269 575 334 632 in
364 573 606 635 Graecia
631 577 911 655 reperisse
931 575 1042 636 sibi
1067 573 1252 636 videri
1276 576 1558 638 solebant.
1644 579 1773 636 Hoc
1800 574 1965 654 Ideni
1989 588 2077 637 tot
2104 579 2364 638 virorum
2404 566 2515 640 (1οὲ

270 670 504 718 ctorum
547 663 886 741 exemplum
935 661 1198 722 obfuerat
1239 663 1519 744 Dionysio
1565 664 2075 738 Halicarnassensi,
2134 667 2257 724 viro
2298 669 2513 726 acutis—

267 747 420 804 simo
434 789 452 822 ,
511 755 578 804 ut
618 749 826 806 urbem
869 749 1120 807 Romam
1161 749 1282 806 iam
1331 747 1472 806 inde
1516 749 1588 806 ab
1629 749 1795 807 initio
1838 747 1913 806 ad
1957 751 2212 824 Graecae
2254 752 2515 810 coloniae

265 831 500 890 moreni
555 830 928 912 descriptam,
1001 834 1208 912 opibus
1255 835 1406 895 inter
1447 836 1673 912 Regem
1688 878 1707 910 ‚
1766 834 2053 894 Senatum
2098 846 2158 895 et
2198 837 2512 917 Populum,

265 919 555 995 sapienter
597 917 673 976 ad
721 921 1002 978 trutinam
1047 920 1414 998 exaequatis,
1470 921 1672 1000 reique
1716 921 1983 999 publicae
2029 921 2285 1008 partibus
2325 925 2512 982 subti—

265 1003 401 1062 liter
440 1005 760 1064 constitutis
801 1006 1033 1083 egregie
1071 1001 1410 1080 fundatam,
1467 1014 1772 1086 tamquam
1827 1007 1889 1063 in
1945 979 2143 1065 tabula
2190 1009 2347 1086 picta
2404 1027 2513 1068 ex-
2589 1012 2601 1026 '

265 1084 508 1146 hiberet.

434 1176 624 1232 Pravo
667 1171 784 1232 hoc
827 1173 1084 1234 Graecae
1127 1171 1424 1235 doctrinae
1473 1173 1665 1235 studio
1706 1171 2063 1239 doctissimos
2107 1195 2185 1234 ex
2233 1177 2510 1236 Romanis
2550 1231 2559 1240 .

261 1261 312 1318 si
350 1261 483 1339 quis
523 1259 780 1320 imbutos
823 1261 997 1318 1111333
1037 1257 1316 1336 audierit,
1363 1277 1489 1320 non
1534 1261 1779 1340 amplius
1822 1262 2127 1320 mirabitur
2162 1263 2437 1320 Etruscos
2475 1283 2509 1320 a

262 1342 588 1424 Tyrrhenis
608 1387 626 1420 ,
683 1345 930 1404 Sabinos
968 1366 1002 1404 a
1045 1304 1554 1420 Lacedaemoniis,
1612 1345 1889 1404 deductos
1928 1347 2106 1420 feni3·
2151 1347 2341 1406 Tibur
2386 1365 2509 1406 esse

261 1431 620 1508 Argivorum
663 1431 954 1490 coloniam
1005 1429 1157 1506 (VII,
1200 1431 1388 1510 672);
1447 1433 1761 1508 Halesum,
1804 1432 2261 1509 Agamemnonis
2302 1429 2519 1508 filium,

259 1517 570 1581 Auruncos
629 1535 662 1572 e
712 1517 1030 1595 Campania
1087 1515 1300 1575 ducere
1354 1515 1525 1593 (ibid.
1578 1521 1616 1582 7
1620 1522 1701 1582 23
1758 1517 1913 1597 sq.);
1980 1518 2237 1579 Ariciam
2286 1519 2507 1594 Dianae

263 1603 554 1658 amasium
573 1602 968 1682 Hippolytum
997 1603 1286 1681 excepisse
1317 1601 1386 1679 (7
1390 1607 1468 1668 61
1501 1601 1639 1682 sq.).
1728 1601 2039 1680 comparet
2078 1605 2282 1684 aliquis
2310 1605 2509 1662 Fastos

265 1685 460 1746 ovidii
503 1707 562 1744 v.
605 1707 658 1746 c.
701 1689 802 1746 lib.
845 1689 942 1761 IV,
1005 1692 1088 1752 68
1131 1707 1218 1768 sq.
1277 1699 1336 1746 et
1393 1686 1468 1748 ad
1518 1705 1813 1749 sacrorum
1854 1690 2074 1746 rituum
2112 1689 2507 1770 festorumque

265 1791 506 1844 caussas.
523 1783 584 1830 et
612 1774 860 1852 origines
888 1772 972 1832 ibi
995 1771 1230 1832 traditas
1271 1771 1534 1836 attendat
1550 1818 1567 1848 ,
1612 1784 1712 1832 aut
1754 1771 1831 1832 ad
1876 1771 2245 1844 Quaestiones
2284 1776 2507 1833 Roma·
2630 1817 2635 1822 -

263 1877 370 1918 nas
417 1855 733 1917 Plutarchi.
817 1861 1130 1918 Innumera
1177 1857 1350 1918 huius
1411 1861 1639 1938 generis
1690 1869 1825 1918 sunt
1865 1859 1977 1918 alia
2018 1858 2172 1939 apud
2215 1859 2542 1934 servium,-

261 1941 556 2004 Plutarch.
587 1945 820 2003 Romul.
841 1989 858 2018 ‚
899 1947 1099 2004 lustin.
1130 1942 1268 2020 XX,
1301 1950 1332 2009 1
1363 1965 1473 2024 pr„
1503 1945 1777 2004 Solinum
1818 1965 1870 2003 c.
1912 1948 1953 2010 8
1998 1956 2055 2003 et
2094 1942 2250 2026 apud
2292 1947 2506 2010 Gmm·

257 2029 532 2089 maticos.
605 2031 695 2090 De
723 2033 982 2089 instituto
1011 2031 1149 2089 talia
1177 2033 1509 2111 persequuti
1554 2043 1675 2089 esse
1724 2028 1997 2088 videntur
2022 2029 2357 2092 Alexander
2382 2033 2505 2090 Po-

258 2112 501 2194 lyhistor
531 2126 589 2174 et
630 2118 889 2176 Avienus
931 2118 1136 2200 aliquis
1181 2117 1323 2197 „qui
1361 2117 1568 2174 iambis
1610 2126 1803 2174 totum
1843 2115 2079 2176 Livium
2111 2117 2396 2198 scripsitf‘
2436 2127 2505 2176 ut

258 2201 496 2260 Servius
539 2203 618 2261 ait
663 2201 738 2260 ad
777 2204 880 2261 lib.
923 2204 1002 2276 X,
1043 2203 1187 2276 388,
1227 2207 1376 2270 item
1416 2203 1683 2283 Hyginus
1726 2201 1801 2259 de
1842 2201 2086 2260 urbium
2144 2202 2505 2262 Italicarum

257 2287 508 2364 origine.
603 2287 669 2345 Si
708 2287 855 2346 forte
894 2289 1153 2362 mimis,
1211 2287 1507 2368 quomodo
1565 2285 1655 2354 1113
1702 2288 1939 2346 3011111113·
1984 2297 2212 2346 tantum
2250 2287 2501 2349 tribuere

256 2375 513 2451 potuerit
541 2374 879 2454 antiquitas,
921 2371 1350 2437 recordandum
1377 2385 1463 2431 est
1489 2375 1691 2432 similis
1730 2375 2027 2448 vanitatis,
2069 2393 2185 2454 qua
2210 2376 2319 2432 viri
2346 2372 2503 2432 docti

256 2460 550 2537 superiore
577 2468 764 2516 aetate
793 2478 1034 2519 omnem
1059 2467 1316 2518 veterem
1341 2460 1571 2519 Italiam
1598 2478 1676 2516 ex
1701 2459 1997 2518 Hebraicis
2020 2458 2247 2518 Lexicis
2274 2457 2502 2539 (Phoe-

257 2544 410 2604 nicia
437 2545 614 2603 verba
640 2564 704 2602 se
730 2555 929 2603 tenere
955 2546 1263 2625 putabant)
1294 2546 1594 2624 repetiere.

426 2630 518 2685 Ita
543 2628 786 2687 tandem
809 2629 1032 2687 factum
1061 2640 1178 2703 est,
1211 2642 1281 2687 ut
1323 2632 1494 2708 pauci
1536 2629 1729 2688 Latini
1770 2628 1962 2710 mythi
2001 2628 2295 2709 propriam
2332 2646 2501 2689 suam

256 2724 530 2771 naturam
577 2716 909 2772 retinerent.
995 2717 1084 2771 Ita
1126 2672 1378 2773 S’aturno
1433 2733 1504 2773 ea
1546 2716 1899 2789 tribuerunt,
1959 2732 2109 2794 quae
2165 2716 2371 2773 Graeci
2426 2714 2500 2773 de

258 2792 478 2883 Kabom
502 2817 612 2859 3110
651 2800 994 2871 narrabant,
1037 2800 1215 2858 etiam
1255 2816 1489 2857 auream
1531 2808 1781 2857 aetatem
1824 2798 1911 2875 (v.
1952 2818 2005 2857 0.
2046 2799 2197 2856 Aen.
2232 2800 2331 2873 VI,
2373 2803 2499 2863 798

255 2886 508 2963 *7951)
575 2895 638 2945 et
694 2886 846 2945 Iovis
906 2883 1086 2964 impia
1129 2884 1383 2943 001131113.
1466 2884 1731 2956 Faunos,
1791 2884 1893 2966 qui
1928 2884 2097 2941 Latio
2140 2892 2201 2939 et
2237 2882 2501 2941 Etruriae

253 2972 474 3049 proprii
521 2982 687 3045 sunt,
743 2991 882 3042 cum
923 2971 1210 3045 Panibus,
1266 2969 1523 3050 Satyris,
1578 2979 1637 3026 et
1690 2926 1901 3027 S’ilenis
1948 2970 2331 3041 miscuerunt,
2390 2966 2499 3025 ad-

253 3058 454 3117 iuncto
487 3059 663 3115 etiam
689 3054 961 3131 Baccho,
1007 3057 1290 3118 Camenas
1315 3053 1617 3137 Nymphas
1645 3074 1785 3116 cum
1824 3055 2038 3111 Musis:
2086 3063 2143 3111 et
2186 3054 2267 3111 310
2303 3072 2499 3157 porro:

255 3142 588 3201 Albuneam
613 3142 878 3203 fecerunt
921 3159 998 3201 ex
1039 3138 1404 3217 Leucothea,
1463 3143 1857 3202 Pon-aunuum
1900 3160 1977 3197 ex
2003 3139 2339 3212 Melicerta,
2398 3141 2502 3219 qui

255 3224 622 3287 Phoenicum
661 3230 864 3309 utique
906 3230 1368 3307 navigationibus
1406 3226 1486 3289 ad
1530 3228 1781 3285 Graecos
1822 3233 2194 3305 pervenerat,
2258 3224 2409 3283 forte
2448 3226 2498 3283 is

255 3316 377 3371 iam
405 3332 439 3370 a
469 3312 690 3373 Cadmo
717 3314 907 3374 illams
938 3326 995 3373 et
1022 3314 1386 3374 Palaemonis
1427 3314 1669 3371 1101111113
1707 3313 2031 3389 insignitus.
2114 3308 2501 3370 Adsciverunt

256 3418 490 3480 quoque
520 3402 730 3478 passim
757 3402 1062 3477 relig-iones
1089 3410 1147 3457 et
1173 3400 1416 3462 nomina
1444 3397 1690 3456 deorum
1732 3416 1939 3475 graeca
1957 3438 1975 3472 ‚
2034 3414 2183 3477 quae
2226 3396 2497 3455 oblitera-

252 3494 391 3547 runt
432 3488 702 3567 antIqua3
758 3488 839 3544 ita
877 3486 1170 3552 Venerem
1209 3494 1555 3563 receperunt
1594 3494 1653 3545 et
1693 3485 2021 3541 mosem-os.
2104 3483 2218 3543 Res
2256 3480 2499 3541 tandem

253 3590 329 3631 eo
343 3568 639 3646 adducta,
683 3580 752 3629 ut
771 3573 1024 3649 pessimi
1087 3570 1415 3641 abulqmm
1455 3590 1709 3629 suarum
1750 3570 2091 3646 interpretes
2132 3577 2319 3625 essent
2364 3567 2499 3625 Ro-

251 3658 442 3717 mani.
533 3658 659 3717 Neo
699 3660 1012 3738 quicquam
1075 3658 1161 3715 uit
1202 3658 1360 3716 Italis
1404 3654 1551 3717 adeo
1610 3654 1997 3718 domesticmn
2050 3672 2119 3712 ac
2174 3654 2497 3732 proprimn,

253 3744 396 3823 quin
424 3764 460 3803 a
487 3744 722 3803 Graecis
750 3739 1093 3823 repeterent.
1175 3745 1377 3823 Ipsum
1411 3745 1623 3799 Ianum
1660 3761 1737 3799 ex
1777 3737 2124 3799 Perrhaebia
2163 3736 2499 3808 Thessaliae

253 3830 358 3909 qui
385 3827 772 3905 adducerent,
814 3829 987 3888 fuisse
1029 3827 1204 3889 video
1243 3826 1400 3909 apud
1427 3825 1807 3888 Plutarchum
1834 3827 1946 3902 911.
1976 3829 2148 3885 Rom.
2174 3845 2239 3904 Ρ.
2264 3826 2391 3889 269
2419 3824 2496 3898 A,

251 3915 426 3988 alios,
483 3916 584 3996 qui
641 3934 716 3973 ex
783 3914 1028 3988 Creusa,
1096 3911 1412 3973 Erechthei
1461 3911 1833 3973 Athenarum
1869 3913 2020 3989 regis
2066 3911 2215 3985 filia,
2268 3918 2497 3985 natum,

251 3996 411 4079 apud
439 3994 1336 4071 1Ῑ1(1101·.0.(Ξτ.1ἶ.2.911111>
1400 3997 1560 4080 quod
1595 3998 1923 4056 Ianiculum
1961 3998 2035 4055 ab
2076 3998 2252 4069 Ioue,
2312 3994 2497 4051 Creu-

248 4105 350 4145 sae
393 4084 514 4145 filio
531 4128 548 4160 ,
605 4104 682 4145 ex
719 4082 1010 4167 Euripidis
1055 4085 1252 4145 fabula
1289 4095 1462 4161 noto,
1518 4084 1683 4143 fuere
1723 4084 1825 4165 qui
1861 4080 2163 4140 conditum
2204 4078 2501 4139 traderent

249 4192 348 4251 ap.
373 4172 578 4230 Aurel.
603 4170 753 4231 vict.
786 4173 855 4231 Ο.
886 4174 960 4231 G.
989 4173 1062 4231 Β.
1092 4174 1153 4235 2.
1237 4171 1423 4244 Maia,
1467 4188 1655 4252 quae,
1696 4178 1762 4230 ut
1788 4184 1960 4246 supra
1984 4165 2268 4239 vidimus,
2309 4172 2497 4221 mater

248 4258 438 4317 Terra
477 4268 630 4331 erat,
689 4256 766 4317 ad
805 4258 1026 4315 Maiam
1071 4257 1344 4316 Mercurii
1390 4266 1643 4315 matrem
1694 4262 1961 4313 revocata
2016 4262 2119 4311 est.
2202 4250 2494 4318 Nerienes,

245 4344 442 4404 Virtus
483 4344 580 4400 vel
619 4342 921 4410 Fortitudo
967 4344 1140 4407 inter
1181 4340 1429 4399 Sabinos
1446 4384 1462 4416 ,
1534 4342 1601 4401 in
1659 4336 1969 4401 Ner-eidem
2024 4348 2111 4396 est
2169 4334 2493 4413 depravata.

243 4430 398 4490 Gell-
427 4428 586 4491 conf.
613 4424 776 4503 xm,
803 4434 908 4498 22.
996 4430 1315 4507 corrupere
1354 4446 1587 4508 quoque
1624 4444 1785 4485 sacra
1822 4442 1926 4481 sua
1968 4421 2221 4480 Romani
2262 4414 2497 4474 admix—
