3009 5050
767 374 973 461 'AD
1077 380 1729 461 LIBRUM
1832 384 2063 463 v111
2408 400 2549 473 291

487 576 800 635 Tan-contis
835 596 938 636 seu
991 574 1350 639 Tan-homa
1383 596 1605 638 nomen
1622 620 1641 659 2
1696 596 1817 661 quo
1842 588 2019 660 poeta
2042 580 2149 640 inf.
2188 599 2249 641 v.
2278 586 2405 649 603
2430 588 2556 647 Im-

305 680 625 723 cumonem
651 664 1070 745 Agyllaeorum
1095 664 1404 743 impertiit,
1447 682 1572 721 non
1598 664 1791 723 minus
1820 684 1896 723 ex
1922 676 2118 725 vetere
2142 672 2429 729 memoria
2457 692 2556 731 re-
2586 700 2590 704 ²

301 750 554 829 petitum
583 760 686 807 est.
771 752 904 807 Fuit
946 752 1105 809 enim
1133 752 1370 809 Tarcan
1397 750 1635 833 aliquis,
1695 753 1797 832 qui
1836 753 2191 833 Tarquinios
2231 756 2294 813 in
2318 756 2556 818 Etruria

303 834 628 896 condidisse
653 834 963 894 ferebatur.
1045 838 1203 894 Eum
1229 836 1426 894 statim
1455 851 1593 893 cum
1620 834 1933 916 Tyrrheno
1956 858 1995 895 e
2020 839 2211 919 Lydia
2236 843 2301 901 in
2325 844 2554 903 Italiam

303 922 548 999 venisse,
579 921 790 981 Strabo
812 921 1097 982 traditum
1125 916 1425 1001 acceperat
1449 922 1556 981 lib.
1582 922 1653 995 V,
1682 942 1744 1001 p.
1774 927 1899 986 336
1927 925 2001 999 A,
2029 927 2325 1007 vulgoque
2350 946 2555 989 narra-

306 1012 440 1065 tum
454 1051 469 1082 ‚
527 1008 704 1067 fuisse
731 1026 870 1067 eum
895 1026 1111 1067 canum
1141 1027 1173 1065 a
1201 1025 1414 1087 puero:
1477 1026 1596 1089 qua
1620 1008 1816 1068 fabula
1840 1006 1949 1066 viri
1986 1013 2333 1091 sapientiam
2358 1012 2555 1076 decla·-

305 1110 434 1151 rare
459 1094 696 1153 voluere
723 1092 1009 1153 homines.
1091 1094 1324 1173 Repetit
1351 1112 1482 1151 eam
1509 1092 1773 1153 Eustath.
1804 1092 1878 1152 ad
1906 1096 2148 1176 Dionys.
2172 1098 2401 1178 Per-ieg.
2429 1100 2555 1166 547

307 1188 374 1237 et
397 1176 474 1237 ad
503 1179 666 1238 Iliad.
694 1183 766 1241 Β.
795 1202 854 1260 p.
890 1181 1034 1253 167,
1075 1182 1123 1256 I,
1166 1182 1270 1245 23.
1352 1178 1613 1239 Discedit
1637 1180 1710 1245 ab
1736 1177 1827 1239 his
1858 1180 2051 1255 Silius,
2096 1182 2197 1241 lib.
2226 1184 2379 1259 Vm,
2409 1183 2553 1259 474,

305 1282 342 1323 a
387 1282 506 1347 quo
543 1266 803 1325 Cortona
849 1263 1093 1343 superbi
1139 1266 1449 1323 Tar-conde
1497 1266 1713 1325 domus
1758 1264 1913 1325 edita
1954 1276 2076 1341 ent3
2136 1278 2193 1326 et
2232 1268 2555 1329 secundum

305 1350 448 1409 alios
464 1396 481 1426 ,
541 1371 686 1433 quos
730 1352 874 1409 Cato
917 1353 1117 1431 Origg.
1173 1355 1204 1413 1
1252 1350 1628 1432 sequebatur,
1689 1348 1846 1432 apud
1890 1352 2161 1412 servium
2216 1353 2290 1413 ad
2344 1357 2446 1414 lib.
2495 1356 2557 1413 X

305 1436 460 1494 Aen.
495 1440 618 1500 179
649 1438 916 1497 Pisarum
949 1438 1050 1495 ille
1101 1435 1366 1495 conditor
1404 1434 1635 1497 habitus
1680 1449 1797 1513 est,
1842 1440 1913 1501 ab
1946 1439 2068 1496 aliis
2094 1440 2371 1501 Mantuae
2401 1439 2557 1520 apud

305 1520 476 1581 Serv.
511 1520 588 1583 ad
623 1522 703 1597 X,
737 1525 898 1596 198„
917 1522 1124 1604 quibus
1153 1524 1356 1581 saltem
1383 1520 1497 1581 1100
1528 1532 1749 1582 constat
1764 1569 1781 1598 ‚
1822 1524 1997 1583 fuisse
2026 1524 2382 1584 Tarcontem
2407 1529 2557 1585 inter

305 1618 568 1667 auctores
596 1610 799 1689 populi
825 1606 1117 1682 habitum,
1147 1610 1474 1691 multasque
1503 1608 1578 1667 ad
1606 1629 1747 1675 eum
1770 1612 1941 1669 urbes
1972 1612 2256 1689 originem
2281 1614 2557 1671 retulisse.
2596 1620 2603 1627 '

305 1686 494 1752 Aliter
522 1697 748 1754 ornavit
774 1694 1034 1752 fabulam
1059 1694 1414 1775 Lycophron
1442 1716 1500 1753 v.
1537 1694 1721 1759 1245.
1756 1693 1939 1771 1249,
1971 1696 2089 1769 ubi,
2130 1708 2357 1777 praeter
2382 1700 2559 1779 Ulys-

302 1798 460 1854 sem,
503 1778 782 1840 Tarchon
811 1790 869 1839 et
911 1780 1280 1858 Zynlzemcs,
1303 1778 1557 1862 Telephi
1582 1782 1881 1861 Mysorum
1910 1782 2058 1861 regis
2086 1780 2191 1840 filii
2206 1826 2221 1857 ‚
2254 1794 2562 1843 occurrunt

305 1866 546 1925 Aeneae
571 1867 636 1923 in
666 1866 828 1925 Italia
855 1869 1305 1951 societatemque
1334 1884 1472 1925 cum
1520 1886 1591 1925 eo
1626 1869 1879 1945 iungunt
1936 1867 2068 1949 (qui
2094 1868 2177 1927 ibi
2202 1881 2562 1931 memoratur

309 1946 594 2029 οἰκουρός
622 1950 890 2025 θὲοινος,
931 1950 1194 2011 Bacchus
1227 1962 1342 2011 est:
1397 1952 1472 2014 cf.
1501 1950 1703 2012 Schol.
1734 1952 1810 2010 ad
1836 1954 1978 2027 209,
2012 1952 2091 2016 de,
2116 1972 2232 2035 quo
2262 1976 2383 2018 non
2407 1957 2562 2015 bene

309 2034 764 2116 dubitaveram).
849 2038 1042 2097 Totus
1089 2040 1188 2097 ille
1231 2040 1392 2099 locus
1435 2060 1468 2097 a
1511 2060 1570 2099 v.
1616 2042 1779 2103 1239
1806 2040 2200 2098 memorabilis
2230 2050 2313 2099 est
2357 2040 2431 2099 ad
2456 2042 2562 2099 de-

307 2120 610 2183 clarandas
651 2134 919 2183 veterum
949 2126 1308 2183 Graecorum
1338 2125 1410 2185 de
1455 2123 1545 2183 his
1574 2124 1715 2183 locis
1754 2126 2017 2187 notitias:
2064 2122 2273 2185 dicitur
2299 2125 2563 2186 Aeneam

309 2227 580 2268 erronem
628 2212 919 2289 excepisse
947 2210 1294 2293 Tyrrhenia,
1327 2230 1441 2293 quo
1469 2214 1711 2268 nomine
1738 2220 1911 2289 poeta
1937 2210 2089 2269 bene
2114 2213 2342 2271 Italiam
2370 2215 2567 2272 omni-

307 2312 388 2352 no
416 2306 477 2352 et
501 2297 765 2375 inprimis
809 2297 938 2354 loca
967 2296 1042 2356 ad
1070 2298 1337 2359 Tiberim
1380 2295 1670 2359 declarare
1697 2298 1915 2376 potuit,
1945 2294 2091 2370 sed,
2133 2300 2375 2357 nomine
2402 2301 2566 2380 Tyr-

309 2376 552 2439 rheniae
587 2400 694 2438 seu
721 2382 989 2439 Etruriae
1033 2383 1214 2441 semel
1241 2384 1429 2461 posito
1443 2428 1460 2457 ‚
1506 2384 1619 2441 alia
1645 2382 1774 2440 loca
1819 2384 1939 2441 eius
1966 2386 2259 2441 maritima
2287 2396 2565 2461 recenset,

309 2463 626 2542 lynceum
683 2464 928 2526 fluvium
947 2512 964 2542 ‚
1021 2469 1237 2546 Pistam
1280 2477 1338 2524 et
1376 2466 1703 2548 Agyllam.
1790 2466 1937 2526 Cum
1982 2470 2288 2550 Lynceum
2332 2470 2568 2530 calidae

309 2570 512 2630 aquas
548 2549 801 2608 ebullire
834 2551 988 2611 dicat
1005 2597 1024 2628 ,
1066 2553 1364 2612 Cluverius
1402 2556 1533 2613 Ital.
1574 2564 1695 2612 ant.
1721 2573 1859 2633 pag.
1889 2551 2014 2617 472
2040 2575 2287 2633 parvum
2331 2575 2567 2616 amnem

310 2654 478 2697 nunc
529 2635 752 2697 Cot-nia
795 2637 1019 2696 dictum
1063 2635 1137 2695 ad
1180 2639 1517 2697 vetulonios
1533 2683 1551 2712 ,
1608 2639 1761 2696 ultra
1799 2642 2267 2717 promontorium
2305 2643 2568 2721 Populo-

309 2725 482 2782 nium
497 2765 516 2796 ,
546 2723 548 2725 '
573 2721 948 2800 probabiliter
975 2725 1384 2803 interpretatur
1407 2725 1717 2804 Lynceum
1731 2767 1749 2798 ,
1794 2721 2275 2804 quandoquidem
2298 2727 2397 2784 ille
2426 2729 2570 2785 cali-

309 2807 416 2868 das
445 2827 628 2890 aquas
655 2807 962 2887 paludosae
988 2819 1324 2873 transmeat.
1369 2809 1448 2869 cf.
1471 2830 1609 2890 sup.
1630 2811 1781 2869 Exc.
1810 2811 1839 2866 1
1868 2807 1945 2866 ad
1968 2809 2070 2866 lib.
2098 2809 2225 2884 Vll,
2251 2831 2313 2888 p.
2344 2815 2489 2876 123.

1237 3093 1654 3103 ——-—-——.--

781 3319 1833 3411 EXGUR-SUS
1953 3319 2093 3405 IV

923 3494 1054 3553 Da
1133 3495 1527 3556 Aeneae
1608 3491 1963 3570 clipeo.

483 3662 656 3736 Vm,
699 3661 826 3727 625
868 3663 1055 3744 0ἰρυοί
1095 3687 1219 3726 non
1253 3664 1873 3740 enan-abilefiatum.
1964 3661 2197 3722 hivenii
2232 3656 2480 3732 laudem
2508 3660 2571 3718 in

313 3745 624 3828 splendido
667 3745 784 3808 hoc
823 3751 956 3810 loco
997 3753 1240 3832 Virgilio
1267 3771 1390 3810 nonu
1415 3753 1645 3830 magis,
1693 3767 1876 3832 quam⁴
1901 3749 1965 3806 in
1991 3759 2078 3807 tot
2107 3746 2259 3821 aliis,
2320 3765 2470 3828 quae
2508 3747 2591 3808 iu-

313 3831 582 3891 Aeneide
604 3835 816 3892 merito
859 3839 1173 3913 miramur,
1225 3837 1426 3896 deberi
1439 3881 1458 3912 ,
1499 3847 1641 3896 nota
1680 3855 1773 3894 res
1800 3845 1903 3894 oet.
1989 3836 2321 3892 Praeiverat
2346 3835 2576 3893 Home-
2596 3855 2617 3863 -

315 3939 416 3978 rus
445 3919 636 3997 clipeo
661 3919 900 3980 Achillis
927 3924 1093 3983 Iliad.
1123 3928 1198 3996 Σ,
1233 3934 1292 3981 et
1315 3922 1602 3983 Hesiodus
1618 3967 1634 3997 ‚
1666 3932 1765 3981 aut
1796 3922 2050 4003 quisquis
2076 3921 2177 3978 ille
2202 3919 2314 3976 fuit
2328 3963 2345 3992 ,
2385 3919 2572 3998 clipeo

313 4003 606 4062 Herculis.
693 4003 814 4063 Sed
855 4010 1078 4090 ingenii
1117 4011 1244 4068 vim
1280 4019 1446 4070 tanto
1491 4010 1775 4068 acriorem
1802 4003 2069 4066 adhibuit
2092 4015 2274 4085 poeta
2310 4002 2572 4061 ornando

317 4103 380 4150 et
409 4087 766 4168 expoliendo
809 4111 915 4168 eo,
975 4094 1134 4177 quod
1163 4097 1238 4154 ab
1262 4097 1390 4153 aliis
1418 4097 1539 4152 iam
1566 4105 1917 4174 occupatum
1956 4093 2165 4150 hier-et.
2252 4090 2437 4168 Atqui
2461 4107 2573 4144 nee

315 4197 390 4234 ea
431 4175 665 4252 ingenii
700 4175 901 4237 infima
951 4182 1078 4242 laus
1123 4192 1226 4240 est.
1311 4182 1476 4252 Quae
1489 4189 1701 4246 ‚autem
1746 4181 1811 4238 in
1853 4176 1967 4239 hoc
2016 4173 2271 4257 episodio
2312 4171 2575 4251 inprimis

314 4257 630 4344 proband-
653 4271 788 4318 sum
803 4307 820 4337 ‚
851 4261 996 4324 haec
1025 4287 1147 4326 cese
1175 4267 1450 4326 arbitror:
1503 4268 1787 4345 primum,
1820 4260 1979 4346 quod
2010 4267 2423 4341 argumentum
2452 4256 2576 4354 ⁶¹2⁸?

315 4350 412 4436 git
435 4354 784 4424 argumento
827 4360 887 4408 et
913 4353 1151 4412 consilio
1179 4354 1452 4420 carminis
1474 4351 1877 4434 lectorumque
1903 4352 2313 4415 Romanor-mn,
2331 4343 2579 4416 ingenus

313 4432 588 4516 inprimi}
615 4434 1122 4520 accomodatum
1135 4481 1153 4514 ,
1193 4455 1331 4498 cum
1359 4435 1649 4499 Homerus
1676 4447 1909 4495 tantum
1932 4433 2220 4491 mirabilia
2249 4425 2341 4510 rel
2368 4421 2578 4500 adsspe‘

1990 4531 2167 4602 19*

2628 254 2653 309 ἰ
