3009 5050
590 434 1217 514 AENEIDOS
1270 436 1485 515 LIB.
1535 438 1704 533 XII,
1740 446 2174 519 103--113

2338 448 2486 517 725

342 624 509 700 Nec
548 622 813 697 minus
844 624 1144 699 interea
1176 624 1554 701 maternis
1585 646 1862 701 saevus
1897 626 1976 701 in
2011 628 2246 703 armis

236 728 547 803 Aeneas
573 726 777 802 acuit
804 731 1177 823 Martem,
1232 740 1313 803 et
1343 751 1429 803 se
1460 728 1777 803 suscitat
1805 728 1937 825 ira,

240 826 534 905 Oblato
562 829 922 927 gaudens
968 831 1319 930 conponi
1362 830 1698 906 foedere
1740 830 2064 913 bellum.

239 933 453 1006 Tum
488 934 747 1008 socios
776 938 1218 1035 maestique
1245 946 1556 1011 metum
1587 932 1882 1009 solatur
1920 934 2092 1030 Iuli,

2337 942 2482 1012 110

234 1037 421 1109 Fata
451 1034 791 1131 docens;
870 1038 1199 1138 regique
1244 1037 1467 1115 iubet
1492 1060 1873 1136 responsa
1899 1038 2179 1113 Latino

237 1138 477 1214 Certa-
504 1136 809 1216 referre
842 1140 1089 1236 viroS‚
1144 1153 1224 1217 et
1259 1142 1473 1241 pacis
1500 1139 1768 1216 dicere
1805 1139 2038 1238 leges.

336 1244 663 1318 Postera
694 1244 817 1318 vix
840 1266 1201 1319 summos
1236 1244 1654 1343 spargebat
1679 1240 1989 1319 lumine
2029 1240 2330 1316 montis

374 1414 474 1469 108
507 1417 658 1467 acuit
688 1426 915 1467 mentem
951 1416 1085 1467 Ven.
1154 1433 1215 1467 ee
1246 1417 1479 1467 sancitae
1512 1416 1626 1466 im:
1659 1430 1767 1466 non
1800 1416 1946 1478 irae,
1979 1412 2048 1465 ed
2080 1413 2244 1471 iremz
2279 1412 2375 1463 ted
2399 1410 2482 1463 ire

231 1482 427 1535 excitat
460 1484 713 1548 animum,
750 1482 889 1536 vires
923 1485 1097 1548 enimi,
1132 1484 1396 1536 virtutem.
1463 1482 1550 1535 sic
1581 1500 1698 1552 sup.
1733 1484 1800 1547 V,
1834 1483 1938 1537 454
1975 1486 2082 1533 vim
2117 1484 2348 1533 suscitat
2377 1484 2480 1533 im.

233 1554 335 1606 110
368 1566 736 1623 mae-stumque
769 1553 877 1605 Etf.

233 1620 381 1689 long.
416 1620 594 1686 Pierii,
628 1639 919 1688 perperam.

1018 1555 1118 1608 112
1154 1559 1360 1605 Cuncta
1395 1552 1516 1603 edd.
1553 1553 1685 1604 lunt.
1721 1562 1778 1603 et
1811 1550 1930 1604 Ald.
1968 1568 2050 1621 pr.
2122 1552 2330 1603 diceet-e
2366 1550 2482 1601 ob-

1060 1624 1160 1676 118
1192 1625 1428 1673 Postera
1464 1622 1564 1672 lux
1598 1620 1761 1673 Goth.
1799 1629 1925 1673 tert.
1995 1637 2200 1673 summo
2246 1636 2482 1689 sparge-

228 1688 326 1741 bat
357 1690 561 1742 luminu
595 1690 797 1758 aliquot
831 1690 1033 1757 Heius„
1063 1698 1119 1742 et
1153 1691 1293 1759 apud
1308 1690 1614 1742 Diomedem
1647 1690 1742 1741 lib.
1777 1690 1843 1751 11,
1875 1688 1932 1741 in
1966 1706 2071 1758 quo
2107 1690 2266 1739 etiam
2300 1700 2482 1741 terrae

228 1758 440 1827 legitur.
502 1760 921 1832 (eummoeparg.
973 1760 1047 1812 ite
1089 1760 1307 1812 iunctim
1358 1762 1608 1827 scriptum
1638 1758 1695 1811 in
1729 1757 1940 1825 Medic„
2005 1758 2072 1813 ef·
2109 1760 2173 1813 V.
2209 1758 2270 1809 1..
2307 1757 2376 1811 ed
2411 1758 2478 1824 V,

227 1828 349 1883 531.
384 1856 453 1867 —
488 1840 700 1882 montes
730 1829 871 1883 idem
905 1830 1095 1883 Medic.
1136 1832 1286 1898 Wt.)

222 1997 427 2131 3355?
454 1988 771 2135 5323„ss
814 1992 1311 2137 ‘'⁰2⁰3“:1‘3‘2'1’223

222 2140 325 2217 hic‘
348 2178 583 2243 quoque
610 2096 772 2222 ltgwus
800 2182 952 2222 nnus
982 2160 1055 2223 de
1088 2165 1311 2244 imper-

222 2242 408 2303 fectis.
462 2246 567 2303 W
551 2246 639 2325 r.)

314 2333 456 2392 107.
502 2349 719 2388 saevust
734 2374 751 2403 ,
793 2332 991 2389 fortis:
1050 2340 1119 2389 ut
1144 2331 1313 2391 toties

222 2411 345 2469 inm
386 2423 595 2491 poetae
634 2414 857 2472 dictum
896 2412 1147 2473 vidimus
1176 2435 1315 2472 eae—

224 2514 373 2555 mm
386 2539 413 2568 ,
484 2498 784 2556 crudelem
802 2541 825 2568 ,
867 2508 1126 2556 atrocem
1146 2543 1163 2572 ,
1199 2500 1313 2578 se-

223 2601 383 2640 rum.
432 2584 602 2640 acuit
634 2585 904 2641 Martem
922 2606 941 2640 .·
986 2593 1052 2642 ut
1079 2585 1315 2641 acuisse

205 2667 465 2748 sutores
490 2669 619 2743 yn,
648 2668 795 2732 406.
881 2671 1119 2727 Doctius
1150 2669 1311 2726 enim

221 2763 431 2833 poetae
458 2751 659 2812 dicunt
687 2746 941 2835 θήγειν,
969 2751 1032 2811 h.
1064 2773 1117 2812 e.
1148 2746 1309 2828 ὄξύ·

226 2859 387 2912 νειν,
424 2835 791 2919 παροξύνειν
809 2884 826 2913 ,
867 2850 925 2897 et
954 2857 1161 2898 acuere
1188 2840 1311 2898 vir-

220 2934 427 2997 tutem,
470 2925 650 2994 iram,
682 2943 864 2998 cures,
894 2943 1077 3006 quem
1104 2943 1313 2982 acuere

221 3030 285 3070 se
330 3007 407 3070 ad
434 3011 528 3068 vel
556 3013 621 3066 in
647 3011 795 3068 iram
827 3021 935 3069 etc.
994 3011 1189 3068 Etiam
1202 3027 1309 3088 pro

222 3113 437 3153 acuere
470 3095 738 3152 alicuine
772 3095 1009 3174 samem
1028 3137 1054 3164 ,
1102 3115 1310 3154 acuere

222 3183 478 3262 aliquem
496 3225 513 3254 ,
558 3189 756 3238 noster
793 3191 967 3260 poeta
1009 3199 1179 3239 ausus
1226 3190 1311 3239 est

224 3265 446 3325 dicere:
476 3265 847 3344 Auditi-sque
872 3265 1047 3344 lupos
1075 3277 1311 3324 acuunt

224 3349 529 3408 balatibus
573 3352 729 3428 agni
748 3392 767 3418 ,
836 3353 944 3409 Ge.
1003 3351 1100 3424 lv,
1158 3349 1303 3416 435.

225 3435 629 3513 109·sbedere
640 3458 666 3508 ,-
695 3455 895 3515 pugna
923 3437 1199 3514 singulari
1230 3457 1305 3494 ex

218 3521 475 3580 foedere.
530 3521 696 3579 Idem
722 3541 783 3580 v.
821 3524 945 3584 112
961 3539 1183 3597 pacem
1210 3519 1305 3578 di-

217 3608 325 3665 xit.
418 3610 561 3670 111.
620 3607 782 3664 Fata
840 3605 1076 3663 docens.
1168 3607 1301 3664 Non

219 3702 449 3750 veretur
501 3688 615 3749 hoc
644 3693 789 3770 ’ipso
850 3688 1151 3748 detrahere
1192 3692 1303 3748 ali-

222 3787 504 3856 quantum
542 3779 739 3835 virtuti
782 3774 971 3834 herois
998 3777 1105 3834 sui.
1192 3777 1303 3847 oui

222 3861 381 3918 enim
432 3863 593 3919 novit
636 3861 811 3919 fatale
866 3861 974 3918 sibi
1015 3880 1135 3920 esse
1158 3904 1174 3933 ,
1238 3870 1303 3918 ut

218 3947 447 4019 vincat,
490 3965 609 4002 non
660 3944 805 4006 adeo
848 3965 1065 4023 magne
1092 3947 1305 4004 virtute

216 4029 479 4108 indigere
520 4029 781 4104 videtur,
841 4049 1019 4110 quam
1064 4031 1164 4110 qui
1206 4031 1303 4086 in-

222 4126 414 4191 certo,
490 4115 679 4174 multo
738 4116 926 4196 magis
984 4115 1086 4198 qui
1131 4123 1308 4191 certo,

215 4204 369 4260 vitae
401 4199 729 4258 discrimine
758 4200 831 4259 ad
874 4219 1134 4279 pugnam
1161 4219 1305 4279 pro-

214 4284 391 4347 cedit.
478 4283 599 4342 Sed
647 4285 785 4344 fecit
826 4283 937 4344 hoc
955 4330 972 4359 ‚
1031 4305 1105 4343 en
1146 4294 1301 4344 recte

209 4391 335 4432 non
378 4368 630 4429 dixerim
644 4413 663 4443 ,
706 4372 975 4450 exemplo
1020 4371 1302 4428 Homeri:

212 4455 371 4540 apud
398 4473 578 4541 quem
604 4455 862 4516 Helenus
876 4457 1188 4516 Hectorem
1214 4452 1292 4514 ed

1392 1999 1690 2049 certamen
1717 1984 1830 2047 hoc
1856 1987 1982 2069 ipso
2011 1996 2353 2067 argumento
2369 2006 2478 2045 ex·-

1394 2078 1532 2135 citat
1558 2072 1722 2134 Iliad.
1751 2097 1813 2153 η,
1843 2074 1946 2139 50.
1976 2074 2080 2138 52.
2141 2074 2339 2149 (Certe
2357 2091 2478 2131 non

1394 2172 1479 2219 est
1510 2162 1768 2218 alienum
1797 2158 1909 2219 hoc
1952 2160 2026 2217 ab
2055 2160 2314 2217 instituto
2343 2158 2480 2215 Vir-

1394 2248 1519 2324 gilii
1535 2290 1551 2319 ,
1611 2246 1714 2326 qui
1776 2245 2020 2303 Aenean
2062 2245 2192 2302 fatis
2253 2242 2478 2323 diisque

1396 2330 1640 2389 ducibus
1669 2328 1954 2387 adomnia
1971 2327 2328 2408 intrepidum
2357 2347 2478 2385 esse

1394 2416 1599 2473 voluit.
1655 2413 1832 2490 Wr.)
1925 2416 2066 2477 112.
2109 2415 2288 2469 viros.
2324 2407 2478 2473 κατᾶ

1397 2492 1469 2560 cci
1500 2491 1927 2576 σιωπώμενον,
1970 2496 2306 2577 intelligitur
2331 2498 2478 2556 mis-

1392 2603 1486 2643 sos
1515 2584 1734 2660 legatos
1753 2627 1769 2656 ,
1810 2592 1879 2640 ut
1907 2581 2076 2643 serv.
2103 2591 2340 2640 monet:
2373 2583 2478 2640 etsi

1392 2687 1522 2747 sup.
1571 2686 1656 2725 vs.
1705 2667 1788 2731 75
1832 2677 2060 2724 tantum
2087 2681 2239 2726 nnus
2265 2664 2477 2724 Idmon

1392 2761 1746 2810 memoratus
1777 2760 1891 2825 est3
1933 2753 2044 2810 nisi
2071 2750 2245 2827 dicas,
2273 2755 2477 2810 missos

1392 2857 1552 2896 nunc
1597 2857 1717 2895 esse
1745 2837 1817 2895 ab
1846 2839 2048 2895 Aenea
2089 2839 2230 2896 alios
2243 2879 2260 2910 ,
2287 2837 2476 2894 comi-

1392 2935 1479 2982 tes
1533 2922 1696 2982 datos
1739 2921 2110 2982 redeuntibus
2151 2923 2344 2981 Latini
2383 2922 2475 2979 le-

1434 3011 1559 3068 atis.

1392 3029 1433 3088 g
1482 3095 1800 3157 118.Bene
1830 3092 2097 3152 servius:
2139 3093 2254 3168 „Et
2281 3093 2474 3150 scien-

1393 3178 1632 3254 „dum,
1691 3197 1996 3258 nunqnam
2037 3177 2194 3236 diem
2236 3179 2318 3236 sic
2361 3195 2474 3256 po-

1392 3309 1429 3339 „
1445 3274 1636 3323 tenter
1717 3263 2073 3343 descripsisse
2143 3261 2468 3342 Virgilium,

1390 3351 1590 3424 „sicut
1630 3351 1692 3406 in
1743 3350 1840 3423 lv,
1883 3349 2010 3414 522
2053 3359 2284 3407 noctem
2302 3393 2319 3422 ‚
2367 3349 2471 3405 ubi

1387 3479 1426 3509 „
1442 3433 1596 3493 Dido
1610 3435 1957 3514 pervigilans
1972 3431 2304 3492 deliberat.“
2337 3434 2471 3490 Ori-

1384 3530 1481 3578 tur
1507 3521 1722 3578 scilicet
1750 3518 1888 3594 dies,
1933 3520 2041 3598 qui
2055 3520 2276 3598 satum
2292 3517 2471 3576 rebm-

1385 3606 1453 3662 in
1513 3624 1730 3662 aevum
1793 3603 2080 3662 Conderet
2155 3604 2467 3673 humanis,

1388 3709 1624 3771 quoque
1666 3707 1897 3746 summe
1937 3690 2074 3747 belli
2102 3701 2160 3748 et
2198 3690 2468 3749 caminis

1387 3776 1611 3832 exitum
1649 3791 1822 3832 sunm
1861 3776 2165 3834 inveniret.
2251 3773 2468 3851 (Haud

1386 3861 1505 3918 scio
1535 3870 1734 3936 temen
1763 3879 1837 3918 en
1865 3861 2132 3939 Virgilius
2145 3906 2162 3936 ,
2205 3864 2254 3919 si
2283 3871 2468 3920 retra-

1386 3955 1542 4004 ctare
1587 3965 1731 4025 opus
1774 3965 1948 4004 sunm
1991 3947 2270 4021 licuisset,
2319 3945 2466 4004 haec

1388 4049 1527 4086 cum
1551 4063 1638 4074 -—
1668 4063 1754 4074 -—
1786 4031 2004 4110 efflant
2047 4031 2336 4090 deleturus
2365 4040 2467 4088 eut

1392 4125 1717 4174 mutaturus
1747 4127 1898 4174 certe
1925 4118 2114 4176 fuerit.
2189 4117 2466 4174 Comme-

1390 4200 1705 4260 morandus
1745 4211 1972 4260 tantum
2011 4213 2167 4260 ortus
2211 4199 2325 4258 diei
2367 4196 2464 4256 hio

1392 4296 1514 4344 erat
1525 4328 1552 4357 ,
1606 4305 1728 4344 non
1771 4285 2095 4361 ornandust,
2153 4297 2252 4343 eut
2289 4287 2338 4343 si
2365 4301 2464 4341 or·-

1387 4389 1531 4427 mre
1556 4372 1802 4446 volebat,
1832 4373 2152 4431 orationem
2180 4371 2344 4428 aliter
2365 4371 2466 4424 in-

1385 4456 1543 4514 stitui
1587 4455 1906 4536 oportebat.
1973 4453 2166 4534 W.)
2269 4451 2462 4517 Ordo:
