3009 5050
460 430 607 501 376

928 416 1013 491 Ρ.
1065 405 1591 490 VIRGILII
1640 401 2131 481 MARONI
2153 402 2206 477 S

460 612 561 687 Et
580 608 829 701 Lycus
858 596 1137 675 elabsiz
1190 614 1540 695 quorum
1567 590 2015 692 primaevus
2049 586 2428 686 Helenor,
2545 596 2702 667 545

461 706 831 788 Maeonio
860 702 1027 799 regi
1050 722 1295 801 quem
1328 720 1554 773 serva
1586 693 1984 790 Licymnia
2012 690 2288 767 furtim

468 810 941 899 sustulerat,
993 802 1411 902 vetitisque
1442 798 1544 875 ad
1572 798 1902 873 Troiam
1929 797 2250 871 miserat
2273 795 2530 891 armi5‚

462 920 671 995 Ense
702 910 891 987 levis
920 907 1181 1001 nud0‚
1236 926 1622 1005 parmaqu

1625 924 1670 977 e
1699 900 2078 999 inglorius
2121 898 2336 977 alba,

462 1024 701 1119 Isque
726 1015 868 1090 ubi
912 1036 996 1087 se
1034 1009 1283 1085 Turni
1320 1006 1590 1083 media
1616 1004 1824 1079 inter
1851 1003 2090 1079 millia
2131 1002 2350 1097 vidit,

462 1123 667 1199 Hinc
700 1118 899 1193 acies
924 1174 947 1211 ‚
994 1125 1232 1214 atque
1256 1111 1445 1187 hinc
1474 1110 1678 1184 acies
1711 1108 2018 1183 adstare
2046 1108 2390 1183 Latinas:

2546 1115 2702 1185 550

463 1229 572 1305 Ut
594 1223 805 1312 fera,
862 1240 1101 1395 quae,
1157 1214 1403 1293 densa
1432 1222 1866 1288 venantum
1892 1224 2160 1311 saepta
2195 1232 2516 1306 corona,

838 1348 881 1399 e
916 1346 958 1397 a

466 1332 763 1449 Contra
802 1335 833 1398 t

987 1319 1217 1417 furit,
1270 1338 1609 1417 seseque
1639 1313 1854 1391 haud
1887 1314 2150 1391 nescia
2173 1312 2420 1391 m‘orti

600 1530 705 1589 545
736 1534 921 1586 Luam
953 1528 1009 1581 in
1034 1524 1245 1593 Medic„
1292 1524 1349 1577 in
1376 1525 1445 1579 al.
1478 1525 1660 1576 Licus.
1727 1520 1912 1593 (idque
1946 1520 2062 1589 ipse
2089 1522 2282 1575 Medic.
2309 1541 2340 1575 a
2367 1540 2438 1575 tn.
2468 1539 2574 1575 sec.
2604 1539 2704 1573 ex-

462 1602 635 1663 hiben
684 1601 781 1668 ὀᾶ
814 1598 952 1649 infra
1000 1596 1120 1651 556.
1177 1596 1379 1664 Lycus.
1435 1596 1522 1648 W
1512 1594 1582 1661 r.)

1694 1592 1822 1647 '546
1872 1592 2157 1660 Licymnia
2213 1592 2403 1645 Medic.
2453 1602 2510 1643 et
2563 1593 2702 1645 Gud.

464 1668 742 1738 Δικῦμνια
780 1686 844 1720 cx
884 1664 1183 1733 Δὶκυμνος.
1252 1666 1413 1717 Varie
1448 1664 1786 1732 depravatum
1823 1678 2040 1713 nomen:
2093 1663 2386 1743 Dicitur—tia,
2432 1664 2702 1727 Licinnia,

464 1744 706 1805 Licinia,
740 1736 1057 1805 ξγοίηιηία,
1089 1735 1419 1803 Lacymnia,
1464 1734 1698 1785 Lacinia
1717 1770 1732 1795 ,
1777 1732 2037 1813 Ludna,-
2063 1734 2330 1784 Lucama.
2434 1730 2538 1786 548
2563 1732 2703 1814 pal-

463 1828 659 1881 maque
718 1808 876 1887 ven-3
940 1803 1129 1887 idque,
1210 1804 1348 1871 quod
1406 1803 1606 1866 miror,
1683 1800 1784 1852 lul.
1841 1800 1983 1882 Sub..
2020 1810 2478 1882 interpretantem*
2528 1801 2701 1854 video.

462 1878 569 1933 550
616 1889 782 1946 atque
814 1875 945 1927 Iunc
990 1885 1141 1925 anter
1177 1889 1237 1923 se
1276 1890 1327 1924 a.
1370 1874 1506 1923 Ἴου.
1578 1868 1795 1923 obstate
1831 1868 2047 1923 VrausL
2139 1882 2354 1922 metare
2429 1888 2472 1922 r.
2513 1872 2701 1924 Hamb.

462 1956 521 2004 α
546 1947 717 2015 Bigot.
738 1961 854 1997 cum
879 1942 1037 1996 Goth.
1067 1950 1197 1995 tert·

548 2118 671 2189 545
722 2139 851 2201 sqq.
933 2118 1114 2177 Ornat
1168 2116 1541 2193 Helenorem,

462 2205 567 2270 aed
607 2207 851 2263 Homeri
888 2206 1127 2282 vestigia
1152 2205 1349 2283 legens
1374 2201 1540 2261 Iliad.

464 2295 511 2367 ζ,
541 2294 623 2355 23
650 2310 739 2371 sq.
765 2300 1068 2371 tamquam
1092 2292 1276 2369 regis,
1304 2308 1405 2347 seu
1433 2289 1544 2346 viri

462 2378 734 2459 principis
763 2374 1027 2456 Phrygii,
1056 2394 1161 2455 pro
1191 2394 1309 2456 quo
1338 2376 1545 2432 Maeo-

462 2462 631 2520 nium
658 2460 869 2519 dixisse
896 2460 1158 2536 videtur,
1202 2481 1235 2517 e
1276 2479 1438 2521 serva
1466 2459 1543 2517 fi-

460 2549 629 2610 lium.
689 2547 833 2612 547.
878 2549 1071 2604 vetitis·
1104 2547 1291 2604 armis
1309 2569 1328 2603 .-
1390 2566 1542 2627 quae

462 2644 707 2694 tractare
761 2631 1029 2691 nondum
1076 2643 1266 2712 posset
1306 2643 1544 2714 propter

462 2731 727 2778 teneram
752 2705 1231 2777 adofescentiam:
1260 2737 1405 2776 nam
1420 2727 1545 2776 erat

451 2807 825 2884 primaevus.
842 2805 1009 2878 ¹Male
1032 2806 1225 2884 Intpp.
1253 2815 1383 2883 post
1400 2805 1544 2864 Ser-

411 2927 418 2936 ·
462 2893 627 2950 vium
666 2888 741 2948 ad
769 2893 1179 2948 Romanorum·
1210 2909 1437 2947 morem
1479 2891 1543 2946 in

462 2978 637 3035 servis
666 2995 703 3034 a
727 2977 930 3034 militia
950 2973 1250 3056 prohibitis
1266 2976 1544 3033 referunt.

464 3059 612 3126 548.
632 3081 977 3140 parmaque
1016 3060 1314 3140 inglorius
1354 3058 1501 3116 alba
1515 3081 1541 3132 ,-

462 3145 659 3204 media
672 3165 792 3204 vox
805 3149 939 3204 satis
962 3149 1151 3226 arguit
1166 3155 1403 3225 poetam
1420 3164 1545 3207 non

462 3233 796 3310 simpliciter
823 3225 1150 3294 λεύκασπιν
1177 3232 1423 3290 voluisse
1446 3232 1546 3288 in-

461 3337 661 3390 nuere,
673 3315 738 3394 s
723 3315 956 3394 algenti
965 3315 1152 3394 clipeo
1164 3317 1544 3392 instruetzmz,

463 3411 530 3460 ut
569 3399 728 3481 apud
762 3399 1034 3480 Aeschyl.
1096 3403 1258 3484 Sept..
1303 3399 1379 3462 ad
1422 3399 1543 3461 Th.

465 3489 585 3560 90,
641 3506 751 3543 neo
794 3481 999 3564 ἄσημα
1043 3479 1199 3547 ὅπλα
1252 3485 1544 3566 Euripidis

462 3571 762 3628 Phoeniss.
798 3573 979 3646 1119,
1010 3587 1161 3653 quae
1186 3571 1544 3630 moderatio-

463 3657 554 3714 nis
596 3657 678 3712 ibi
716 3657 943 3733 insigne
987 3653 1273 3715 habentur
1298 3661 1358 3716 in
1389 3660 1544 3716 Am·-

462 3738 737 3825 phiarao3
776 3760 998 3815 verum,
1026 3744 1137 3800 nisi
1154 3743 1415 3803 vai-laudi
1443 3763 1542 3800 01·-

462 3835 631 3882 natus
660 3845 859 3884 caussa
889 3829 1111 3905 posuit,
1162 3847 1391 3887 morem
1432 3849 1545 3886 ne·-

462 3911 581 3968 scio
614 3930 793 3991 quem
818 3915 1132 3992 respexisse
1150 3959 1164 3988 ‚
1209 3933 1327 3994 quo
1369 3917 1544 3994 picta,

466 4014 533 4052 ac
562 3997 776 4054 caelata
808 4009 1182 4076 argumento,
1223 4010 1383 4058 scuta
1422 4002 1543 4058 vir-

464 4081 601 4140 tutis
628 4092 687 4139 et
714 4081 1002 4142 clarorum
1028 4083 1351 4141 facinorum
1381 4095 1546 4144 erant

462 4165 710 4244 insignia
738 4186 805 4226 ao
832 4170 1104 4247 praemia.
1189 4171 1391 4250 Itaque
1418 4173 1546 4227 He-

462 4252 645 4326 lenor,
675 4253 781 4314 etsi
816 4272 961 4311 mox
1000 4255 1223 4310 fortiter
1247 4255 1309 4311 in
1350 4252 1543 4314 hostes

463 4339 671 4412 irruat,
703 4357 839 4396 cum
868 4349 1064 4397 tamen
1084 4381 1102 4414 ‚
1130 4337 1334 4398 ardore
1375 4342 1542 4400 iuve-

464 4425 569 4481 nili
597 4424 863 4505 abreptus
880 4468 897 4500 ,
942 4425 1096 4484 olam
1138 4423 1314 4485 domo
1342 4427 1541 4507 profe-

1333 1940 1439 1995 552
1469 1942 1644 1993 inscia
1669 1938 1832 1992 Goth.
1865 1956 1969 1991 sec.
2038 1942 2232 1992 monis
2257 1890 2512 1993 Montlzilb.

1623 2126 1750 2175 ctus
1791 2116 1954 2175 nulla
1995 2135 2157 2174 arma
2207 2138 2408 2177 secum
2463 2121 2702 2197 tulisset,

1623 2203 1954 2281 vulgaribus
2012 2205 2184 2261 armis
2235 2207 2422 2283 prima
2464 2207 2706 2265 militiae

1623 2288 1908 2367 stipendia
1945 2308 2176 2347 merens
2194 2333 2210 2362 ,
2268 2292 2390 2369 ipse
2450 2287 2702 2371 ἄσημος,

1623 2374 1797 2434 nullis
1826 2374 1994 2453 clipei
2021 2376 2342 2453 insignibus
2372 2375 2620 2435 discerni
2648 2389 2705 2436 et

1627 2458 1887 2538 dignosci
1915 2471 2157 2540 poterat.
2219 2462 2434 2520 Contra
2463 2484 2546 2522 vs.
2578 2464 2704 2530 582

1624 2547 1886 2605 Arcentis
1911 2547 2059 2605 filius
2088 2545 2310 2622 clarus,
2341 2553 2703 2630 conspicuus,

1625 2629 1938 2712 chlamyde
1949 2653 2240 2712 purpurea
2251 2632 2456 2694 dictus.
2485 2639 2706 2694 Iterum

1625 2719 1744 2792 XI,
1789 2723 1909 2782 711
1961 2719 2204 2776 Camilla
2248 2721 2438 2778 tradit
2485 2741 2707 2800 equum

1627 2805 1830 2860 comiti
1847 2802 2217 2883 paribusque
2243 2809 2464 2864 resistit
2491 2810 2558 2864 in
2599 2829 2708 2864 ar-

1627 2891 1743 2946 mis
1782 2889 1946 2946 Ense
1979 2889 2168 2966 pedes
2213 2891 2375 2949 nudo
2407 2913 2710 2972 §puraque

1626 2975 1902 3032 interrita
1937 2995 2182 3050 parma.
2277 2977 2704 3055 (Heinrichius,

1625 3061 1877 3138 vestigiis
1903 3062 2168 3120 insistens
2195 3063 2488 3143 Euripidis
2508 3067 2556 3134 J.
2577 3067 2618 3123 l.
2649 3075 2707 3124 et

1625 3143 1902 3224 Aeschyli
1923 3147 2086 3227 Sept.
2118 3147 2192 3205 ad
2223 3147 2416 3209 Theb.
2445 3171 2530 3210 vs.
2563 3151 2706 3216 588.

1626 3250 1712 3311 sq.
1731 3231 2052 3290 etmomffl
2101 3227 2306 3312 ,,σῆμα
2335 3229 2386 3297 6¹
2403 3229 2518 3298 mix
2545 3235 2709 3316 ἐπῆν

1625 3307 1828 3399 κύκλῳ
1853 3337 1866 3350 ·
1923 3313 2000 3378 οὔ
2035 3314 2152 3400 γοὲρ
2195 3321 2398 3382 δοκεῖν
2445 3317 2706 3402 ἄριστος,

1627 3395 1752 3462 ἀλλ’
1769 3395 1923 3463 εἶναι
1939 3402 2103 3465 θέλει
2119 3419 2134 3436 ·
2151 3407 2186 3438 “
2229 3405 2292 3464 id
2318 3408 2529 3486 ipsum,
2549 3405 2710 3488 quod

1627 3489 1821 3545 albam
1860 3507 2126 3568 parmam
2173 3493 2429 3551 Helenor
2453 3496 2708 3573 gesserim

1627 3575 1748 3631 eius
1776 3573 2094 3634 modestiae
2130 3579 2362 3652 tribuit3
2405 3590 2711 3659 propterea

1621 3661 1816 3738 ipsum
1857 3661 2278 3739 inglorium
2323 3681 2358 3721 a
2399 3678 2570 3744 poeta
2597 3685 2710 3724 vo·-

1627 3747 1778 3820 cari,
1825 3748 2041 3826 quippe
2091 3749 2349 3807 alienum
2390 3751 2464 3808 ab
2491 3753 2590 3809 illa
2619 3753 2708 3809 ia·-

1627 3833 1840 3892 ctautia
1898 3844 1955 3891 et
2008 3834 2286 3911 gloriolae
2361 3839 2708 3916 captatione,

1627 3935 1776 3996 quae
1821 3927 2089 3976 cernatur
2114 3921 2176 3976 in
2219 3923 2392 3980 annis
2419 3924 2716 4001 insignem

1627 4003 1886 4084 aliquam
1942 4005 2293 4083 caelaturam
2343 4005 2708 4068 habentibus.

1713 4171 1857 4238 549.
1901 4173 2082 4230 'l'urri
2119 4176 2182 4232 in
2223 4176 2452 4256 fastigio
2491 4188 2708 4258 aperta,

1624 4275 1748 4316 nou
1770 4268 1924 4316 tecto
1953 4259 2165 4334 clausa,
2195 4263 2256 4318 in
2271 4281 2546 4343 praeceps
2559 4263 2708 4338 data,

1626 4353 1789 4400 extra
1813 4343 2051 4418 vallum,
2083 4343 2406 4406 desilientes
2431 4347 2569 4424 duo,
2585 4351 2710 4408 He-

1622 4429 1788 4488 lenor
1815 4439 1874 4486 et
1900 4429 2113 4510 Lycus,
2140 4433 2206 4490 in
2230 4431 2428 4497 medio
2455 4432 2712 4496 hostium
