<?xml version="1.0" encoding="UTF-8"?>
<!DOCTYPE html PUBLIC "-//W3C//DTD XHTML 1.0 Transitional//EN"
    "http://www.w3.org/TR/xhtml1/DTD/xhtml1-transitional.dtd">
<html xmlns="http://www.w3.org/1999/xhtml" xml:lang="en" lang="en">
 <head>
  <title>
</title>
<meta http-equiv="Content-Type" content="text/html;charset=utf-8" />
  <meta name='ocr-system' content='tesseract 3.04.00' />
  <meta name='ocr-capabilities' content='ocr_page ocr_carea ocr_par ocr_line ocrx_word'/>
</head>
<body>
  <div class='ocr_page' id='page_1' title='image "./pvblivsvirgiliv00unkngoog_0143.png"; bbox 0 0 3009 5050; ppageno 0'>
   <div class='ocr_carea' id='block_1_1' title="bbox 44 2393 58 3513">
    <p class='ocr_par' dir='ltr' id='par_1_1' title="bbox 44 2393 58 3513">
     <span class='ocr_line' id='line_1_1' title="bbox 44 2393 58 3513; baseline 0 0"><span class='ocrx_word' id='word_1_1' title='bbox 44 2393 58 3513; x_wconf 95' lang='lat' dir='ltr'><strong> </strong></span> 
     </span>
    </p>
   </div>
   <div class='ocr_carea' id='block_1_2' title="bbox 44 4933 260 5028">
    <p class='ocr_par' dir='ltr' id='par_1_2' title="bbox 44 4933 260 5028">
     <span class='ocr_line' id='line_1_2' title="bbox 44 4933 260 5028; baseline 0 22"><span class='ocrx_word' id='word_1_2' title='bbox 44 4933 260 5028; x_wconf 95' lang='lat' dir='ltr'><strong> </strong></span> 
     </span>
    </p>
   </div>
   <div class='ocr_carea' id='block_1_3' title="bbox 603 420 2259 524">
    <p class='ocr_par' dir='ltr' id='par_1_3' title="bbox 603 420 2259 524">
     <span class='ocr_line' id='line_1_3' title="bbox 603 420 2259 524; baseline -0.018 0"><span class='ocrx_word' id='word_1_3' title='bbox 603 451 746 524; x_wconf 88' lang='grc'><strong>148</strong></span> <span class='ocrx_word' id='word_1_4' title='bbox 1133 420 2259 510; x_wconf 81' lang='lat' dir='ltr'>EXCURSUSIV</span> 
     </span>
    </p>
   </div>
   <div class='ocr_carea' id='block_1_4' title="bbox 562 601 2962 4545">
    <p class='ocr_par' dir='ltr' id='par_1_4' title="bbox 599 601 2963 3181">
     <span class='ocr_line' id='line_1_4' title="bbox 599 601 2849 712; baseline -0.015 -20"><span class='ocrx_word' id='word_1_5' title='bbox 599 637 775 712; x_wconf 87' lang='lat' dir='ltr'><strong>igitur</strong></span> <span class='ocrx_word' id='word_1_6' title='bbox 815 629 1017 712; x_wconf 86' lang='lat' dir='ltr'><strong>populi</strong></span> <span class='ocrx_word' id='word_1_7' title='bbox 1057 625 1275 698; x_wconf 88' lang='lat' dir='ltr'><strong>Italici,</strong></span> <span class='ocrx_word' id='word_1_8' title='bbox 1338 623 1529 704; x_wconf 87' lang='lat' dir='ltr'><strong>primo</strong></span> <span class='ocrx_word' id='word_1_9' title='bbox 1574 621 1715 676; x_wconf 85' lang='lat' dir='ltr'><strong>ritus</strong></span> <span class='ocrx_word' id='word_1_10' title='bbox 1762 636 1829 674; x_wconf 87' lang='lat' dir='ltr'><strong>ac</strong></span> <span class='ocrx_word' id='word_1_11' title='bbox 1872 613 2209 692; x_wconf 79' lang='lat' dir='ltr'>religiones,</span> <span class='ocrx_word' id='word_1_12' title='bbox 2256 611 2319 667; x_wconf 91' lang='lat' dir='ltr'><strong>in</strong></span> <span class='ocrx_word' id='word_1_13' title='bbox 2364 607 2565 666; x_wconf 87' lang='lat' dir='ltr'><strong>multis</strong></span> <span class='ocrx_word' id='word_1_14' title='bbox 2608 601 2849 686; x_wconf 85' lang='lat' dir='ltr'><strong>quidem</strong></span> 
     </span>
     <span class='ocr_line' id='line_1_5' title="bbox 603 688 2851 782; baseline -0.014 -5"><span class='ocrx_word' id='word_1_15' title='bbox 603 716 762 776; x_wconf 87' lang='lat' dir='ltr'><strong>haud</strong></span> <span class='ocrx_word' id='word_1_16' title='bbox 789 713 1123 776; x_wconf 84' lang='lat' dir='ltr'><strong>abludentes</strong></span> <span class='ocrx_word' id='word_1_17' title='bbox 1151 733 1186 768; x_wconf 90' lang='lat' dir='ltr'><strong>a</strong></span> <span class='ocrx_word' id='word_1_18' title='bbox 1216 711 1449 768; x_wconf 85' lang='lat' dir='ltr'><strong>Graecis</strong></span> <span class='ocrx_word' id='word_1_19' title='bbox 1468 753 1484 781; x_wconf 89' lang='lat'>,</span> <span class='ocrx_word' id='word_1_20' title='bbox 1528 716 1719 763; x_wconf 88' lang='lat' dir='ltr'><strong>cetera</strong></span> <span class='ocrx_word' id='word_1_21' title='bbox 1746 702 2005 782; x_wconf 85' lang='lat' dir='ltr'><strong>proprias</strong></span> <span class='ocrx_word' id='word_1_22' title='bbox 2046 719 2115 758; x_wconf 89' lang='lat' dir='ltr'><strong>ac</strong></span> <span class='ocrx_word' id='word_1_23' title='bbox 2159 695 2533 768; x_wconf 78' lang='lat' dir='ltr'><strong>domesticas3</strong></span> <span class='ocrx_word' id='word_1_24' title='bbox 2592 688 2851 748; x_wconf 75' lang='lat' dir='ltr'>habuere</span> 
     </span>
     <span class='ocr_line' id='line_1_6' title="bbox 605 781 2847 880; baseline -0.014 -18"><span class='ocrx_word' id='word_1_25' title='bbox 605 825 639 862; x_wconf 88' lang='lat' dir='ltr'><strong>a</strong></span> <span class='ocrx_word' id='word_1_26' title='bbox 679 804 933 880; x_wconf 85' lang='lat' dir='ltr'><strong>Pelasgis</strong></span> <span class='ocrx_word' id='word_1_27' title='bbox 974 803 1204 870; x_wconf 80' lang='lat' dir='ltr'><strong>Iovem,</strong></span> <span class='ocrx_word' id='word_1_28' title='bbox 1263 797 1586 865; x_wconf 85' lang='lat' dir='ltr'><strong>Iunonem,</strong></span> <span class='ocrx_word' id='word_1_29' title='bbox 1641 791 1967 846; x_wconf 84' lang='lat' dir='ltr'><strong>Minervam</strong></span> <span class='ocrx_word' id='word_1_30' title='bbox 1985 831 2001 858; x_wconf 87' lang='lat'>,</span> <span class='ocrx_word' id='word_1_31' title='bbox 2058 785 2295 842; x_wconf 80' lang='lat' dir='ltr'><strong>Vestam</strong></span> <span class='ocrx_word' id='word_1_32' title='bbox 2313 827 2329 854; x_wconf 89' lang='lat'>,</span> <span class='ocrx_word' id='word_1_33' title='bbox 2382 781 2633 836; x_wconf 84' lang='lat' dir='ltr'><strong>Martem</strong></span> <span class='ocrx_word' id='word_1_34' title='bbox 2656 821 2673 851; x_wconf 88' lang='lat'><strong>,</strong></span> <span class='ocrx_word' id='word_1_35' title='bbox 2718 795 2847 832; x_wconf 88' lang='lat' dir='ltr'><strong>cum</strong></span> 
     </span>
     <span class='ocr_line' id='line_1_7' title="bbox 605 863 2851 962; baseline -0.014 -15"><span class='ocrx_word' id='word_1_36' title='bbox 605 891 758 962; x_wconf 84' lang='lat' dir='ltr'><strong>aliis3</strong></span> <span class='ocrx_word' id='word_1_37' title='bbox 799 886 1054 944; x_wconf 77' lang='lat' dir='ltr'>habuere</span> <span class='ocrx_word' id='word_1_38' title='bbox 1081 885 1222 940; x_wconf 85' lang='lat' dir='ltr'><strong>ritus</strong></span> <span class='ocrx_word' id='word_1_39' title='bbox 1263 897 1557 939; x_wconf 86' lang='lat' dir='ltr'><strong>sacrorum</strong></span> <span class='ocrx_word' id='word_1_40' title='bbox 1598 893 1737 932; x_wconf 87' lang='lat' dir='ltr'><strong>cum</strong></span> <span class='ocrx_word' id='word_1_41' title='bbox 1780 871 2195 954; x_wconf 87' lang='lat' dir='ltr'><strong>antiquioribus</strong></span> <span class='ocrx_word' id='word_1_42' title='bbox 2239 867 2470 924; x_wconf 88' lang='lat' dir='ltr'><strong>Graecis</strong></span> <span class='ocrx_word' id='word_1_43' title='bbox 2512 863 2643 920; x_wconf 85' lang='lat' dir='ltr'><strong>fere</strong></span> <span class='ocrx_word' id='word_1_44' title='bbox 2688 881 2851 918; x_wconf 86' lang='lat' dir='ltr'><strong>com-</strong></span> 
     </span>
     <span class='ocr_line' id='line_1_8' title="bbox 602 947 2853 1048; baseline -0.014 -15"><span class='ocrx_word' id='word_1_45' title='bbox 602 992 842 1044; x_wconf 84' lang='lat' dir='ltr'><strong>munes;</strong></span> <span class='ocrx_word' id='word_1_46' title='bbox 887 973 1059 1028; x_wconf 88' lang='lat' dir='ltr'><strong>etiam</strong></span> <span class='ocrx_word' id='word_1_47' title='bbox 1087 966 1320 1048; x_wconf 85' lang='lat' dir='ltr'><strong>mythos</strong></span> <span class='ocrx_word' id='word_1_48' title='bbox 1349 963 1659 1024; x_wconf 83' lang='lat' dir='ltr'><strong>nonnullos</strong></span> <span class='ocrx_word' id='word_1_49' title='bbox 1702 959 2065 1018; x_wconf 78' lang='lat' dir='ltr'><strong>Graecanicis</strong></span> <span class='ocrx_word' id='word_1_50' title='bbox 2106 955 2351 1026; x_wconf 83' lang='lat' dir='ltr'><strong>similes3</strong></span> <span class='ocrx_word' id='word_1_51' title='bbox 2409 949 2671 1007; x_wconf 76' lang='lat' dir='ltr'><strong>habuere</strong></span> <span class='ocrx_word' id='word_1_52' title='bbox 2716 947 2853 1004; x_wconf 79' lang='lat' dir='ltr'><strong>alios</strong></span> 
     </span>
     <span class='ocr_line' id='line_1_9' title="bbox 606 1035 2853 1136; baseline -0.013 -19"><span class='ocrx_word' id='word_1_53' title='bbox 606 1064 746 1117; x_wconf 89' lang='lat' dir='ltr'><strong>ritus</strong></span> <span class='ocrx_word' id='word_1_54' title='bbox 777 1078 842 1115; x_wconf 89' lang='lat' dir='ltr'><strong>ac</strong></span> <span class='ocrx_word' id='word_1_55' title='bbox 871 1055 1105 1136; x_wconf 82' lang='lat' dir='ltr'><strong>mythos</strong></span> <span class='ocrx_word' id='word_1_56' title='bbox 1147 1056 1390 1110; x_wconf 77' lang='lat' dir='ltr'><strong>variatos</strong></span> <span class='ocrx_word' id='word_1_57' title='bbox 1409 1097 1424 1123; x_wconf 91' lang='lat'><strong>‚</strong></span> <span class='ocrx_word' id='word_1_58' title='bbox 1482 1057 1734 1106; x_wconf 88' lang='lat' dir='ltr'><strong>mutatos</strong></span> <span class='ocrx_word' id='word_1_59' title='bbox 1752 1091 1769 1118; x_wconf 89' lang='lat'>,</span> <span class='ocrx_word' id='word_1_60' title='bbox 1829 1046 1969 1102; x_wconf 88' lang='lat' dir='ltr'><strong>alios</strong></span> <span class='ocrx_word' id='word_1_61' title='bbox 2012 1043 2271 1121; x_wconf 87' lang='lat' dir='ltr'><strong>proprios</strong></span> <span class='ocrx_word' id='word_1_62' title='bbox 2311 1058 2379 1094; x_wconf 89' lang='lat' dir='ltr'><strong>ac</strong></span> <span class='ocrx_word' id='word_1_63' title='bbox 2424 1035 2779 1094; x_wconf 85' lang='lat' dir='ltr'><strong>domesticos</strong></span> <span class='ocrx_word' id='word_1_64' title='bbox 2824 1051 2853 1087; x_wconf 82' lang='lat' dir='ltr'><strong>a</strong></span> 
     </span>
     <span class='ocr_line' id='line_1_10' title="bbox 607 1119 2853 1211; baseline -0.014 -8"><span class='ocrx_word' id='word_1_65' title='bbox 607 1145 838 1203; x_wconf 85' lang='lat' dir='ltr'><strong>Graecis</strong></span> <span class='ocrx_word' id='word_1_66' title='bbox 869 1140 1268 1211; x_wconf 82' lang='lat' dir='ltr'><strong>abhorrentes3</strong></span> <span class='ocrx_word' id='word_1_67' title='bbox 1310 1137 1640 1194; x_wconf 86' lang='lat' dir='ltr'><strong>barbariem</strong></span> <span class='ocrx_word' id='word_1_68' title='bbox 1670 1141 1726 1187; x_wconf 85' lang='lat' dir='ltr'><strong>et</strong></span> <span class='ocrx_word' id='word_1_69' title='bbox 1754 1128 2048 1187; x_wconf 79' lang='lat' dir='ltr'><strong>horridam</strong></span> <span class='ocrx_word' id='word_1_70' title='bbox 2076 1135 2421 1184; x_wconf 78' lang='lat' dir='ltr'><strong>vetustatem</strong></span> <span class='ocrx_word' id='word_1_71' title='bbox 2464 1123 2525 1178; x_wconf 90' lang='lat' dir='ltr'><strong>in</strong></span> <span class='ocrx_word' id='word_1_72' title='bbox 2571 1121 2641 1176; x_wconf 82' lang='lat' dir='ltr'><strong>iis</strong></span> <span class='ocrx_word' id='word_1_73' title='bbox 2686 1119 2853 1176; x_wconf 79' lang='lat' dir='ltr'><strong>facile</strong></span> 
     </span>
     <span class='ocr_line' id='line_1_11' title="bbox 607 1213 2855 1308; baseline -0.013 -20"><span class='ocrx_word' id='word_1_74' title='bbox 607 1249 878 1308; x_wconf 82' lang='lat' dir='ltr'><strong>agnoscas</strong></span> <span class='ocrx_word' id='word_1_75' title='bbox 899 1273 913 1300; x_wconf 95' lang='lat'>,</span> <span class='ocrx_word' id='word_1_76' title='bbox 973 1227 1351 1304; x_wconf 85' lang='lat' dir='ltr'>inprimisque</span> <span class='ocrx_word' id='word_1_77' title='bbox 1405 1219 1859 1298; x_wconf 87' lang='lat' dir='ltr'><strong>superstitiosum</strong></span> <span class='ocrx_word' id='word_1_78' title='bbox 1905 1213 2150 1272; x_wconf 88' lang='lat' dir='ltr'><strong>deorum</strong></span> <span class='ocrx_word' id='word_1_79' title='bbox 2191 1220 2447 1280; x_wconf 87' lang='lat' dir='ltr'><strong>metum,</strong></span> <span class='ocrx_word' id='word_1_80' title='bbox 2494 1223 2678 1286; x_wconf 85' lang='lat' dir='ltr'><strong>quem</strong></span> <span class='ocrx_word' id='word_1_81' title='bbox 2720 1223 2855 1261; x_wconf 82' lang='lat' dir='ltr'><strong>sane</strong></span> 
     </span>
     <span class='ocr_line' id='line_1_12' title="bbox 605 1293 2855 1389; baseline -0.012 -16"><span class='ocrx_word' id='word_1_82' title='bbox 605 1318 838 1373; x_wconf 89' lang='lat' dir='ltr'><strong>iniicere</strong></span> <span class='ocrx_word' id='word_1_83' title='bbox 865 1315 1071 1370; x_wconf 86' lang='lat' dir='ltr'><strong>animis</strong></span> <span class='ocrx_word' id='word_1_84' title='bbox 1102 1318 1367 1389; x_wconf 87' lang='lat' dir='ltr'><strong>poterant</strong></span> <span class='ocrx_word' id='word_1_85' title='bbox 1394 1309 1646 1381; x_wconf 82' lang='lat' dir='ltr'><strong>&#39;maguae</strong></span> <span class='ocrx_word' id='word_1_86' title='bbox 1688 1322 1753 1359; x_wconf 87' lang='lat' dir='ltr'><strong>ac</strong></span> <span class='ocrx_word' id='word_1_87' title='bbox 1799 1302 2033 1359; x_wconf 83' lang='lat' dir='ltr'><strong>crebrae</strong></span> <span class='ocrx_word' id='word_1_88' title='bbox 2068 1307 2307 1355; x_wconf 87' lang='lat' dir='ltr'><strong>naturae</strong></span> <span class='ocrx_word' id='word_1_89' title='bbox 2352 1293 2760 1352; x_wconf 69' lang='lat' dir='ltr'><strong>conversiones</strong></span> <span class='ocrx_word' id='word_1_90' title='bbox 2804 1301 2855 1345; x_wconf 82' lang='lat' dir='ltr'><strong>et</strong></span> 
     </span>
     <span class='ocr_line' id='line_1_13' title="bbox 606 1377 2857 1482; baseline -0.013 -23"><span class='ocrx_word' id='word_1_91' title='bbox 606 1401 1060 1482; x_wconf 77' lang='lat' dir='ltr'><strong>perturbationes</strong></span> <span class='ocrx_word' id='word_1_92' title='bbox 1091 1400 1150 1451; x_wconf 86' lang='lat' dir='ltr'><strong>in</strong></span> <span class='ocrx_word' id='word_1_93' title='bbox 1180 1393 1267 1452; x_wconf 89' lang='lat' dir='ltr'><strong>his</strong></span> <span class='ocrx_word' id='word_1_94' title='bbox 1296 1394 1435 1449; x_wconf 84' lang='lat' dir='ltr'><strong>locis</strong></span> <span class='ocrx_word' id='word_1_95' title='bbox 1481 1409 1555 1446; x_wconf 84' lang='lat' dir='ltr'><strong>ex</strong></span> <span class='ocrx_word' id='word_1_96' title='bbox 1599 1387 1943 1446; x_wconf 74' lang='lat' dir='ltr'><strong>tremoribus</strong></span> <span class='ocrx_word' id='word_1_97' title='bbox 1984 1385 2121 1458; x_wconf 90' lang='lat' dir='ltr'><strong>soli,</strong></span> <span class='ocrx_word' id='word_1_98' title='bbox 2176 1403 2248 1440; x_wconf 86' lang='lat' dir='ltr'><strong>ex</strong></span> <span class='ocrx_word' id='word_1_99' title='bbox 2290 1381 2520 1457; x_wconf 83' lang='lat' dir='ltr'><strong>ignibus</strong></span> <span class='ocrx_word' id='word_1_100' title='bbox 2563 1377 2857 1433; x_wconf 82' lang='lat' dir='ltr'><strong>subterra-</strong></span> 
     </span>
     <span class='ocr_line' id='line_1_14' title="bbox 606 1465 2855 1561; baseline -0.012 -17"><span class='ocrx_word' id='word_1_101' title='bbox 606 1489 730 1544; x_wconf 89' lang='lat' dir='ltr'><strong>neis</strong></span> <span class='ocrx_word' id='word_1_102' title='bbox 749 1531 764 1558; x_wconf 90' lang='lat'>‚</span> <span class='ocrx_word' id='word_1_103' title='bbox 825 1499 1145 1561; x_wconf 89' lang='lat' dir='ltr'><strong>eorumque</strong></span> <span class='ocrx_word' id='word_1_104' title='bbox 1191 1479 1491 1555; x_wconf 75' lang='lat' dir='ltr'><strong>eruptione</strong></span> <span class='ocrx_word' id='word_1_105' title='bbox 1510 1521 1525 1547; x_wconf 91' lang='lat'><strong>‚</strong></span> <span class='ocrx_word' id='word_1_106' title='bbox 1584 1493 1660 1530; x_wconf 80' lang='lat' dir='ltr'><strong>ex</strong></span> <span class='ocrx_word' id='word_1_107' title='bbox 1714 1490 1997 1553; x_wconf 86' lang='lat' dir='ltr'><strong>aquarum</strong></span> <span class='ocrx_word' id='word_1_108' title='bbox 2056 1469 2415 1546; x_wconf 79' lang='lat' dir='ltr'><strong>stagnatione</strong></span> <span class='ocrx_word' id='word_1_109' title='bbox 2464 1465 2855 1542; x_wconf 64' lang='lat' dir='ltr'><strong>Silvanumque</strong></span> 
     </span>
     <span class='ocr_line' id='line_1_15' title="bbox 605 1545 2855 1644; baseline -0.012 -16"><span class='ocrx_word' id='word_1_110' title='bbox 605 1573 849 1628; x_wconf 79' lang='lat' dir='ltr'><strong>vastitie.</strong></span> <span class='ocrx_word' id='word_1_111' title='bbox 934 1570 1436 1644; x_wconf 84' lang='lat' dir='ltr'><strong>Necyomanteum</strong></span> <span class='ocrx_word' id='word_1_112' title='bbox 1477 1561 1926 1618; x_wconf 70' lang='lat' dir='ltr'><strong>Cimmerios-um</strong></span> <span class='ocrx_word' id='word_1_113' title='bbox 1971 1566 2092 1612; x_wconf 85' lang='lat' dir='ltr'><strong>erat</strong></span> <span class='ocrx_word' id='word_1_114' title='bbox 2146 1557 2209 1610; x_wconf 88' lang='lat' dir='ltr'><strong>in</strong></span> <span class='ocrx_word' id='word_1_115' title='bbox 2266 1551 2477 1608; x_wconf 78' lang='lat' dir='ltr'><strong>finibus</strong></span> <span class='ocrx_word' id='word_1_116' title='bbox 2534 1545 2855 1625; x_wconf 82' lang='lat' dir='ltr'><strong>anthropo-</strong></span> 
     </span>
     <span class='ocr_line' id='line_1_16' title="bbox 607 1635 2857 1733; baseline -0.012 -21"><span class='ocrx_word' id='word_1_117' title='bbox 607 1654 934 1733; x_wconf 86' lang='lat' dir='ltr'><strong>phagorum</strong></span> <span class='ocrx_word' id='word_1_118' title='bbox 960 1654 1458 1728; x_wconf 77' lang='lat' dir='ltr'><strong>Laestrygonum3</strong></span> <span class='ocrx_word' id='word_1_119' title='bbox 1502 1664 1663 1703; x_wconf 87' lang='lat' dir='ltr'><strong>sacra</strong></span> <span class='ocrx_word' id='word_1_120' title='bbox 1692 1643 1947 1700; x_wconf 88' lang='lat' dir='ltr'><strong>humana</strong></span> <span class='ocrx_word' id='word_1_121' title='bbox 1974 1645 2036 1698; x_wconf 83' lang='lat' dir='ltr'><strong>in</strong></span> <span class='ocrx_word' id='word_1_122' title='bbox 2068 1642 2206 1697; x_wconf 85' lang='lat' dir='ltr'><strong>locis</strong></span> <span class='ocrx_word' id='word_1_123' title='bbox 2237 1636 2311 1696; x_wconf 88' lang='lat' dir='ltr'><strong>ad</strong></span> <span class='ocrx_word' id='word_1_124' title='bbox 2338 1635 2603 1696; x_wconf 81' lang='lat' dir='ltr'><strong>Tiberim</strong></span> <span class='ocrx_word' id='word_1_125' title='bbox 2622 1678 2638 1705; x_wconf 91' lang='lat'>‚</span> <span class='ocrx_word' id='word_1_126' title='bbox 2672 1635 2857 1690; x_wconf 82' lang='lat' dir='ltr'><strong>Fauni</strong></span> 
     </span>
     <span class='ocr_line' id='line_1_17' title="bbox 612 1721 2859 1806; baseline -0.011 -9"><span class='ocrx_word' id='word_1_127' title='bbox 612 1740 843 1797; x_wconf 88' lang='lat' dir='ltr'><strong>oracula</strong></span> <span class='ocrx_word' id='word_1_128' title='bbox 869 1738 1238 1794; x_wconf 76' lang='lat' dir='ltr'><strong>incubatione</strong></span> <span class='ocrx_word' id='word_1_129' title='bbox 1265 1735 1326 1790; x_wconf 88' lang='lat' dir='ltr'><strong>in</strong></span> <span class='ocrx_word' id='word_1_130' title='bbox 1355 1733 1727 1790; x_wconf 68' lang='lat' dir='ltr'><strong>victimat-mn</strong></span> <span class='ocrx_word' id='word_1_131' title='bbox 1762 1747 2063 1786; x_wconf 82' lang='lat' dir='ltr'><strong>caesarum</strong></span> <span class='ocrx_word' id='word_1_132' title='bbox 2101 1725 2345 1806; x_wconf 88' lang='lat' dir='ltr'><strong>pellibus</strong></span> <span class='ocrx_word' id='word_1_133' title='bbox 2386 1731 2645 1800; x_wconf 81' lang='lat' dir='ltr'><strong>accepta.</strong></span> <span class='ocrx_word' id='word_1_134' title='bbox 2736 1721 2859 1776; x_wconf 82' lang='lat' dir='ltr'><strong>Ha-</strong></span> 
     </span>
     <span class='ocr_line' id='line_1_18' title="bbox 613 1811 2860 1884; baseline -0.01 -4"><span class='ocrx_word' id='word_1_135' title='bbox 613 1824 828 1882; x_wconf 88' lang='lat' dir='ltr'><strong>bebant</strong></span> <span class='ocrx_word' id='word_1_136' title='bbox 854 1821 1035 1878; x_wconf 88' lang='lat' dir='ltr'><strong>iidem</strong></span> <span class='ocrx_word' id='word_1_137' title='bbox 1061 1817 1281 1877; x_wconf 84' lang='lat' dir='ltr'><strong>fabulas</strong></span> <span class='ocrx_word' id='word_1_138' title='bbox 1311 1830 1367 1875; x_wconf 91' lang='lat' dir='ltr'><strong>et</strong></span> <span class='ocrx_word' id='word_1_139' title='bbox 1393 1819 1745 1874; x_wconf 79' lang='lat' dir='ltr'><strong>narrationes</strong></span> <span class='ocrx_word' id='word_1_140' title='bbox 1772 1833 1901 1872; x_wconf 87' lang='lat' dir='ltr'><strong>suas</strong></span> <span class='ocrx_word' id='word_1_141' title='bbox 1946 1831 1979 1869; x_wconf 87' lang='lat' dir='ltr'><strong>a</strong></span> <span class='ocrx_word' id='word_1_142' title='bbox 2022 1811 2335 1869; x_wconf 88' lang='lat' dir='ltr'><strong>maioribus</strong></span> <span class='ocrx_word' id='word_1_143' title='bbox 2380 1817 2642 1884; x_wconf 84' lang='lat' dir='ltr'><strong>acceptas</strong></span> <span class='ocrx_word' id='word_1_144' title='bbox 2692 1823 2860 1882; x_wconf 79' lang='lat' dir='ltr'><strong>super</strong></span> 
     </span>
     <span class='ocr_line' id='line_1_19' title="bbox 615 1891 2861 1986; baseline -0.009 -21"><span class='ocrx_word' id='word_1_145' title='bbox 615 1911 836 1986; x_wconf 82' lang='lat' dir='ltr'><strong>origine</strong></span> <span class='ocrx_word' id='word_1_146' title='bbox 865 1925 966 1963; x_wconf 89' lang='lat' dir='ltr'><strong>sua</strong></span> <span class='ocrx_word' id='word_1_147' title='bbox 997 1926 1064 1962; x_wconf 89' lang='lat' dir='ltr'><strong>ac</strong></span> <span class='ocrx_word' id='word_1_148' title='bbox 1091 1907 1280 1983; x_wconf 87' lang='lat' dir='ltr'><strong>primo</strong></span> <span class='ocrx_word' id='word_1_149' title='bbox 1323 1907 1476 1960; x_wconf 84' lang='lat' dir='ltr'><strong>vitae</strong></span> <span class='ocrx_word' id='word_1_150' title='bbox 1518 1903 1713 1974; x_wconf 86' lang='lat' dir='ltr'><strong>cultu,</strong></span> <span class='ocrx_word' id='word_1_151' title='bbox 1756 1897 2029 1980; x_wconf 81' lang='lat' dir='ltr'><strong>symbolis</strong></span> <span class='ocrx_word' id='word_1_152' title='bbox 2072 1898 2193 1956; x_wconf 81' lang='lat' dir='ltr'><strong>fere</strong></span> <span class='ocrx_word' id='word_1_153' title='bbox 2233 1914 2299 1952; x_wconf 89' lang='lat' dir='ltr'><strong>ac</strong></span> <span class='ocrx_word' id='word_1_154' title='bbox 2344 1891 2679 1972; x_wconf 78' lang='lat' dir='ltr'><strong>symbolicis</strong></span> <span class='ocrx_word' id='word_1_155' title='bbox 2726 1911 2861 1969; x_wconf 71' lang='lat' dir='ltr'><strong>per-</strong></span> 
     </span>
     <span class='ocr_line' id='line_1_20' title="bbox 615 1975 2861 2070; baseline -0.008 -19"><span class='ocrx_word' id='word_1_156' title='bbox 615 1996 768 2052; x_wconf 88' lang='lat' dir='ltr'><strong>sonis</strong></span> <span class='ocrx_word' id='word_1_157' title='bbox 809 2009 1138 2070; x_wconf 87' lang='lat' dir='ltr'><strong>expressas,</strong></span> <span class='ocrx_word' id='word_1_158' title='bbox 1183 1988 1258 2047; x_wconf 89' lang='lat' dir='ltr'><strong>ad</strong></span> <span class='ocrx_word' id='word_1_159' title='bbox 1313 2009 1454 2070; x_wconf 85' lang='lat' dir='ltr'><strong>quas</strong></span> <span class='ocrx_word' id='word_1_160' title='bbox 1510 2005 1725 2066; x_wconf 81' lang='lat' dir='ltr'><strong>magna</strong></span> <span class='ocrx_word' id='word_1_161' title='bbox 1775 2005 1905 2066; x_wconf 86' lang='lat' dir='ltr'><strong>pars</strong></span> <span class='ocrx_word' id='word_1_162' title='bbox 1952 1984 2278 2042; x_wconf 85' lang='lat' dir='ltr'><strong>Italicarum</strong></span> <span class='ocrx_word' id='word_1_163' title='bbox 2321 1979 2653 2036; x_wconf 85' lang='lat' dir='ltr'><strong>fabularum</strong></span> <span class='ocrx_word' id='word_1_164' title='bbox 2698 1975 2861 2040; x_wconf 80' lang='lat' dir='ltr'><strong>redit,</strong></span> 
     </span>
     <span class='ocr_line' id='line_1_21' title="bbox 613 2063 2865 2156; baseline -0.008 -20"><span class='ocrx_word' id='word_1_165' title='bbox 613 2091 742 2136; x_wconf 68' lang='lat' dir='ltr'><strong>trun</strong></span> <span class='ocrx_word' id='word_1_166' title='bbox 769 2096 942 2156; x_wconf 91' lang='lat' dir='ltr'><strong>super</strong></span> <span class='ocrx_word' id='word_1_167' title='bbox 967 2076 1364 2133; x_wconf 82' lang='lat' dir='ltr'><strong>illustrioribus</strong></span> <span class='ocrx_word' id='word_1_168' title='bbox 1405 2075 1627 2153; x_wconf 77' lang='lat' dir='ltr'><strong>aliquot</strong></span> <span class='ocrx_word' id='word_1_169' title='bbox 1662 2074 1795 2130; x_wconf 75' lang='lat' dir='ltr'><strong>viris</strong></span> <span class='ocrx_word' id='word_1_170' title='bbox 1838 2071 1933 2128; x_wconf 73' lang='lat' dir='ltr'><strong>vel</strong></span> <span class='ocrx_word' id='word_1_171' title='bbox 1978 2067 2278 2138; x_wconf 82' lang='lat' dir='ltr'><strong>heroibus,</strong></span> <span class='ocrx_word' id='word_1_172' title='bbox 2322 2075 2381 2122; x_wconf 88' lang='lat' dir='ltr'><strong>et</strong></span> <span class='ocrx_word' id='word_1_173' title='bbox 2418 2063 2716 2120; x_wconf 82' lang='lat' dir='ltr'><strong>nonnullis</strong></span> <span class='ocrx_word' id='word_1_174' title='bbox 2756 2081 2865 2118; x_wconf 80' lang='lat' dir='ltr'><strong>na-</strong></span> 
     </span>
     <span class='ocr_line' id='line_1_22' title="bbox 615 2149 2865 2238; baseline -0.008 -16"><span class='ocrx_word' id='word_1_175' title='bbox 615 2176 778 2222; x_wconf 84' lang='lat' dir='ltr'><strong>turae</strong></span> <span class='ocrx_word' id='word_1_176' title='bbox 807 2165 1024 2220; x_wconf 81' lang='lat' dir='ltr'><strong>eventis</strong></span> <span class='ocrx_word' id='word_1_177' title='bbox 1053 2161 1456 2238; x_wconf 85' lang='lat' dir='ltr'><strong>insignioribus</strong></span> <span class='ocrx_word' id='word_1_178' title='bbox 1473 2157 1634 2231; x_wconf 85' lang='lat' dir='ltr'><strong>,·sed</strong></span> <span class='ocrx_word' id='word_1_179' title='bbox 1657 2158 1925 2217; x_wconf 78' lang='lat' dir='ltr'><strong>fabuloso</strong></span> <span class='ocrx_word' id='word_1_180' title='bbox 1953 2155 2053 2212; x_wconf 89' lang='lat' dir='ltr'><strong>illo</strong></span> <span class='ocrx_word' id='word_1_181' title='bbox 2098 2153 2377 2212; x_wconf 88' lang='lat' dir='ltr'><strong>sermonis</strong></span> <span class='ocrx_word' id='word_1_182' title='bbox 2421 2159 2477 2206; x_wconf 88' lang='lat' dir='ltr'><strong>et</strong></span> <span class='ocrx_word' id='word_1_183' title='bbox 2518 2149 2865 2206; x_wconf 77' lang='lat' dir='ltr'><strong>narrationis</strong></span> 
     </span>
     <span class='ocr_line' id='line_1_23' title="bbox 617 2236 2867 2327; baseline -0.008 -21"><span class='ocrx_word' id='word_1_184' title='bbox 617 2269 830 2327; x_wconf 84' lang='lat' dir='ltr'><strong>genere</strong></span> <span class='ocrx_word' id='word_1_185' title='bbox 876 2248 1092 2326; x_wconf 83' lang='lat' dir='ltr'><strong>exponi</strong></span> <span class='ocrx_word' id='word_1_186' title='bbox 1131 2248 1353 2318; x_wconf 85' lang='lat' dir='ltr'><strong>solitas;</strong></span> <span class='ocrx_word' id='word_1_187' title='bbox 1397 2263 1587 2323; x_wconf 90' lang='lat' dir='ltr'><strong>neque</strong></span> <span class='ocrx_word' id='word_1_188' title='bbox 1629 2254 1933 2321; x_wconf 86' lang='lat' dir='ltr'><strong>poetarum</strong></span> <span class='ocrx_word' id='word_1_189' title='bbox 1972 2242 2251 2318; x_wconf 85' lang='lat' dir='ltr'><strong>ingeniis,</strong></span> <span class='ocrx_word' id='word_1_190' title='bbox 2302 2247 2369 2294; x_wconf 84' lang='lat' dir='ltr'><strong>ut</strong></span> <span class='ocrx_word' id='word_1_191' title='bbox 2414 2239 2565 2292; x_wconf 87' lang='lat' dir='ltr'><strong>inter</strong></span> <span class='ocrx_word' id='word_1_192' title='bbox 2611 2236 2867 2290; x_wconf 77' lang='lat' dir='ltr'><strong>Graecos</strong></span> 
     </span>
     <span class='ocr_line' id='line_1_24' title="bbox 615 2320 2962 2410; baseline -0.007 -19"><span class='ocrx_word' id='word_1_193' title='bbox 615 2337 836 2391; x_wconf 88' lang='lat' dir='ltr'><strong>factum</strong></span> <span class='ocrx_word' id='word_1_194' title='bbox 855 2377 870 2406; x_wconf 93' lang='lat'>‚</span> <span class='ocrx_word' id='word_1_195' title='bbox 917 2331 1196 2410; x_wconf 84' lang='lat' dir='ltr'><strong>expolitas</strong></span> <span class='ocrx_word' id='word_1_196' title='bbox 1239 2341 1296 2387; x_wconf 86' lang='lat' dir='ltr'><strong>et</strong></span> <span class='ocrx_word' id='word_1_197' title='bbox 1336 2339 1598 2403; x_wconf 73' lang='lat' dir='ltr'><strong>ornatast,</strong></span> <span class='ocrx_word' id='word_1_198' title='bbox 1652 2327 1754 2385; x_wconf 89' lang='lat' dir='ltr'><strong>sed</strong></span> <span class='ocrx_word' id='word_1_199' title='bbox 1794 2330 1921 2406; x_wconf 83' lang='lat' dir='ltr'><strong>ipsa</strong></span> <span class='ocrx_word' id='word_1_200' title='bbox 1962 2325 2289 2402; x_wconf 83' lang='lat' dir='ltr'><strong>argumenti</strong></span> <span class='ocrx_word' id='word_1_201' title='bbox 2326 2323 2550 2379; x_wconf 79' lang='lat' dir='ltr'><strong>tristitia</strong></span> <span class='ocrx_word' id='word_1_202' title='bbox 2594 2331 2699 2377; x_wconf 88' lang='lat' dir='ltr'><strong>aut</strong></span> <span class='ocrx_word' id='word_1_203' title='bbox 2740 2320 2869 2376; x_wconf 84' lang='lat' dir='ltr'><strong>foe·</strong></span> <span class='ocrx_word' id='word_1_204' title='bbox 2961 2355 2962 2390; x_wconf 27' lang='lat' dir='ltr'>ff</span> 
     </span>
     <span class='ocr_line' id='line_1_25' title="bbox 623 2403 2867 2490; baseline -0.008 -13"><span class='ocrx_word' id='word_1_205' title='bbox 623 2417 800 2477; x_wconf 82' lang='lat' dir='ltr'><strong>ditate</strong></span> <span class='ocrx_word' id='word_1_206' title='bbox 826 2418 1106 2475; x_wconf 88' lang='lat' dir='ltr'><strong>notabiles</strong></span> <span class='ocrx_word' id='word_1_207' title='bbox 1125 2461 1140 2489; x_wconf 87' lang='lat'>‚</span> <span class='ocrx_word' id='word_1_208' title='bbox 1183 2427 1249 2473; x_wconf 86' lang='lat' dir='ltr'><strong>ut</strong></span> <span class='ocrx_word' id='word_1_209' title='bbox 1279 2414 1352 2472; x_wconf 87' lang='lat' dir='ltr'><strong>de</strong></span> <span class='ocrx_word' id='word_1_210' title='bbox 1393 2415 1547 2471; x_wconf 77' lang='lat' dir='ltr'><strong>Caco</strong></span> <span class='ocrx_word' id='word_1_211' title='bbox 1584 2415 1829 2471; x_wconf 85' lang='lat' dir='ltr'><strong>latrone.</strong></span> <span class='ocrx_word' id='word_1_212' title='bbox 1912 2414 2115 2490; x_wconf 86' lang='lat' dir='ltr'><strong>Itaque</strong></span> <span class='ocrx_word' id='word_1_213' title='bbox 2154 2410 2337 2467; x_wconf 84' lang='lat' dir='ltr'><strong>Italici</strong></span> <span class='ocrx_word' id='word_1_214' title='bbox 2376 2403 2570 2486; x_wconf 87' lang='lat' dir='ltr'><strong>mythi</strong></span> <span class='ocrx_word' id='word_1_215' title='bbox 2608 2407 2797 2482; x_wconf 84' lang='lat' dir='ltr'><strong>longe</strong></span> <span class='ocrx_word' id='word_1_216' title='bbox 2838 2425 2867 2460; x_wconf 81' lang='lat' dir='ltr'><strong>a</strong></span> 
     </span>
     <span class='ocr_line' id='line_1_26' title="bbox 619 2493 2871 2574; baseline -0.007 -11"><span class='ocrx_word' id='word_1_217' title='bbox 619 2507 878 2563; x_wconf 79' lang='lat' dir='ltr'><strong>Graecae</strong></span> <span class='ocrx_word' id='word_1_218' title='bbox 905 2503 1135 2561; x_wconf 82' lang='lat' dir='ltr'><strong>fabulae</strong></span> <span class='ocrx_word' id='word_1_219' title='bbox 1163 2503 1438 2559; x_wconf 80' lang='lat' dir='ltr'><strong>suavitate</strong></span> <span class='ocrx_word' id='word_1_220' title='bbox 1469 2500 1709 2573; x_wconf 84' lang='lat' dir='ltr'><strong>absunt3</strong></span> <span class='ocrx_word' id='word_1_221' title='bbox 1749 2518 1860 2556; x_wconf 89' lang='lat' dir='ltr'><strong>nec</strong></span> <span class='ocrx_word' id='word_1_222' title='bbox 1887 2499 2129 2556; x_wconf 81' lang='lat' dir='ltr'><strong>varietas</strong></span> <span class='ocrx_word' id='word_1_223' title='bbox 2162 2505 2325 2574; x_wconf 84' lang='lat' dir='ltr'><strong>grata</strong></span> <span class='ocrx_word' id='word_1_224' title='bbox 2352 2496 2498 2551; x_wconf 84' lang='lat' dir='ltr'><strong>inest</strong></span> <span class='ocrx_word' id='word_1_225' title='bbox 2518 2536 2535 2563; x_wconf 88' lang='lat'>‚</span> <span class='ocrx_word' id='word_1_226' title='bbox 2593 2501 2653 2549; x_wconf 85' lang='lat' dir='ltr'><strong>et</strong></span> <span class='ocrx_word' id='word_1_227' title='bbox 2680 2493 2871 2549; x_wconf 87' lang='lat' dir='ltr'><strong>maior</strong></span> 
     </span>
     <span class='ocr_line' id='line_1_27' title="bbox 621 2577 2869 2668; baseline -0.007 -19"><span class='ocrx_word' id='word_1_228' title='bbox 621 2593 856 2650; x_wconf 85' lang='lat' dir='ltr'><strong>ornatus</strong></span> <span class='ocrx_word' id='word_1_229' title='bbox 884 2608 1014 2668; x_wconf 86' lang='lat' dir='ltr'><strong>pars</strong></span> <span class='ocrx_word' id='word_1_230' title='bbox 1044 2588 1116 2645; x_wconf 86' lang='lat' dir='ltr'><strong>ab</strong></span> <span class='ocrx_word' id='word_1_231' title='bbox 1145 2590 1352 2667; x_wconf 87' lang='lat' dir='ltr'><strong>ineptis</strong></span> <span class='ocrx_word' id='word_1_232' title='bbox 1381 2587 1693 2644; x_wconf 77' lang='lat' dir='ltr'><strong>verborum</strong></span> <span class='ocrx_word' id='word_1_233' title='bbox 1721 2585 1938 2642; x_wconf 82' lang='lat' dir='ltr'><strong>lusibus</strong></span> <span class='ocrx_word' id='word_1_234' title='bbox 1968 2594 2067 2641; x_wconf 83' lang='lat' dir='ltr'><strong>aut</strong></span> <span class='ocrx_word' id='word_1_235' title='bbox 2094 2584 2299 2641; x_wconf 80' lang='lat' dir='ltr'><strong>veteris</strong></span> <span class='ocrx_word' id='word_1_236' title='bbox 2330 2580 2611 2637; x_wconf 80' lang='lat' dir='ltr'><strong>sermonis</strong></span> <span class='ocrx_word' id='word_1_237' title='bbox 2646 2577 2735 2634; x_wconf 80' lang='lat' dir='ltr'><strong>&#39;ad</strong></span> <span class='ocrx_word' id='word_1_238' title='bbox 2776 2598 2869 2634; x_wconf 87' lang='lat' dir='ltr'><strong>re-</strong></span> 
     </span>
     <span class='ocr_line' id='line_1_28' title="bbox 621 2665 2874 2751; baseline -0.007 -17"><span class='ocrx_word' id='word_1_239' title='bbox 621 2678 880 2735; x_wconf 87' lang='lat' dir='ltr'><strong>centiora</strong></span> <span class='ocrx_word' id='word_1_240' title='bbox 908 2676 1083 2731; x_wconf 83' lang='lat' dir='ltr'><strong>verba</strong></span> <span class='ocrx_word' id='word_1_241' title='bbox 1111 2674 1584 2751; x_wconf 83' lang='lat' dir='ltr'><strong>interpretatione</strong></span> <span class='ocrx_word' id='word_1_242' title='bbox 1610 2673 1705 2728; x_wconf 83' lang='lat' dir='ltr'><strong>vel</strong></span> <span class='ocrx_word' id='word_1_243' title='bbox 1736 2670 2051 2728; x_wconf 78' lang='lat' dir='ltr'><strong>inflexione</strong></span> <span class='ocrx_word' id='word_1_244' title='bbox 2094 2666 2298 2726; x_wconf 83' lang='lat' dir='ltr'><strong>ducta:</strong></span> <span class='ocrx_word' id='word_1_245' title='bbox 2363 2666 2513 2722; x_wconf 86' lang='lat' dir='ltr'><strong>Cum</strong></span> <span class='ocrx_word' id='word_1_246' title='bbox 2558 2665 2727 2720; x_wconf 87' lang='lat' dir='ltr'><strong>enim</strong></span> <span class='ocrx_word' id='word_1_247' title='bbox 2768 2684 2874 2719; x_wconf 72' lang='lat' dir='ltr'><strong>ve—</strong></span> 
     </span>
     <span class='ocr_line' id='line_1_29' title="bbox 617 2750 2962 2841; baseline -0.007 -21"><span class='ocrx_word' id='word_1_248' title='bbox 617 2772 767 2821; x_wconf 86' lang='lat' dir='ltr'><strong>teres</strong></span> <span class='ocrx_word' id='word_1_249' title='bbox 797 2762 935 2819; x_wconf 89' lang='lat' dir='ltr'><strong>ritus</strong></span> <span class='ocrx_word' id='word_1_250' title='bbox 952 2804 968 2834; x_wconf 91' lang='lat'>,</span> <span class='ocrx_word' id='word_1_251' title='bbox 1019 2770 1086 2817; x_wconf 87' lang='lat' dir='ltr'><strong>ut</strong></span> <span class='ocrx_word' id='word_1_252' title='bbox 1113 2758 1216 2832; x_wconf 82' lang='lat' dir='ltr'><strong>fit,</strong></span> <span class='ocrx_word' id='word_1_253' title='bbox 1263 2770 1320 2815; x_wconf 90' lang='lat' dir='ltr'><strong>et</strong></span> <span class='ocrx_word' id='word_1_254' title='bbox 1349 2769 1538 2841; x_wconf 80' lang='lat' dir='ltr'><strong>essent</strong></span> <span class='ocrx_word' id='word_1_255' title='bbox 1566 2756 1883 2817; x_wconf 86' lang='lat' dir='ltr'><strong>admodum</strong></span> <span class='ocrx_word' id='word_1_256' title='bbox 1908 2756 2121 2813; x_wconf 80' lang='lat' dir='ltr'><strong>mutati</strong></span> <span class='ocrx_word' id='word_1_257' title='bbox 2148 2764 2206 2810; x_wconf 89' lang='lat' dir='ltr'><strong>et</strong></span> <span class='ocrx_word' id='word_1_258' title='bbox 2232 2770 2433 2810; x_wconf 80' lang='lat' dir='ltr'><strong>caussa</strong></span> <span class='ocrx_word' id='word_1_259' title='bbox 2460 2768 2669 2807; x_wconf 89' lang='lat' dir='ltr'><strong>eorum</strong></span> <span class='ocrx_word' id='word_1_260' title='bbox 2700 2750 2875 2827; x_wconf 79' lang='lat' dir='ltr'><strong>igno-</strong></span> <span class='ocrx_word' id='word_1_261' title='bbox 2961 2814 2962 2829; x_wconf 12' lang='grc' dir='ltr'>χ</span> 
     </span>
     <span class='ocr_line' id='line_1_30' title="bbox 619 2837 2962 2914; baseline -0.007 -8"><span class='ocrx_word' id='word_1_262' title='bbox 619 2858 866 2906; x_wconf 77' lang='lat' dir='ltr'><strong>rat-etur:</strong></span> <span class='ocrx_word' id='word_1_263' title='bbox 929 2845 1262 2905; x_wconf 79' lang='lat' dir='ltr'><strong>ariolatione</strong></span> <span class='ocrx_word' id='word_1_264' title='bbox 1299 2847 1520 2903; x_wconf 88' lang='lat' dir='ltr'><strong>incerta</strong></span> <span class='ocrx_word' id='word_1_265' title='bbox 1564 2844 1735 2901; x_wconf 87' lang='lat' dir='ltr'><strong>multi</strong></span> <span class='ocrx_word' id='word_1_266' title='bbox 1778 2845 1918 2901; x_wconf 88' lang='lat' dir='ltr'><strong>ritus</strong></span> <span class='ocrx_word' id='word_1_267' title='bbox 1962 2850 2021 2897; x_wconf 87' lang='lat' dir='ltr'><strong>et</strong></span> <span class='ocrx_word' id='word_1_268' title='bbox 2066 2858 2227 2897; x_wconf 83' lang='lat' dir='ltr'><strong>sacra</strong></span> <span class='ocrx_word' id='word_1_269' title='bbox 2267 2838 2633 2914; x_wconf 77' lang='lat' dir='ltr'><strong>interpretari</strong></span> <span class='ocrx_word' id='word_1_270' title='bbox 2680 2837 2875 2892; x_wconf 88' lang='lat' dir='ltr'><strong>conati</strong></span> <span class='ocrx_word' id='word_1_271' title='bbox 2961 2838 2962 2845; x_wconf 76' lang='grc'>’</span> 
     </span>
     <span class='ocr_line' id='line_1_31' title="bbox 619 2920 2879 3005; baseline -0.006 -15"><span class='ocrx_word' id='word_1_272' title='bbox 619 2931 694 2991; x_wconf 84' lang='lat' dir='ltr'><strong>ad</strong></span> <span class='ocrx_word' id='word_1_273' title='bbox 744 2933 1057 2991; x_wconf 82' lang='lat' dir='ltr'><strong>verborum</strong></span> <span class='ocrx_word' id='word_1_274' title='bbox 1113 2931 1310 2988; x_wconf 74' lang='lat' dir='ltr'><strong>lustun</strong></span> <span class='ocrx_word' id='word_1_275' title='bbox 1365 2941 1424 2987; x_wconf 86' lang='lat' dir='ltr'><strong>et</strong></span> <span class='ocrx_word' id='word_1_276' title='bbox 1475 2930 1763 3005; x_wconf 84' lang='lat' dir='ltr'><strong>originem</strong></span> <span class='ocrx_word' id='word_1_277' title='bbox 1820 2927 2207 3003; x_wconf 80' lang='lat' dir='ltr'><strong>confugerunt</strong></span> <span class='ocrx_word' id='word_1_278' title='bbox 2262 2933 2318 2980; x_wconf 87' lang='lat' dir='ltr'><strong>et</strong></span> <span class='ocrx_word' id='word_1_279' title='bbox 2357 2921 2495 2979; x_wconf 82' lang='lat' dir='ltr'><strong>inde.</strong></span> <span class='ocrx_word' id='word_1_280' title='bbox 2536 2920 2879 2979; x_wconf 81' lang='lat' dir='ltr'><strong>fabularum</strong></span> 
     </span>
     <span class='ocr_line' id='line_1_32' title="bbox 619 3006 2881 3091; baseline -0.007 -14"><span class='ocrx_word' id='word_1_281' title='bbox 619 3036 845 3077; x_wconf 78' lang='lat' dir='ltr'><strong>caussas</strong></span> <span class='ocrx_word' id='word_1_282' title='bbox 900 3014 1286 3074; x_wconf 82' lang='lat' dir='ltr'><strong>deduxerunt.</strong></span> <span class='ocrx_word' id='word_1_283' title='bbox 1373 3016 1597 3069; x_wconf 86' lang='lat' dir='ltr'><strong>Passim</strong></span> <span class='ocrx_word' id='word_1_284' title='bbox 1650 3024 1847 3069; x_wconf 84' lang='lat' dir='ltr'><strong>tamen</strong></span> <span class='ocrx_word' id='word_1_285' title='bbox 1910 3012 2297 3067; x_wconf 83' lang='lat' dir='ltr'><strong>Graecanicae</strong></span> <span class='ocrx_word' id='word_1_286' title='bbox 2356 3026 2593 3091; x_wconf 89' lang='lat' dir='ltr'><strong>quoque</strong></span> <span class='ocrx_word' id='word_1_287' title='bbox 2638 3006 2881 3065; x_wconf 76' lang='lat' dir='ltr'><strong>fabulae</strong></span> 
     </span>
     <span class='ocr_line' id='line_1_33' title="bbox 621 3097 1955 3181; baseline -0.007 -21"><span class='ocrx_word' id='word_1_288' title='bbox 621 3118 848 3181; x_wconf 86' lang='lat' dir='ltr'><strong>aspersa</strong></span> <span class='ocrx_word' id='word_1_289' title='bbox 874 3112 1008 3157; x_wconf 79' lang='lat' dir='ltr'><strong>sunt</strong></span> <span class='ocrx_word' id='word_1_290' title='bbox 1035 3100 1274 3176; x_wconf 80' lang='lat' dir='ltr'><strong>vestigia</strong></span> <span class='ocrx_word' id='word_1_291' title='bbox 1303 3097 1515 3177; x_wconf 87' lang='lat' dir='ltr'><strong>aliqua.</strong></span> <span class='ocrx_word' id='word_1_292' title='bbox 1952 3162 1955 3167; x_wconf 21' lang='grc' dir='ltr'>Ι</span> 
     </span>
    </p>

    <p class='ocr_par' dir='ltr' id='par_1_5' title="bbox 562 3172 2962 4545">
     <span class='ocr_line' id='line_1_34' title="bbox 788 3172 2962 3265; baseline -0.003 -25"><span class='ocrx_word' id='word_1_293' title='bbox 788 3186 876 3241; x_wconf 84' lang='lat' dir='ltr'><strong>Ea</strong></span> <span class='ocrx_word' id='word_1_294' title='bbox 907 3182 1179 3265; x_wconf 84' lang='lat' dir='ltr'><strong>quidem,</strong></span> <span class='ocrx_word' id='word_1_295' title='bbox 1222 3201 1371 3265; x_wconf 89' lang='lat' dir='ltr'><strong>quae</strong></span> <span class='ocrx_word' id='word_1_296' title='bbox 1398 3184 1523 3258; x_wconf 82' lang='lat' dir='ltr'><strong>vn,</strong></span> <span class='ocrx_word' id='word_1_297' title='bbox 1569 3182 1807 3265; x_wconf 81' lang='lat' dir='ltr'><strong>45‘8qq·</strong></span> <span class='ocrx_word' id='word_1_298' title='bbox 1850 3184 2105 3261; x_wconf 85' lang='lat' dir='ltr'><strong>exposita</strong></span> <span class='ocrx_word' id='word_1_299' title='bbox 2148 3192 2309 3254; x_wconf 78' lang='lat' dir='ltr'><strong>sum,</strong></span> <span class='ocrx_word' id='word_1_300' title='bbox 2352 3179 2425 3237; x_wconf 87' lang='lat' dir='ltr'><strong>de</strong></span> <span class='ocrx_word' id='word_1_301' title='bbox 2468 3180 2684 3260; x_wconf 88' lang='lat' dir='ltr'><strong>quibus</strong></span> <span class='ocrx_word' id='word_1_302' title='bbox 2728 3180 2881 3235; x_wconf 81' lang='lat' dir='ltr'><strong>Exc.</strong></span> <span class='ocrx_word' id='word_1_303' title='bbox 2961 3172 2962 3175; x_wconf 59' lang='grc'>’</span> 
     </span>
     <span class='ocr_line' id='line_1_35' title="bbox 623 3262 2881 3347; baseline -0.004 -20"><span class='ocrx_word' id='word_1_304' title='bbox 623 3270 675 3327; x_wconf 83' lang='lat' dir='ltr'>V</span> <span class='ocrx_word' id='word_1_305' title='bbox 705 3266 986 3326; x_wconf 81' lang='lat' dir='ltr'><strong>videndus</strong></span> <span class='ocrx_word' id='word_1_306' title='bbox 1006 3312 1021 3341; x_wconf 94' lang='lat'>,</span> <span class='ocrx_word' id='word_1_307' title='bbox 1050 3266 1209 3326; x_wconf 88' lang='lat' dir='ltr'><strong>haud</strong></span> <span class='ocrx_word' id='word_1_308' title='bbox 1239 3268 1412 3327; x_wconf 88' lang='lat' dir='ltr'><strong>dubie</strong></span> <span class='ocrx_word' id='word_1_309' title='bbox 1439 3264 1857 3347; x_wconf 73' lang='lat' dir='ltr'><strong>Aboriginum</strong></span> <span class='ocrx_word' id='word_1_310' title='bbox 1896 3268 1991 3325; x_wconf 82' lang='lat' dir='ltr'><strong>vel</strong></span> <span class='ocrx_word' id='word_1_311' title='bbox 2032 3268 2394 3323; x_wconf 77' lang='lat' dir='ltr'><strong>Latinorum</strong></span> <span class='ocrx_word' id='word_1_312' title='bbox 2436 3262 2701 3323; x_wconf 83' lang='lat' dir='ltr'><strong>habendi</strong></span> <span class='ocrx_word' id='word_1_313' title='bbox 2744 3274 2881 3323; x_wconf 89' lang='lat' dir='ltr'><strong>sunt</strong></span> 
     </span>
     <span class='ocr_line' id='line_1_36' title="bbox 625 3350 2883 3432; baseline 0 -25"><span class='ocrx_word' id='word_1_314' title='bbox 625 3352 816 3429; x_wconf 70' lang='lat' dir='ltr'><strong>mytlu&#39;</strong></span> <span class='ocrx_word' id='word_1_315' title='bbox 828 3392 852 3421; x_wconf 85' lang='lat'><em>,</em></span> <span class='ocrx_word' id='word_1_316' title='bbox 897 3354 998 3432; x_wconf 88' lang='lat' dir='ltr'><strong>qui</strong></span> <span class='ocrx_word' id='word_1_317' title='bbox 1023 3373 1169 3410; x_wconf 86' lang='lat' dir='ltr'><strong>mox</strong></span> <span class='ocrx_word' id='word_1_318' title='bbox 1194 3356 1345 3411; x_wconf 87' lang='lat' dir='ltr'><strong>inter</strong></span> <span class='ocrx_word' id='word_1_319' title='bbox 1370 3355 1626 3413; x_wconf 89' lang='lat' dir='ltr'><strong>Albanos</strong></span> <span class='ocrx_word' id='word_1_320' title='bbox 1654 3356 1890 3425; x_wconf 83' lang='lat' dir='ltr'><strong>servati,</strong></span> <span class='ocrx_word' id='word_1_321' title='bbox 1936 3352 2174 3411; x_wconf 85' lang='lat' dir='ltr'><strong>tandem</strong></span> <span class='ocrx_word' id='word_1_322' title='bbox 2215 3354 2286 3409; x_wconf 88' lang='lat' dir='ltr'><strong>ab</strong></span> <span class='ocrx_word' id='word_1_323' title='bbox 2330 3350 2419 3410; x_wconf 84' lang='lat' dir='ltr'><strong>his</strong></span> <span class='ocrx_word' id='word_1_324' title='bbox 2459 3350 2533 3409; x_wconf 91' lang='lat' dir='ltr'><strong>ad</strong></span> <span class='ocrx_word' id='word_1_325' title='bbox 2570 3352 2883 3409; x_wconf 78' lang='lat' dir='ltr'><strong>Romanos</strong></span> 
     </span>
     <span class='ocr_line' id='line_1_37' title="bbox 624 3436 2885 3517; baseline 0 -24"><span class='ocrx_word' id='word_1_326' title='bbox 624 3449 1032 3517; x_wconf 82' lang='lat' dir='ltr'><strong>pervenerunt.</strong></span> <span class='ocrx_word' id='word_1_327' title='bbox 1112 3441 1353 3495; x_wconf 81' lang='lat' dir='ltr'><strong>Latinus</strong></span> <span class='ocrx_word' id='word_1_328' title='bbox 1382 3459 1416 3496; x_wconf 83' lang='lat' dir='ltr'><strong>a</strong></span> <span class='ocrx_word' id='word_1_329' title='bbox 1445 3442 1645 3497; x_wconf 84' lang='lat' dir='ltr'><strong>Fauno</strong></span> <span class='ocrx_word' id='word_1_330' title='bbox 1676 3452 1833 3499; x_wconf 81' lang='lat' dir='ltr'><strong>ortus</strong></span> <span class='ocrx_word' id='word_1_331' title='bbox 1879 3440 2004 3497; x_wconf 86' lang='lat' dir='ltr'><strong>Pici</strong></span> <span class='ocrx_word' id='word_1_332' title='bbox 2029 3458 2211 3517; x_wconf 86' lang='lat' dir='ltr'><strong>nepos</strong></span> <span class='ocrx_word' id='word_1_333' title='bbox 2240 3449 2299 3495; x_wconf 87' lang='lat' dir='ltr'><strong>et</strong></span> <span class='ocrx_word' id='word_1_334' title='bbox 2329 3438 2566 3497; x_wconf 81' lang='lat' dir='ltr'><strong>Saturni</strong></span> <span class='ocrx_word' id='word_1_335' title='bbox 2612 3436 2885 3515; x_wconf 80' lang='lat' dir='ltr'><strong>abnepos</strong></span> 
     </span>
     <span class='ocr_line' id='line_1_38' title="bbox 626 3520 2883 3605; baseline -0 -26"><span class='ocrx_word' id='word_1_336' title='bbox 626 3520 919 3602; x_wconf 83' lang='lat' dir='ltr'><strong>proditur3</strong></span> <span class='ocrx_word' id='word_1_337' title='bbox 967 3522 1125 3603; x_wconf 84' lang='lat' dir='ltr'><strong>quod</strong></span> <span class='ocrx_word' id='word_1_338' title='bbox 1151 3526 1231 3580; x_wconf 89' lang='lat' dir='ltr'><strong>ita</strong></span> <span class='ocrx_word' id='word_1_339' title='bbox 1257 3521 1732 3601; x_wconf 83' lang='lat' dir='ltr'><strong>intelligendum,</strong></span> <span class='ocrx_word' id='word_1_340' title='bbox 1774 3536 1841 3582; x_wconf 88' lang='lat' dir='ltr'><strong>ut</strong></span> <span class='ocrx_word' id='word_1_341' title='bbox 1857 3526 1993 3581; x_wconf 75' lang='lat' dir='ltr'><strong>‘illos</strong></span> <span class='ocrx_word' id='word_1_342' title='bbox 2021 3527 2172 3581; x_wconf 88' lang='lat' dir='ltr'><strong>inter</strong></span> <span class='ocrx_word' id='word_1_343' title='bbox 2192 3526 2471 3605; x_wconf 63' lang='lat' dir='ltr'><strong>maiorm,</strong></span> <span class='ocrx_word' id='word_1_344' title='bbox 2513 3524 2709 3601; x_wconf 87' lang='lat' dir='ltr'><strong>stirpis</strong></span> <span class='ocrx_word' id='word_1_345' title='bbox 2740 3540 2883 3579; x_wconf 73' lang='lat' dir='ltr'><strong>vero</strong></span> 
     </span>
     <span class='ocr_line' id='line_1_39' title="bbox 627 3605 2887 3673; baseline -0.002 -8"><span class='ocrx_word' id='word_1_346' title='bbox 627 3618 922 3665; x_wconf 87' lang='lat' dir='ltr'><strong>auctorem</strong></span> <span class='ocrx_word' id='word_1_347' title='bbox 951 3609 1222 3664; x_wconf 88' lang='lat' dir='ltr'><strong>ultimum</strong></span> <span class='ocrx_word' id='word_1_348' title='bbox 1251 3609 1570 3666; x_wconf 83' lang='lat' dir='ltr'><strong>Saturnum</strong></span> <span class='ocrx_word' id='word_1_349' title='bbox 1597 3608 1879 3667; x_wconf 85' lang='lat' dir='ltr'><strong>habuerit.</strong></span> <span class='ocrx_word' id='word_1_350' title='bbox 1966 3610 2065 3667; x_wconf 85' lang='lat' dir='ltr'><strong>Sic</strong></span> <span class='ocrx_word' id='word_1_351' title='bbox 2092 3610 2197 3667; x_wconf 81' lang='lat' dir='ltr'><strong>inf.</strong></span> <span class='ocrx_word' id='word_1_352' title='bbox 2228 3612 2353 3673; x_wconf 83' lang='lat'><strong>219</strong></span> <span class='ocrx_word' id='word_1_353' title='bbox 2384 3608 2529 3665; x_wconf 67' lang='lat' dir='ltr'><strong>Iove</strong></span> <span class='ocrx_word' id='word_1_354' title='bbox 2560 3605 2887 3664; x_wconf 76' lang='lat' dir='ltr'><strong>Dardana</strong></span> 
     </span>
     <span class='ocr_line' id='line_1_40' title="bbox 617 3686 2887 3774; baseline -0.001 -25"><span class='ocrx_word' id='word_1_355' title='bbox 617 3690 813 3770; x_wconf 75' lang='lat' dir='ltr'><strong>pubes</strong></span> <span class='ocrx_word' id='word_1_356' title='bbox 879 3692 1121 3749; x_wconf 77' lang='lat' dir='ltr'><strong>Gaudet</strong></span> <span class='ocrx_word' id='word_1_357' title='bbox 1175 3713 1311 3749; x_wconf 75' lang='lat' dir='ltr'><strong>avo,</strong></span> <span class='ocrx_word' id='word_1_358' title='bbox 1402 3686 1791 3773; x_wconf 82' lang='lat' dir='ltr'><strong>Aboriginum</strong></span> <span class='ocrx_word' id='word_1_359' title='bbox 1846 3697 1943 3751; x_wconf 86' lang='lat' dir='ltr'><strong>alii</strong></span> <span class='ocrx_word' id='word_1_360' title='bbox 1985 3692 2175 3774; x_wconf 84' lang='lat' dir='ltr'><strong>mythi</strong></span> <span class='ocrx_word' id='word_1_361' title='bbox 2217 3692 2381 3751; x_wconf 81' lang='lat' dir='ltr'><strong>fuere</strong></span> <span class='ocrx_word' id='word_1_362' title='bbox 2425 3692 2500 3749; x_wconf 91' lang='lat' dir='ltr'><strong>de</strong></span> <span class='ocrx_word' id='word_1_363' title='bbox 2553 3694 2717 3749; x_wconf 78' lang='lat' dir='ltr'><strong>Iano</strong></span> <span class='ocrx_word' id='word_1_364' title='bbox 2738 3736 2763 3762; x_wconf 92' lang='lat'><em>,</em></span> <span class='ocrx_word' id='word_1_365' title='bbox 2812 3692 2887 3749; x_wconf 82' lang='lat' dir='ltr'><strong>de</strong></span> 
     </span>
     <span class='ocr_line' id='line_1_41' title="bbox 639 3776 2889 3859; baseline -0.002 -23"><span class='ocrx_word' id='word_1_366' title='bbox 639 3778 955 3847; x_wconf 73' lang='lat' dir='ltr'><strong>camnis,</strong></span> <span class='ocrx_word' id='word_1_367' title='bbox 1020 3776 1094 3836; x_wconf 88' lang='lat' dir='ltr'><strong>de</strong></span> <span class='ocrx_word' id='word_1_368' title='bbox 1155 3776 1354 3834; x_wconf 79' lang='lat' dir='ltr'><strong>Anna</strong></span> <span class='ocrx_word' id='word_1_369' title='bbox 1410 3780 1728 3849; x_wconf 78' lang='lat' dir='ltr'><strong>Perenna,</strong></span> <span class='ocrx_word' id='word_1_370' title='bbox 1796 3778 1869 3837; x_wconf 88' lang='lat' dir='ltr'><strong>de</strong></span> <span class='ocrx_word' id='word_1_371' title='bbox 1926 3780 2303 3859; x_wconf 71' lang='lat' dir='ltr'><strong>Angerona,</strong></span> <span class='ocrx_word' id='word_1_372' title='bbox 2360 3778 2433 3837; x_wconf 89' lang='lat' dir='ltr'><strong>de</strong></span> <span class='ocrx_word' id='word_1_373' title='bbox 2482 3776 2695 3836; x_wconf 71' lang='lat' dir='ltr'><strong>Chr-na</strong></span> <span class='ocrx_word' id='word_1_374' title='bbox 2724 3820 2745 3847; x_wconf 88' lang='lat'><em>‚</em></span> <span class='ocrx_word' id='word_1_375' title='bbox 2814 3776 2889 3835; x_wconf 83' lang='lat' dir='ltr'><strong>de</strong></span> 
     </span>
     <span class='ocr_line' id='line_1_42' title="bbox 639 3862 2895 3946; baseline -0.001 -26"><span class='ocrx_word' id='word_1_376' title='bbox 639 3862 801 3939; x_wconf 86' lang='lat' dir='ltr'><strong>Ope,</strong></span> <span class='ocrx_word' id='word_1_377' title='bbox 844 3864 1195 3942; x_wconf 82' lang='lat' dir='ltr'><strong>symbolicae</strong></span> <span class='ocrx_word' id='word_1_378' title='bbox 1221 3864 1342 3920; x_wconf 86' lang='lat' dir='ltr'><strong>fere</strong></span> <span class='ocrx_word' id='word_1_379' title='bbox 1369 3875 1637 3938; x_wconf 87' lang='lat' dir='ltr'><strong>naturae,</strong></span> <span class='ocrx_word' id='word_1_380' title='bbox 1694 3862 1795 3923; x_wconf 89' lang='lat' dir='ltr'><strong>sed</strong></span> <span class='ocrx_word' id='word_1_381' title='bbox 1822 3866 2081 3946; x_wconf 83' lang='lat' dir='ltr'><strong>plerique</strong></span> <span class='ocrx_word' id='word_1_382' title='bbox 2112 3863 2465 3922; x_wconf 84' lang='lat' dir='ltr'><strong>obscuriores</strong></span> <span class='ocrx_word' id='word_1_383' title='bbox 2485 3908 2502 3938; x_wconf 86' lang='lat'>‚</span> <span class='ocrx_word' id='word_1_384' title='bbox 2561 3880 2707 3921; x_wconf 82' lang='lat' dir='ltr'><strong>omn</strong></span> <span class='ocrx_word' id='word_1_385' title='bbox 2750 3866 2895 3942; x_wconf 75' lang='lat' dir='ltr'><strong>ipsis</strong></span> 
     </span>
     <span class='ocr_line' id='line_1_43' title="bbox 629 3947 2897 4029; baseline 0 -24"><span class='ocrx_word' id='word_1_386' title='bbox 629 3948 958 4005; x_wconf 87' lang='lat' dir='ltr'><strong>nominibus</strong></span> <span class='ocrx_word' id='word_1_387' title='bbox 978 3992 994 4022; x_wconf 91' lang='lat'>‚</span> <span class='ocrx_word' id='word_1_388' title='bbox 1045 3966 1195 4029; x_wconf 86' lang='lat' dir='ltr'><strong>quae</strong></span> <span class='ocrx_word' id='word_1_389' title='bbox 1233 3947 1388 4029; x_wconf 88' lang='lat' dir='ltr'><strong>apud</strong></span> <span class='ocrx_word' id='word_1_390' title='bbox 1431 3948 1779 4025; x_wconf 88' lang='lat' dir='ltr'><strong>Varronem,</strong></span> <span class='ocrx_word' id='word_1_391' title='bbox 1831 3954 2070 4009; x_wconf 72' lang='lat' dir='ltr'><strong>Festiun</strong></span> <span class='ocrx_word' id='word_1_392' title='bbox 2086 3996 2103 4021; x_wconf 85' lang='lat'>‚</span> <span class='ocrx_word' id='word_1_393' title='bbox 2142 3952 2509 4007; x_wconf 83' lang='lat' dir='ltr'><strong>Macrobium</strong></span> <span class='ocrx_word' id='word_1_394' title='bbox 2526 3993 2543 4021; x_wconf 83' lang='lat'>,</span> <span class='ocrx_word' id='word_1_395' title='bbox 2588 3950 2897 4028; x_wconf 79' lang='lat' dir='ltr'><strong>Augusti-</strong></span> 
     </span>
     <span class='ocr_line' id='line_1_44' title="bbox 627 4034 2899 4114; baseline 0.001 -24"><span class='ocrx_word' id='word_1_396' title='bbox 627 4052 805 4106; x_wconf 88' lang='lat' dir='ltr'><strong>num‚</strong></span> <span class='ocrx_word' id='word_1_397' title='bbox 844 4034 1172 4091; x_wconf 85' lang='lat' dir='ltr'><strong>Arnobium</strong></span> <span class='ocrx_word' id='word_1_398' title='bbox 1200 4045 1258 4091; x_wconf 88' lang='lat' dir='ltr'><strong>et</strong></span> <span class='ocrx_word' id='word_1_399' title='bbox 1285 4035 1424 4094; x_wconf 86' lang='lat' dir='ltr'><strong>alios</strong></span> <span class='ocrx_word' id='word_1_400' title='bbox 1454 4047 1587 4094; x_wconf 90' lang='lat' dir='ltr'><strong>sunt</strong></span> <span class='ocrx_word' id='word_1_401' title='bbox 1614 4035 1898 4110; x_wconf 81' lang='lat' dir='ltr'><strong>videnda3</strong></span> <span class='ocrx_word' id='word_1_402' title='bbox 1949 4049 2014 4094; x_wconf 91' lang='lat' dir='ltr'><strong>ut</strong></span> <span class='ocrx_word' id='word_1_403' title='bbox 2043 4036 2189 4095; x_wconf 88' lang='lat' dir='ltr'><strong>adeo</strong></span> <span class='ocrx_word' id='word_1_404' title='bbox 2230 4038 2331 4094; x_wconf 86' lang='lat' dir='ltr'><strong>vix</strong></span> <span class='ocrx_word' id='word_1_405' title='bbox 2371 4038 2447 4093; x_wconf 84' lang='lat' dir='ltr'><strong>sit</strong></span> <span class='ocrx_word' id='word_1_406' title='bbox 2485 4054 2705 4113; x_wconf 85' lang='lat' dir='ltr'><strong>operae</strong></span> <span class='ocrx_word' id='word_1_407' title='bbox 2746 4056 2899 4114; x_wconf 89' lang='lat' dir='ltr'><strong>pre—</strong></span> 
     </span>
     <span class='ocr_line' id='line_1_45' title="bbox 631 4119 2899 4201; baseline 0 -25"><span class='ocrx_word' id='word_1_408' title='bbox 631 4120 810 4191; x_wconf 88' lang='lat' dir='ltr'><strong>tium,</strong></span> <span class='ocrx_word' id='word_1_409' title='bbox 859 4120 922 4176; x_wconf 90' lang='lat' dir='ltr'><strong>in</strong></span> <span class='ocrx_word' id='word_1_410' title='bbox 959 4120 1069 4176; x_wconf 83' lang='lat' dir='ltr'><strong>illis</strong></span> <span class='ocrx_word' id='word_1_411' title='bbox 1114 4121 1300 4177; x_wconf 89' lang='lat' dir='ltr'><strong>otium</strong></span> <span class='ocrx_word' id='word_1_412' title='bbox 1335 4125 1706 4184; x_wconf 67' lang='lat' dir='ltr'><strong>consumere}</strong></span> <span class='ocrx_word' id='word_1_413' title='bbox 1767 4119 2057 4201; x_wconf 76' lang='lat' dir='ltr'><strong>inprimis,</strong></span> <span class='ocrx_word' id='word_1_414' title='bbox 2123 4142 2262 4180; x_wconf 88' lang='lat' dir='ltr'><strong>cum</strong></span> <span class='ocrx_word' id='word_1_415' title='bbox 2299 4140 2485 4200; x_wconf 86' lang='lat' dir='ltr'><strong>pauca</strong></span> <span class='ocrx_word' id='word_1_416' title='bbox 2530 4122 2775 4198; x_wconf 80' lang='lat' dir='ltr'><strong>integra</strong></span> <span class='ocrx_word' id='word_1_417' title='bbox 2828 4140 2899 4177; x_wconf 83' lang='lat' dir='ltr'><strong>ac</strong></span> 
     </span>
     <span class='ocr_line' id='line_1_46' title="bbox 562 4204 2899 4287; baseline 0.003 -31"><span class='ocrx_word' id='word_1_418' title='bbox 562 4246 572 4256; x_wconf 88' lang='lat'><strong>.</strong></span> <span class='ocrx_word' id='word_1_419' title='bbox 629 4222 769 4263; x_wconf 89' lang='lat' dir='ltr'><strong>sana</strong></span> <span class='ocrx_word' id='word_1_420' title='bbox 785 4245 803 4279; x_wconf 87' lang='lat'>,</span> <span class='ocrx_word' id='word_1_421' title='bbox 862 4204 1137 4284; x_wconf 86' lang='lat' dir='ltr'><strong>pleraque</strong></span> <span class='ocrx_word' id='word_1_422' title='bbox 1182 4210 1521 4265; x_wconf 86' lang='lat' dir='ltr'><strong>commentis</strong></span> <span class='ocrx_word' id='word_1_423' title='bbox 1568 4217 1626 4264; x_wconf 87' lang='lat' dir='ltr'><strong>et</strong></span> <span class='ocrx_word' id='word_1_424' title='bbox 1674 4209 2195 4287; x_wconf 85' lang='lat' dir='ltr'><strong>interpretamentis</strong></span> <span class='ocrx_word' id='word_1_425' title='bbox 2254 4205 2423 4264; x_wconf 81' lang='lat' dir='ltr'><strong>foede</strong></span> <span class='ocrx_word' id='word_1_426' title='bbox 2479 4209 2899 4265; x_wconf 85' lang='lat' dir='ltr'><strong>contaminata</strong></span> 
     </span>
     <span class='ocr_line' id='line_1_47' title="bbox 591 4288 2901 4375; baseline -0 -27"><span class='ocrx_word' id='word_1_427' title='bbox 591 4362 606 4375; x_wconf 36' lang='grc' dir='ltr'>ι</span> <span class='ocrx_word' id='word_1_428' title='bbox 631 4288 706 4348; x_wconf 82' lang='lat' dir='ltr'><strong>ad</strong></span> <span class='ocrx_word' id='word_1_429' title='bbox 733 4306 839 4346; x_wconf 89' lang='lat' dir='ltr'><strong>nos</strong></span> <span class='ocrx_word' id='word_1_430' title='bbox 866 4292 1251 4367; x_wconf 84' lang='lat' dir='ltr'><strong>pervenerint.</strong></span> <span class='ocrx_word' id='word_1_431' title='bbox 1337 4291 1613 4351; x_wconf 85' lang='lat' dir='ltr'><strong>Certatim</strong></span> <span class='ocrx_word' id='word_1_432' title='bbox 1643 4295 1800 4349; x_wconf 86' lang='lat' dir='ltr'><strong>enim</strong></span> <span class='ocrx_word' id='word_1_433' title='bbox 1820 4294 1915 4358; x_wconf 74' lang='lat' dir='ltr'><strong>,ab</strong></span> <span class='ocrx_word' id='word_1_434' title='bbox 1957 4290 2238 4350; x_wconf 84' lang='lat' dir='ltr'><strong>historicis</strong></span> <span class='ocrx_word' id='word_1_435' title='bbox 2256 4337 2271 4367; x_wconf 91' lang='lat'>‚</span> <span class='ocrx_word' id='word_1_436' title='bbox 2332 4292 2741 4369; x_wconf 82' lang='lat' dir='ltr'><strong>grammaticis</strong></span> <span class='ocrx_word' id='word_1_437' title='bbox 2760 4338 2776 4367; x_wconf 88' lang='lat'><strong>‚</strong></span> <span class='ocrx_word' id='word_1_438' title='bbox 2846 4302 2901 4347; x_wconf 83' lang='lat' dir='ltr'><strong>et</strong></span> 
     </span>
     <span class='ocr_line' id='line_1_48' title="bbox 629 4371 2903 4459; baseline 0 -27"><span class='ocrx_word' id='word_1_439' title='bbox 629 4375 817 4432; x_wconf 88' lang='lat' dir='ltr'><strong>multo</strong></span> <span class='ocrx_word' id='word_1_440' title='bbox 843 4376 1029 4453; x_wconf 84' lang='lat' dir='ltr'><strong>magis</strong></span> <span class='ocrx_word' id='word_1_441' title='bbox 1059 4394 1094 4433; x_wconf 91' lang='lat' dir='ltr'><strong>a</strong></span> <span class='ocrx_word' id='word_1_442' title='bbox 1122 4375 1448 4435; x_wconf 89' lang='lat' dir='ltr'><strong>doctoribus</strong></span> <span class='ocrx_word' id='word_1_443' title='bbox 1471 4371 1804 4436; x_wconf 73' lang='lat' dir='ltr'><strong>Christianis</strong></span> <span class='ocrx_word' id='word_1_444' title='bbox 1848 4378 2227 4435; x_wconf 87' lang='lat' dir='ltr'><strong>allaboratum</strong></span> <span class='ocrx_word' id='word_1_445' title='bbox 2276 4386 2360 4434; x_wconf 88' lang='lat' dir='ltr'><strong>est</strong></span> <span class='ocrx_word' id='word_1_446' title='bbox 2374 4421 2389 4449; x_wconf 87' lang='lat'>‚</span> <span class='ocrx_word' id='word_1_447' title='bbox 2449 4386 2517 4433; x_wconf 83' lang='lat' dir='ltr'><strong>ut</strong></span> <span class='ocrx_word' id='word_1_448' title='bbox 2558 4380 2903 4459; x_wconf 84' lang='lat' dir='ltr'><strong>antiquita-</strong></span> 
     </span>
     <span class='ocr_line' id='line_1_49' title="bbox 630 4460 2907 4545; baseline 0.001 -27"><span class='ocrx_word' id='word_1_449' title='bbox 630 4470 753 4519; x_wconf 82' lang='lat' dir='ltr'><strong>tem</strong></span> <span class='ocrx_word' id='word_1_450' title='bbox 779 4460 1150 4521; x_wconf 85' lang='lat' dir='ltr'><strong>obscurarent</strong></span> <span class='ocrx_word' id='word_1_451' title='bbox 1175 4480 1244 4521; x_wconf 87' lang='lat' dir='ltr'><strong>ac</strong></span> <span class='ocrx_word' id='word_1_452' title='bbox 1269 4462 1510 4524; x_wconf 84' lang='lat' dir='ltr'><strong>tandem</strong></span> <span class='ocrx_word' id='word_1_453' title='bbox 1540 4464 1769 4543; x_wconf 79' lang='lat' dir='ltr'><strong>penitus</strong></span> <span class='ocrx_word' id='word_1_454' title='bbox 1814 4465 2238 4542; x_wconf 75' lang='lat' dir='ltr'><strong>extinguerent.</strong></span> <span class='ocrx_word' id='word_1_455' title='bbox 2324 4464 2476 4520; x_wconf 82' lang='lat' dir='ltr'><strong>Rara</strong></span> <span class='ocrx_word' id='word_1_456' title='bbox 2515 4463 2731 4545; x_wconf 87' lang='lat' dir='ltr'><strong>itaque</strong></span> <span class='ocrx_word' id='word_1_457' title='bbox 2777 4462 2907 4522; x_wconf 84' lang='lat' dir='ltr'><strong>for-</strong></span> 
     </span>
    </p>
   </div>
  </div>
 </body>
</html>
