3009 5050
529 443 576 512 8
1024 431 1108 507 P.
1159 427 1677 508 VIRGILII
1719 423 2265 502 MARONIS
2331 468 2340 476 -

524 619 728 696 Hinc
759 615 1105 693 exaudiri
1139 615 1481 712 gemitus
1510 612 1833 713 iraeque
1865 610 2222 706 leonum,

1532 730 1612 792 et
1686 741 1859 792 sera
1950 715 2099 791 sub
2162 727 2401 790 nocte
2470 711 2773 788 ruden-

526 721 802 802 Vincla
871 731 1384 796 recusantum
1413 777 1434 815 ‚

2676 617 2770 688 15

1688 833 1862 895 tum
1885 853 1905 911 3

531 926 1068 1027 Saetigerique
1101 948 1316 1019 sueS‚
1369 936 1607 1023 atque
1634 923 1715 998 in
1748 921 2263 1024 praesepibus
2282 923 2449 998 ursi

531 1033 844 1108 Saevire
863 1091 884 1126 ‚
939 1055 1025 1104 ac
1063 1026 1372 1104 formae
1401 1049 1881 1123 magnorum
1908 1025 2215 1102 ululare
2246 1024 2667 1126 luporum3

529 1139 752 1232 Quos
830 1132 1260 1208 hominum
1341 1155 1434 1207 ex
1518 1129 1719 1206 facie
1749 1130 1936 1205 -dea
2016 1154 2244 1205 saeva
2310 1129 2773 1230 potentibus

521 1339 902 1420 Induerat
935 1339 1160 1418 Circe
1187 1338 1270 1414 in
1301 1335 1561 1414 voltus
1596 1359 1682 1412 ac
1716 1347 1937 1436 terga
1964 1334 2338 1415 serarum.

525 1448 748 1541 Quae
784 1467 892 1519 ue
916 1456 1274 1520 monstra
1308 1441 1417 1543 pii
1448 1453 1916 1541 paterentur
1950 1440 2131 1516 talia
2167 1445 2423 1518 Troes

664 1651 728 1706 15
804 1653 998 1703 enu'me
1035 1650 1274 1702 leonum:
1339 1649 1452 1702 noli
1489 1650 1811 1704 substituere
1847 1650 1985 1704 velle
2012 1647 2063 1720 s

521 1722 694 1791 poetis
722 1738 782 1773 so
828 1738 989 1773 enne:
1037 1738 1086 1772 v.
1115 1737 1160 1774 c.
1190 1721 1384 1772 Lucan.
1417 1722 1509 1782 VI,
1543 1721 1662 1776 688.
1698 1722 1861 1774 Drak.
1894 1721 1963 1772 ad
2002 1719 2185 1771 Silium
2218 1719 2264 1780 1,
2308 1717 2427 1774 425.

561 1803 746 1842 cneum
799 1809 881 1862 pr.
937 1791 1124 1842 Moret-
1175 1809 1206 1842 a
1271 1807 1340 1841 m.
1393 1808 1500 1842 sec.
1556 1801 1613 1841 et
1672 1792 1845 1859 Bigot.
1902 1789 2103 1840 inscite.

519 1810 562 1914 f
1556 1870 1776 1913 mutant.
1816 1861 1943 1926 (vid.
1973 1861 2038 1914 V.
2068 1859 2125 1909 L.
2154 1857 2223 1910 ad
2248 1859 2341 1919 vl.
2374 1857 2496 1911 901.
2557 1859 2774 1912 Wakef-

555 1860 590 1912 9
625 1873 794 1912 caetra
819 1869 944 1930 post
969 1860 1200 1911 saevire.
1269 1859 1419 1912 Libri
1449 1860 1523 1910 nil

521 1927 820 1996 distinguit:
841 1926 1026 1998 facie,
1062 1929 1170 1980 dea
1209 1942 1253 1979 e.
1274 1947 1333 1998 p.
1357 1928 1569 1996 herbis,
1608 1925 1734 1982 Ind'.
1775 1933 1859 1984 W
1853 1931 1922 1996 ν.)

519 1999 792 2050 Burmann.
850 2008 905 2048 et
949 1997 1232 2065 liuniburg.
1274 2015 1379 2050 sec.
1419 2001 1693 2051 Induerat
1730 1999 1923 2053 vulsus
1960 2001 2126 2051 Circe.

519 2078 684 2136 terga
725 2066 965 2137 vultu-eq.
1033 2067 1204 2120 Etiam
1231 2079 1288 2120 σε
1321 2079 1362 2122 ε.
1379 2065 1438 2139 J:
1473 2069 1713 2122 nonnulli
1740 2069 1881 2122 Pier.

1367 2155 1382 2184 Ι

520 2261 597 2301 ex
627 2241 833 2301 eadem
859 2243 979 2302 vita
995 2287 1013 2317 ‚
1057 2254 1126 2302 ut
1165 2245 1354 2323 posito
1382 2245 1444 2302 in
1470 2265 1605 2303 me-

519 2327 626 2386 diis
655 2327 890 2388 aedibus
918 2331 1051 2390 foco
1079 2332 1228 2409 ignis
1257 2331 1478 2389 lumina
1499 2351 1607 2410 per

515 2424 754 2472 noctem
777 2416 1070 2494 praebeat.
1157 2417 1258 2475 Sic
1285 2438 1344 2475 v.
1393 2439 1444 2475 c.
1491 2415 1604 2475 Od.

515 2519 567 2574 τ,
615 2503 718 2564 68.
763 2499 846 2564 64
892 2511 951 2561 et
991 2501 1146 2560 alibi.
1215 2503 1291 2561 cf.
1351 2505 1604 2581 Goguet.

517 2582 808 2663 (Ortg-ine
847 2586 950 2642 dea
993 2588 1150 2644 Arte
1207 2600 1318 2645 etc.
1377 2590 1455 2647 T.
1501 2592 1603 2661 111,

513 2688 574 2749 p.
613 2672 758 2744 391,
803 2682 862 2729 et
907 2672 986 2730 T.
1017 2674 1062 2747 1,
1103 2693 1164 2751 p.
1193 2672 1372 2750 241).
1470 2675 1609 2730 Urit

513 2754 582 2811 in
609 2752 848 2813 hanina
859 2797 884 2826 ,
927 2768 994 2815 ut
1033 2776 1141 2836 pro
1171 2758 1394 2817 lumine
1423 2770 1603 2833 esset3

378 2908 395 2921 ·
511 2838 596 2897 ita
637 2840 757 2916 εἰς,
799 2860 907 2921 pro
948 2842 1053 2900 ad.
1135 2844 1361 2901 Codrus
1403 2856 1604 2903 autem

513 2926 870 2985 Graecorum
929 2938 988 2985 et
1041 2930 1445 2987 Romanorum
1462 2975 1479 3004 ,
1534 2940 1603 2987 ut

511 3010 528 3027 ⁰
565 3028 632 3067 m
659 3010 736 3069 ad
763 3012 1050 3093 Georgica
1087 3012 1339 3073 vidimus
1379 3016 1480 3074 lib.
1526 3016 1601 3089 Π,

419 3030 657 3169 0³⁶{43,
701 3116 736 3153 e
777 3098 1182 3177 luniperorum
1238 3118 1454 3178 genere
1495 3110 1601 3173 est,

511 3182 690 3237 etium
745 3182 1066 3261 oxycedrus
1113 3182 1298 3243 dicta.
1361 3206 1418 3243 v.
1475 3186 1601 3242 Bo-

513 3263 691 3323 daeus
721 3284 756 3323 a
798 3268 999 3347 Stapel
1043 3266 1118 3326 ad
1163 3268 1467 3349 Theophr.
1522 3272 1600 3328 H.

393 3378 396 3381 ·
510 3350 704 3408 Plant.
733 3352 833 3426 111,
869 3356 966 3425 12,
997 3354 1098 3411 ubi
1125 3356 1328 3412 leones
1361 3376 1601 3437 quoque

510 3436 805 3511 visuntur,
843 3448 902 3493 et
928 3449 1060 3517 post
1089 3440 1230 3497 alios
1275 3441 1494 3499 Celsius
1534 3444 1601 3499 iu

510 3522 810 3581 Hierobot.
852 3524 922 3581 P.
963 3524 1009 3597 1,
1050 3544 1112 3603 p.
1159 3528 1264 3597 77,
1311 3528 1414 3606 qui
1459 3524 1601 3584 dili·-

506 3616 714 3684 genter
742 3614 777 3665 a'
817 3606 991 3667 cedro
1033 3609 1276 3682 Libani,
1323 3630 1474 3691 quae
1522 3630 1599 3670 ex

509 3692 764 3751 abietino
798 3712 1013 3770 genere
1043 3705 1130 3753 est
1143 3738 1161 3768 ‚
1213 3714 1347 3753 eam
1391 3696 1599 3755 distin-

506 3778 668 3855 guit,
707 3781 813 3839 etsi
839 3796 918 3835 ne
943 3781 1026 3839 sic
1057 3779 1298 3861 quidem
1324 3784 1458 3840 satis
1487 3804 1598 3842 ex·-

505 3860 706 3941 pedita
751 3884 842 3922 res
889 3876 992 3925 est.
1079 3866 1345 3943 Sufficit,
1401 3862 1595 3945 θύειν,

506 3940 696 4024 θύον,
727 3946 1008 4021 cedrum,
1041 3972 1164 4011 esse
1193 3954 1368 4011 aliam
1395 3956 1596 4013 orien-

505 4033 686 4091 talem
715 4034 890 4093 aliam
931 4036 1354 4097 occidentalem
1373 4084 1390 4113 ,
1441 4037 1595 4099 hanc

505 4118 748 4199 quidem
789 4119 1182 4202 Theophrasti
1225 4126 1595 4203 appellatam.

501 4204 597 4263 Ex
637 4208 952 4265 Homerico
1004 4210 1134 4267 loco
1181 4229 1416 4311 quoque
1459 4231 1597 4270 ver-

503 4308 598 4348 sus
631 4290 712 4354 14
741 4292 1155 4351 illustrandus:
1217 4294 1378 4356 ἴστον
1427 4292 1597 4357 ἔποι-

501 4372 731 4455 χομὲνη
759 4378 1008 4461 χρυσείῃ
1041 4373 1278 4457 κερκίδ’
1313 4374 1597 4456 ὕφαινεν.

506 4458 662 4517 telae
693 4457 756 4520 h.
783 4462 824 4521 l.
855 4482 961 4541 pro
991 4466 1240 4523 stamine
1267 4466 1360 4524 vel
1389 4475 1595 4541 mnu,

1686 1233 1957 1310 herbis

2674 1343 2774 1416 20

2052 1650 2297 1703 remitae.
2366 1649 2503 1702 Nm
2550 1658 2607 1702 et
2642 1647 2777 1702 illud

2568 1719 2635 1772 16
2670 1738 2775 1770 ru·-

2249 1789 2313 1842 18
2355 1786 2544 1857 forma
2586 1789 2775 1842 Franc.

2059 1929 2131 1982 20
2164 1931 2223 1980 in
2255 1927 2407 1978 abest
2436 1925 2605 1978 tribus
2634 1929 2777 1996 apud

2211 1999 2377 2050 Porro
2418 1997 2676 2048 Montalb.
2712 2001 2777 2050 in

2019 2069 2085 2122 21
2119 2069 2414 2139 paciantur
2445 2066 2622 2136 Bigot.

1690 2265 1872 2328 quam
1910 2246 2131 2304 textrix
2172 2241 2473 2324 ἐποίχεται
2520 2243 2777 2324 κερκίδι,

1687 2335 1971 2411 percurrit
2012 2331 2243 2410 pectine
2259 2374 2277 2404 ‚
2348 2341 2417 2386 ut
2470 2331 2781 2388 subtemen

1688 2421 1919 2476 inserat.
2004 2420 2094 2474 De
2122 2415 2236 2474 hoc
2264 2437 2321 2475 V.
2350 2417 2499 2474 Exc.
2530 2409 2611 2472 1*

1779 2499 2405 2569 15-18.Adm0dmn
2426 2511 2631 2561 ornate
2650 2500 2781 2559 sin·

1689 2590 1825 2667 gula
1844 2634 1861 2663 ,
1891 2592 1941 2649 si
1969 2610 2107 2646 cum
2126 2590 2448 2646 Homericis
2476 2606 2781 2666 compares

1690 2674 1894 2754 Odyss.
1940 2696 2000 2749 κ,
2046 2679 2175 2738 212
2217 2691 2339 2754 seq.
2396 2684 2455 2731 et
2496 2674 2779 2752 Apollon.

1686 2762 1785 2832 IV,
1844 2764 1971 2823 672
2013 2778 2141 2839 sqq.
2195 2759 2447 2837 jbrmae
2492 2758 2783 2835 luporum

1686 2846 1877 2923 simpl.
1922 2864 2030 2923 pro
2074 2845 2257 2922 lupis,
2304 2845 2493 2901 forma
2542 2842 2781 2902 dicendi

1686 2933 1941 3009 poetica,
1972 2948 2152 3010 quam
2176 2932 2299 2987 iam
2326 2930 2462 2989 alibi
2488 2928 2779 3003 vidimus3

1690 3018 2019 3093 (ingentem
2064 3026 2263 3073 tamen
2304 3014 2781 3095 magnitudinem

1684 3102 2001 3159 bestiarum
2026 3098 2141 3159 hoo
2168 3102 2455 3160 vocabulo
2486 3100 2779 3179 designari

1686 3185 1857 3244 docet
1884 3186 2155 3245 Pricaeus
2196 3186 2271 3244 ad
2310 3188 2584 3267 Appulei.
2628 3188 2779 3245 Met.

1684 3273 1725 3330 l.
1756 3272 1852 3329 lv.
1882 3291 2020 3351 pag.
2051 3276 2159 3336 76.
2206 3272 2385 3352 Wr.)
2430 3284 2491 3331 et
2520 3292 2781 3350 praese-

1674 3359 1791 3434 pia
1830 3359 2004 3436 paulo
2046 3368 2181 3415 ante
2226 3378 2332 3437 pro
2376 3362 2583 3418 caveis.
2647 3359 2781 3417 ·Sio

1680 3446 1801 3501 iam
1833 3444 2068 3501 Servius
2106 3446 2403 3522 explicuit.
2490 3444 2783 3519 (Saevire

1684 3527 1759 3586 de
1802 3549 1947 3586 voce
2006 3548 2273 3587 ursorum
2332 3528 2779 3610 accipiendum3

1680 3613 1801 3673 vid.
1846 3616 2041 3673 Sturz.
2088 3614 2164 3671 cle
2223 3613 2483 3673 Vocibus
2526 3618 2783 3673 ambua-

1682 3699 1837 3757 lc‘um
1874 3702 1937 3758 in
1983 3701 2107 3758 eius
2152 3702 2361 3779 Opusc.
2404 3722 2465 3781 p.
2514 3705 2639 3765 168
2680 3720 2779 3783 sq.

1688 3785 1867 3865 lVr.)
1955 3787 2227 3845 Discessit
2284 3798 2483 3845 nutem
2524 3788 2599 3845 ab
2642 3789 2783 3845 Ho-

1676 3890 1845 3929 mero
1862 3916 1877 3945 ‚
1924 3875 2027 3953 qui
2052 3882 2303 3930 mutatas
2330 3870 2435 3931 has
2464 3874 2611 3931 feras
2652 3870 2783 3931 hu-

1678 3976 1921 4014 manam
1976 3956 2492 4017 mansuetudinem
2530 3978 2783 4017 servan-

1680 4052 1767 4102 tes
1796 4041 2143 4101 exhibuerat
2170 4044 2210 4101 1.
2240 4065 2292 4101 c.
2324 4064 2379 4103 v.
2410 4043 2538 4109 214
2567 4064 2695 4125 sqq.

1770 4131 1870 4190 19.
1902 4133 2005 4192 20.
2050 4127 2334 4187 induerat
2358 4132 2427 4186 in
2459 4129 2663 4187 vultus
2692 4150 2783 4187 ac

1682 4222 1851 4291 terga
1871 4254 1893 4283 ‚
1934 4211 1997 4271 h.
2025 4232 2269 4293 corpora
2286 4260 2304 4289 ‚
2348 4214 2639 4295 firarum
2660 4235 2781 4296 pro

1679 4298 1909 4375 vulgari
1924 4342 1939 4372 ,
1984 4298 2255 4358 induerat
2292 4320 2391 4359 eos
2436 4300 2639 4359 fonnis
2676 4302 2785 4359 fe·-

1680 4400 1897 4441 rarum.
1942 4385 2017 4443 cf.
2050 4387 2158 4443 Ge.
2188 4386 2235 4459 1,
2272 4390 2415 4451 187.
2448 4391 2593 4451 188.
2664 4392 2785 4451 21.

1683 4486 1841 4546 quae
1880 4486 1957 4525 ne
1984 4480 2255 4529 mansu-a
2271 4512 2299 4542 ,
2342 4490 2471 4531 rem
2510 4483 2789 4534 momtm
