3009 5050
540 400 693 474 490

1026 394 1107 471 P.
1160 393 1694 474 VIRGILII
1745 395 2298 472 MARONIS

647 586 749 659 At
782 594 1004 682 parte
1045 603 1137 655 ex
1164 580 1344 677 alia,
1386 607 1540 680 qua
1585 606 1758 658 saxa
1787 583 2124 660 rotantia
2155 582 2308 659 late

536 683 949 786 Inpulerat
980 697 1295 760 torrens
1323 685 1798 786 arbustaque
1844 686 2100 762 diruta
2123 687 2336 788 ripis,

538 786 913 882 Arcadas,
965 787 1317 865 insuetos
1342 791 1546 864 acies
1574 787 1872 866 inferre
1904 788 2318 890 pedestria,

540 895 649 972 Ut
676 891 872 968 vidit
894 890 1142 968 Pallas
1168 892 1389 969 Latio
1421 891 1612 969 dare
1649 906 1864 991 terga
1895 895 2254 995 sequaci;

540 1001 839 1095 Aspera
863 995 1039 1096 quis
1073 1009 1351 1072 natura
1378 995 1534 1072 loci
1563 996 1963 1074 dimittere
1992 997 2314 1100 quando

542 1100 801 1176 Suasit
832 1121 1124 1200 equos;
1176 1123 1429 1175 unum
1468 1099 1689 1201 quod
1721 1101 1964 1178 rebus
1996 1115 2236 1176 restat
2271 1099 2567 1198 egeniS,

536 1207 768 1282 Nunc
804 1227 1081 1303 prece,
1142 1227 1357 1278 nunc
1388 1205 1613 1279 dictis
1640 1207 2010 1282 virtutem
2049 1205 2420 1281 adcendit
2467 1202 2790 1280 amaris:

542 1311 725 1401 Quo
766 1303 1066 1404 fugitis,
1106 1307 1350 1384 socii?
1401 1331 1550 1409 per
1577 1333 1717 1384 vos
1749 1322 1830 1384 et
1857 1307 2092 1385 fortia
2125 1307 2350 1403 facta,

538 1412 695 1488 Per
722 1408 940 1486 ducis
968 1409 1315 1486 Euandri
1353 1435 1696 1509 nomen,
1752 1411 2218 1514 devictaque
2249 1409 2483 1506 bella,

2631 1417 2789 1487 370

679 1564 783 1619 363
818 1565 1121 1648 {mpqleraf
1154 1584 1184 1618 e
1216 1567 1409 1620 Medic.
1444 1567 1616 1622 Colot-
1651 1561 1897 1622 Scheffer.
1949 1578 2005 1618 et
2039 1569 2228 1619 Mox-et.
2281 1585 2371 1648 qu.
2407 1563 2662 1617 Heinsius
2695 1581 2786 1614 re-

538 1635 737 1704 posuit.
774 1635 871 1702 (sic
907 1647 1060 1686 etiam
1092 1653 1146 1686 ιιι
1179 1637 1231 1690 2.
1266 1638 1315 1692 3.
1353 1647 1540 1690 exstat.
1585 1641 1728 1704 Wr.)
1797 1637 1962 1690 Addit
1995 1639 2164 1691 Burm.
2199 1636 2457 1701 Ammam,
2504 1651 2788 1704 perperam

538 1713 707 1774 Put⁰3
739 1720 857 1804 nam
894 1711 1071 1786 omne?
1108 1703 1263 1788 Aldd.
1300 1716 1512 1760 tuentur
1545 1708 1690 1792 quod
1723 1707 1879 1776 vulgo
1915 1707 2111 1790 habeut
2143 1707 2300 1760 codd.
2349 1723 2466 1758 cum
2501 1707 2658 1756 Rom.
2693 1705 2785 1754 in·-

536 1773 797 1903 ἷῗὲἅῖέ,
850 1772 1229 1907 15ΐέᾑίᾏῖξὲ
1264 1775 1431 1912 {3¹:3⁸
1460 1776 2782 1916 {332'223-32‘03351.¹¹{22.5‚.2”;2:‘}.‘2¹;?{¹.t:2

537 1911 657 1964 dam
692 1910 849 1962 codd.
884 1913 1094 1964 videtur
1128 1914 1333 1966 Cottius
1365 1915 1654 1981 invenisse,
1690 1918 1760 1970 ad
1795 1917 1986 1968 Lucan.
2009 1917 2100 1980 VI,
2133 1915 2219 1972 35.
2260 1917 2406 1982 Wr.)

2528 1913 2638 1967 364
2669 1919 2780 1964 Ar-

537 1981 704 2033 eadee
738 1981 820 2032 ed.
860 1997 942 2046 pr.
978 1993 1031 2033 et
1053 1985 1122 2036 N.
1158 1983 1378 2047 [ieiunii.
1412 2001 1688 2054 operarum
1712 1987 1850 2040 haud
1877 1985 2036 2038 dubie
2065 1985 2212 2037 vitio.
2249 1985 2563 2055 (pedestres
2593 1981 2782 2032 Medic.

542 2053 625 2104 W
620 2051 689 2117 r.)
806 2049 909 2104 365
954 2055 1206 2122 sequenti
1252 2053 1467 2108 Vntisl.

1583 2055 1687 2110 366
1719 2074 1857 2127 quoe
1889 2055 2023 2107 Gud.
2097 2055 2379 2106 demittere
2407 2052 2616 2122 aliquot
2650 2053 2782 2104 Pier.

538 2129 595 2172 et
629 2121 821 2186 Burin„
855 2137 1161 2189 perperaum
1210 2132 1293 2174 est
1328 2124 1465 2176 enim
1498 2125 1770 2178 dimittere
1803 2143 1916 2177 voe.
1950 2125 2239 2194 proprium.
2307 2125 2629 2174 Burmannus
2667 2121 2782 2172 lau-

537 2189 631 2240 dat
664 2193 807 2272 Suet.
843 2189 990 2242 Caes.
1026 2191 1122 2273 603
1146 2195 1427 2262 „Ancipiti
1466 2196 1684 2262 praelio
1716 2213 1886 2266 equos
1917 2191 2273 2246 dimittebat.“
2343 2193 2618 2312 quandlu
2653 2192 2782 2242 Par-

538 2258 679 2310 rhus.
722 2259 901 2326 (idque
948 2271 1149 2330 recepit
1196 2263 1431 2316 Bothius.
1500 2264 1910 2334 qui—quando
1951 2263 2255 2334 ,defenditur
2289 2263 2421 2313 Nem
2581 2261 2650 2312 cl.
2701 2262 2782 2320 111,

538 2327 653 2382 19·=
703 2365 741 2392 ‚.
760 2347 792 2396 q
806 2346 835 2378 u
854 2328 874 2380 ἰ
926 2347 959 2398 q
974 2348 1005 2380 u
1019 2349 1048 2381 a
1064 2347 1097 2381 n
1111 2331 1143 2382 d
1157 2348 1189 2383 ο
1238 2333 1453 2402 palmite
1515 2337 1681 2402 tigres
1729 2333 1881 2386 Ducis
1894 2354 1910 2397 ς
1923 2337 1956 2364 “

2019 2351 2171 2402 quem
2217 2333 2386 2384 locum
2433 2351 2462 2384 c
2602 2341 2780 2380 nostro

537 2397 765 2449 contulit
798 2399 1032 2452 Raudius
1066 2401 1135 2452 ad
1157 2403 1387 2456 Gronov.
1422 2403 1646 2456 Diatrib.
1683 2403 1808 2458 Vol.
1845 2406 1883 2455 Ι.
1919 2423 1972 2474 p.
2007 2404 2126 2458 286.
2159 2401 2300 2454 laud.
2336 2420 2368 2454 a
2401 2400 2602 2453 lahnio.
2635 2401 2778 2464 th.)

534 2466 639 2522 367
676 2468 822 2538 quod
856 2481 1031 2521 restae
1066 2469 1229 2524 rebus
1260 2493 1309 2528 e.
1342 2473 1449 2527 duo
1486 2472 1671 2527 Hamb.
1745 2471 1930 2542 (rebus
1964 2475 2140 2544 quod,
2174 2472 2248 2524 ita
2281 2471 2413 2523 haee
2445 2470 2626 2541 posita
2669 2487 2781 2520 ma-

534 2537 604 2589 lit
638 2542 846 2592 Santeu.
894 2539 962 2591 ad
1016 2542 1321 2597 Terentiau.

532 2606 637 2661 368
674 2626 725 2659 v.
761 2610 1005 2661 extendit
1040 2610 1277 2667 Parthas.

1548 2618 1696 2681 Ques
1725 2614 1781 2683 f.
1816 2614 1953 2665 Gud.
1986 2631 2016 2664 a
2053 2631 2122 2665 m.
2157 2630 2240 2681 pr.

1366 2547 1610 2669 Μέδᾶηε.
1657 2544 1804 2607 261.;
1864 2544 1969 2596 via.
2011 2545 2079 2596 v.
2129 2544 2188 2595 ι..
2223 2544 2292 2595 aa
2339 2542 2438 2603 xi,
2471 2540 2598 2593 998.
2645 2540 2779 2603 W.)

2375 2611 2481 2666 370
2511 2610 2679 2661 Forte
2715 2612 2780 2660 Ee

534 2676 705 2730 ducis·
776 2680 910 2731 Nam
947 2689 1054 2732 est:
1110 2684 1166 2735 V
1161 2700 1223 2735 os
1248 2702 1446 2755 precor
1480 2696 1536 2736 et
1559 2702 1667 2756 per
1686 2684 1746 2755 f.
1768 2682 1826 2755 s
1869 2696 1925 2735 σε
1963 2702 2069 2754 per
2105 2682 2158 2734 d.
2203 2686 2274 2735 Β.
2323 2698 2536 2733 nomen.
2610 2676 2779 2746 (Nihil

533 2809 657 2857 tera
696 2798 959 2862 dextra
980 2808 1072 2864 e.“
1119 2809 1371 2883 Poterat,
1402 2810 1451 2867 si
1478 2828 1614 2867 vera

532 2896 681 2945 esset
706 2888 804 2947 illa
832 2893 996 2966 ratio,
1012 2890 1149 2951 addi
1176 2896 1281 2965 xl,
1296 2896 1433 2959 56.:
1466 2915 1616 2968 „nee

530 2992 559 3043 s
576 2993 611 3031 ο
628 2974 777 3052 spit
792 2994 825 3032 e
860 2974 1059 3039 ,dit-um
1084 2980 1320 3058 Optabis
1349 2990 1487 3039 nato
1519 2982 1618 3038 fu-

528 3076 647 3203 ¹}ss
668 3064 914 3224 p)ater;“
942 3063 1046 3123 sed
1072 3084 1132 3125 v.
1161 3067 1242 3124 ibi
1266 3068 1403 3125 Not.
1420 3068 1615 3147 Heyn.

628 3164 682 3201 r.

616 3322 763 3385 362.
804 3320 1091 3397 Arcades,
1122 3325 1345 3403 equites
1371 3342 1448 3382 ex
1475 3323 1617 3381 Pal-

528 3405 725 3464 lanteo
770 3404 931 3465 ducti
974 3419 1033 3467 et
1074 3428 1110 3466 a
1151 3410 1415 3469 Pallante
1444 3429 1618 3489 prae-

528 3492 691 3549 missi
722 3486 821 3571 (v.
850 3512 980 3571 sup.
1010 3496 1155 3558 238.
1172 3497 1367 3573 239.)‚
1400 3496 1516 3554 alia
1541 3514 1617 3554 ex

528 3588 695 3655 parte
736 3578 983 3637 Rutulos
1024 3577 1211 3639 adorti
1260 3592 1423 3641 erant
1464 3578 1616 3660 (nee

530 3681 679 3741 opus
708 3673 831 3720 erat
844 3706 862 3737 ,
892 3675 959 3722 ut
987 3675 1157 3743 poeta
1184 3686 1617 3727 commemora-

528 3757 617 3807 ret
634 3790 651 3820 ‚
708 3749 1007 3827 quomodo
1051 3753 1315 3811 Tiberim
1358 3755 1616 3813 traiecis-

528 3832 715 3909 seut)
776 3845 833 3893 et
888 3834 1037 3895 duee
1076 3839 1337 3897 Pallante
1381 3859 1615 3919 pugna·-

533 3918 677 3975 bant
706 3937 773 3976 ea
801 3932 965 3999 parte
992 3923 1214 3999 littoris,
1246 3945 1363 4006 qua
1388 3936 1614 3985 torrens

532 4003 595 4059 in
633 4023 797 4063 mare
842 4010 1095 4083 exieram
1141 4010 1166 4086 (
1190 4030 1311 4069 non
1338 4013 1401 4069 iu
1432 4032 1614 4085 mare,

528 4086 633 4149 sed
670 4092 740 4147 in·
775 4093 1039 4153 Tiberim
1056 4138 1075 4169 ‚
1112 4116 1175 4155 se
1218 4096 1618 4156 effundentem

530 4184 849 4237 torrentem
890 4182 1161 4260 intelligit
1196 4183 1318 4261 ipse
1356 4185 1617 4263 Heynius

538 4262 735 4321 Goett.
776 4263 904 4344 gel.
942 4268 1207 4347 Anzeig.
1268 4268 1448 4335 1804.
1476 4270 1617 4327 fasc.

532 4352 677 4415 168·
702 4370 765 4431 p·
802 4356 983 4417 1670.
1034 4354 1212 4433 IVr.)
1256 4357 1455 4436 itaque
1480 4357 1618 4437 equi

525 4444 589 4501 in
632 4442 853 4503 lubrico
896 4448 957 4497 et
1000 4459 1202 4521 aspero
1246 4442 1369 4503 solo
1422 4444 1616 4503 cousi-—

1699 2818 1849 2867 stere
1876 2828 2000 2867 non
2025 2816 2329 2887 poterant:
2383 2824 2563 2886 quare
2593 2806 2664 2863 iis
2691 2825 2780 2863 re-

1697 2896 1846 2971 liefis
1883 2892 2109 2973 pedites
2138 2892 2508 2972 pugnabant3
2548 2911 2778 2959 verum,

1701 3000 1840 3039 eum
1883 2978 2136 3060 pedestri
2176 2997 2408 3058 pugnae
2449 2996 2664 3057 parum
2691 2997 2778 3035 as-

1699 3068 1849 3125 sueti
1879 3075 2097 3139 essent,
2137 3066 2266 3123 loco
2297 3062 2618 3136 cedebant3
2647 3082 2777 3121 eum

1701 3172 1838 3211 ecee
1893 3152 2084 3209 Pallas
2141 3170 2241 3209 eos
2283 3151 2564 3228 increpat.
2667 3150 2778 3205 Cur

1697 3236 1953 3297 Arcades
2005 3237 2226 3317 equites
2274 3246 2504 3294 tauhun
2547 3232 2779 3293 adducti

1699 3325 1916 3383 fuerint
1935 3368 1952 3394 ,
1993 3342 2165 3401 supra
2195 3320 2552 3400 disputatum
2583 3332 2670 3379 est
2707 3318 2774 3377 ad

1699 3412 1802 3469 lib.
1844 3411 2009 3483 VIII,
2039 3410 2185 3473 518.
2215 3409 2360 3472 519.
2403 3408 2672 3463 minutia
2701 3427 2774 3477 se,

1699 3508 1768 3555 ut
1795 3498 2009 3573 Georg.
2039 3496 2086 3567 Ι,
2103 3488 2240 3558 ‘163
2271 3492 2574 3551 volventia
2601 3503 2660 3551 et
2695 3502 2776 3551 tot

1699 3584 1813 3641 alia
1841 3584 1906 3641 in
1928 3576 2198 3639 Marone.
2257 3579 2404 3643 365.
2433 3580 2638 3653 Latio,
2663 3580 2776 3635 La·-

1699 3670 1832 3727 tinis
1873 3678 1934 3725 et
1971 3667 2220 3725 Rutulis.
2325 3668 2473 3729 366.
2535 3664 2670 3742 quis
2693 3696 2774 3705 —

1696 3752 1944 3833 quando
1971 3752 2168 3833 paullo
2197 3748 2396 3811 durius
2421 3761 2638 3809 structa
2651 3768 2774 3809 ora-

1693 3843 1817 3915 tio;
1891 3834 2370 3921 quandoquidem
2424 3846 2632 3895 natura
2671 3836 2774 3893 loci

1701 3946 1902 4005 aspera
1931 3936 1990 3983 et
2015 3921 2296 4003 impedita
2325 3920 2648 3981 adduxerat
2663 3940 2769 3993 eos,

1701 4023 1768 4071 ut
1811 4012 1973 4092 equis
2015 4006 2446 4069 descenderent.
2529 4004 2670 4089 (vid.
2707 4006 2769 4063 V.

1699 4100 1772 4157 L.
1841 4097 2019 4173 W.)
2135 4098 2280 4159 367.
2333 4092 2514 4152 rebus·
2559 4093 2770 4173 egumia,

1701 4183 1920 4259 dubiis,
1963 4182 2266 4261 egentibus
2291 4181 2549 4253 consilii,
2589 4190 2654 4237 ut
2687 4180 2770 4235 in-

1701 4271 1836 4349 opia
1895 4269 2157 4329 absolute
2213 4286 2320 4346 pro
2387 4267 2586 4345 inopia
2641 4283 2770 4321 eou-

1701 4358 1832 4437 silii.
1933 4356 2032 4415 Sic
2125 4372 2362 4434 quoque
2431 4372 2607 4431 supra
2684 4350 2768 4418 YI,

1702 4445 1805 4518 91,
1861 4453 1920 4501 et
1961 4440 2202 4501 Homeri
2245 4434 2583 4519 ἀμηχανίη,
2641 4437 2772 4495 alio-

2643 903 2798 1008 365
