<?xml version="1.0" encoding="UTF-8"?>
<!DOCTYPE html PUBLIC "-//W3C//DTD XHTML 1.0 Transitional//EN"
    "http://www.w3.org/TR/xhtml1/DTD/xhtml1-transitional.dtd">
<html xmlns="http://www.w3.org/1999/xhtml" xml:lang="en" lang="en">
 <head>
  <title>
</title>
<meta http-equiv="Content-Type" content="text/html;charset=utf-8" />
  <meta name='ocr-system' content='tesseract 3.04.00' />
  <meta name='ocr-capabilities' content='ocr_page ocr_carea ocr_par ocr_line ocrx_word'/>
</head>
<body>
  <div class='ocr_page' id='page_1' title='image "./pvblivsvirgiliv00unkngoog_0449.png"; bbox 0 0 3009 5050; ppageno 0'>
   <div class='ocr_carea' id='block_1_1' title="bbox 567 367 2288 494">
    <p class='ocr_par' dir='ltr' id='par_1_1' title="bbox 567 367 2288 494">
     <span class='ocr_line' id='line_1_1' title="bbox 567 367 2288 494; baseline -0.007 0"><span class='ocrx_word' id='word_1_1' title='bbox 567 422 719 494; x_wconf 86' lang='lat'><strong>480</strong></span> <span class='ocrx_word' id='word_1_2' title='bbox 836 367 839 370; x_wconf 30' lang='lat'><strong><em>⁹</em></strong></span> <span class='ocrx_word' id='word_1_3' title='bbox 1044 415 1127 486; x_wconf 89' lang='lat' dir='ltr'><strong>P.</strong></span> <span class='ocrx_word' id='word_1_4' title='bbox 1180 407 2288 488; x_wconf 78' lang='lat' dir='ltr'><strong>v1RG1L11MARoN1s</strong></span> 
     </span>
    </p>
   </div>
   <div class='ocr_carea' id='block_1_2' title="bbox 460 593 2807 1626">
    <p class='ocr_par' dir='ltr' id='par_1_2' title="bbox 524 593 2637 801">
     <span class='ocr_line' id='line_1_2' title="bbox 524 593 2637 695; baseline -0.002 -17"><span class='ocrx_word' id='word_1_5' title='bbox 524 677 544 692; x_wconf 21' lang='grc' dir='ltr'>ὁ</span> <span class='ocrx_word' id='word_1_6' title='bbox 571 601 734 678; x_wconf 86' lang='lat' dir='ltr'><strong>Sed</strong></span> <span class='ocrx_word' id='word_1_7' title='bbox 760 623 982 676; x_wconf 87' lang='lat' dir='ltr'><strong>mare</strong></span> <span class='ocrx_word' id='word_1_8' title='bbox 1013 595 1505 674; x_wconf 83' lang='lat' dir='ltr'><strong>inoffensum</strong></span> <span class='ocrx_word' id='word_1_9' title='bbox 1543 597 1922 672; x_wconf 82' lang='lat' dir='ltr'><strong>crescenti</strong></span> <span class='ocrx_word' id='word_1_10' title='bbox 1963 593 2352 672; x_wconf 81' lang='lat' dir='ltr'><strong>adlabitur</strong></span> <span class='ocrx_word' id='word_1_11' title='bbox 2379 610 2637 695; x_wconf 86' lang='lat' dir='ltr'><strong>aestu,</strong></span> 
     </span>
     <span class='ocr_line' id='line_1_3' title="bbox 566 701 2454 801; baseline -0.002 -19"><span class='ocrx_word' id='word_1_12' title='bbox 566 705 926 783; x_wconf 79' lang='lat' dir='ltr'><strong>Advertit</strong></span> <span class='ocrx_word' id='word_1_13' title='bbox 953 701 1217 778; x_wconf 86' lang='lat' dir='ltr'><strong>subito</strong></span> <span class='ocrx_word' id='word_1_14' title='bbox 1245 725 1553 801; x_wconf 66' lang='lat' dir='ltr'><strong>prorem,</strong></span> <span class='ocrx_word' id='word_1_15' title='bbox 1605 701 2024 800; x_wconf 86' lang='lat' dir='ltr'><strong>sociosque</strong></span> <span class='ocrx_word' id='word_1_16' title='bbox 2055 713 2454 800; x_wconf 79' lang='lat' dir='ltr'>precatur:</span> 
     </span>
    </p>

    <p class='ocr_par' dir='ltr' id='par_1_3' title="bbox 566 801 2646 904">
     <span class='ocr_line' id='line_1_4' title="bbox 566 801 2646 904; baseline -0.003 -18"><span class='ocrx_word' id='word_1_17' title='bbox 566 813 832 904; x_wconf 85' lang='lat' dir='ltr'><strong>Nunc,</strong></span> <span class='ocrx_word' id='word_1_18' title='bbox 888 831 938 882; x_wconf 95' lang='lat' dir='ltr'><strong>o</strong></span> <span class='ocrx_word' id='word_1_19' title='bbox 972 806 1173 881; x_wconf 84' lang='lat' dir='ltr'><strong>lecta</strong></span> <span class='ocrx_word' id='word_1_20' title='bbox 1202 829 1523 898; x_wconf 66' lang='lat' dir='ltr'><strong>meum,</strong></span> <span class='ocrx_word' id='word_1_21' title='bbox 1571 801 1846 879; x_wconf 84' lang='lat' dir='ltr'><strong>validis</strong></span> <span class='ocrx_word' id='word_1_22' title='bbox 1885 801 2321 879; x_wconf 80' lang='lat' dir='ltr'><strong>incumbite</strong></span> <span class='ocrx_word' id='word_1_23' title='bbox 2350 803 2646 900; x_wconf 80' lang='lat' dir='ltr'><strong>remis3</strong></span> 
     </span>
    </p>

    <p class='ocr_par' dir='ltr' id='par_1_4' title="bbox 460 904 2807 1216">
     <span class='ocr_line' id='line_1_5' title="bbox 460 904 2807 1004; baseline -0.002 -14"><span class='ocrx_word' id='word_1_24' title='bbox 460 981 467 990; x_wconf 91' lang='lat'>.</span> <span class='ocrx_word' id='word_1_25' title='bbox 570 911 900 1004; x_wconf 82' lang='lat' dir='ltr'><strong>Tollite,</strong></span> <span class='ocrx_word' id='word_1_26' title='bbox 953 908 1158 1002; x_wconf 82' lang='lat' dir='ltr'><strong>ferte</strong></span> <span class='ocrx_word' id='word_1_27' title='bbox 1185 921 1435 1000; x_wconf 85' lang='lat' dir='ltr'><strong>rates;</strong></span> <span class='ocrx_word' id='word_1_28' title='bbox 1488 907 1886 982; x_wconf 88' lang='lat' dir='ltr'><strong>inimicam</strong></span> <span class='ocrx_word' id='word_1_29' title='bbox 1918 904 2202 982; x_wconf 83' lang='lat' dir='ltr'><strong>findite</strong></span> <span class='ocrx_word' id='word_1_30' title='bbox 2236 909 2508 982; x_wconf 83' lang='lat' dir='ltr'><strong>rostris</strong></span> <span class='ocrx_word' id='word_1_31' title='bbox 2669 918 2807 988; x_wconf 78' lang='lat'><strong>295</strong></span> 
     </span>
     <span class='ocr_line' id='line_1_6' title="bbox 566 1009 2716 1111; baseline -0.001 -19"><span class='ocrx_word' id='word_1_32' title='bbox 566 1020 789 1092; x_wconf 86' lang='lat' dir='ltr'><strong>Hanc</strong></span> <span class='ocrx_word' id='word_1_33' title='bbox 819 1028 1151 1106; x_wconf 77' lang='lat' dir='ltr'><strong>terram,</strong></span> <span class='ocrx_word' id='word_1_34' title='bbox 1203 1010 1672 1111; x_wconf 88' lang='lat' dir='ltr'><strong>sulcumque</strong></span> <span class='ocrx_word' id='word_1_35' title='bbox 1701 1009 1848 1086; x_wconf 90' lang='lat' dir='ltr'><strong>sibi</strong></span> <span class='ocrx_word' id='word_1_36' title='bbox 1877 1023 2188 1110; x_wconf 85' lang='lat' dir='ltr'><strong>premat</strong></span> <span class='ocrx_word' id='word_1_37' title='bbox 2219 1010 2382 1110; x_wconf 85' lang='lat' dir='ltr'><strong>ipsa</strong></span> <span class='ocrx_word' id='word_1_38' title='bbox 2422 1011 2716 1090; x_wconf 73' lang='lat' dir='ltr'><strong>carina.</strong></span> 
     </span>
     <span class='ocr_line' id='line_1_7' title="bbox 568 1113 2367 1216; baseline -0.004 -20"><span class='ocrx_word' id='word_1_39' title='bbox 568 1123 961 1216; x_wconf 85' lang='lat' dir='ltr'><strong>Frangere</strong></span> <span class='ocrx_word' id='word_1_40' title='bbox 993 1139 1147 1190; x_wconf 91' lang='lat' dir='ltr'><strong>nec</strong></span> <span class='ocrx_word' id='word_1_41' title='bbox 1172 1113 1303 1189; x_wconf 84' lang='lat' dir='ltr'><strong>tali</strong></span> <span class='ocrx_word' id='word_1_42' title='bbox 1331 1115 1666 1216; x_wconf 90' lang='lat' dir='ltr'><strong>puppim</strong></span> <span class='ocrx_word' id='word_1_43' title='bbox 1698 1113 2031 1190; x_wconf 83' lang='lat' dir='ltr'><strong>statione</strong></span> <span class='ocrx_word' id='word_1_44' title='bbox 2059 1123 2367 1210; x_wconf 77' lang='lat' dir='ltr'><strong>recusO,</strong></span> 
     </span>
    </p>

    <p class='ocr_par' dir='ltr' id='par_1_5' title="bbox 564 1217 2804 1626">
     <span class='ocr_line' id='line_1_8' title="bbox 566 1217 2544 1323; baseline -0.005 -22"><span class='ocrx_word' id='word_1_45' title='bbox 566 1222 917 1323; x_wconf 85' lang='lat' dir='ltr'><strong>Adrepta</strong></span> <span class='ocrx_word' id='word_1_46' title='bbox 954 1217 1237 1294; x_wconf 90' lang='lat' dir='ltr'><strong>tellure</strong></span> <span class='ocrx_word' id='word_1_47' title='bbox 1278 1217 1550 1298; x_wconf 88' lang='lat' dir='ltr'><strong>semel.</strong></span> <span class='ocrx_word' id='word_1_48' title='bbox 1658 1219 1880 1312; x_wconf 84' lang='lat' dir='ltr'><strong>Quae</strong></span> <span class='ocrx_word' id='word_1_49' title='bbox 1908 1217 2086 1292; x_wconf 85' lang='lat' dir='ltr'><strong>talia</strong></span> <span class='ocrx_word' id='word_1_50' title='bbox 2120 1229 2544 1318; x_wconf 79' lang='lat' dir='ltr'><strong>postquam</strong></span> 
     </span>
     <span class='ocr_line' id='line_1_9' title="bbox 566 1321 2422 1419; baseline -0.005 -16"><span class='ocrx_word' id='word_1_51' title='bbox 566 1323 871 1404; x_wconf 87' lang='lat' dir='ltr'><strong>Effatus</strong></span> <span class='ocrx_word' id='word_1_52' title='bbox 899 1321 1306 1400; x_wconf 85' lang='lat' dir='ltr'><strong>Tarchon:</strong></span> <span class='ocrx_word' id='word_1_53' title='bbox 1362 1321 1552 1396; x_wconf 89' lang='lat' dir='ltr'><strong>socii</strong></span> <span class='ocrx_word' id='word_1_54' title='bbox 1583 1333 2060 1418; x_wconf 87' lang='lat' dir='ltr'><strong>consurgere</strong></span> <span class='ocrx_word' id='word_1_55' title='bbox 2089 1321 2359 1419; x_wconf 76' lang='lat' dir='ltr'><strong>tonsiS,</strong></span> <span class='ocrx_word' id='word_1_56' title='bbox 2409 1389 2422 1405; x_wconf 83' lang='grc'>,</span> 
     </span>
     <span class='ocr_line' id='line_1_10' title="bbox 571 1421 2804 1530; baseline -0.001 -25"><span class='ocrx_word' id='word_1_57' title='bbox 571 1428 1187 1530; x_wconf 84' lang='lat' dir='ltr'><strong>spumantisque</strong></span> <span class='ocrx_word' id='word_1_58' title='bbox 1218 1438 1423 1500; x_wconf 86' lang='lat' dir='ltr'><strong>rates</strong></span> <span class='ocrx_word' id='word_1_59' title='bbox 1458 1425 1654 1499; x_wconf 85' lang='lat' dir='ltr'><strong>arvis</strong></span> <span class='ocrx_word' id='word_1_60' title='bbox 1687 1421 1983 1500; x_wconf 88' lang='lat' dir='ltr'><strong>inferre</strong></span> <span class='ocrx_word' id='word_1_61' title='bbox 2015 1425 2326 1517; x_wconf 77' lang='lat' dir='ltr'><strong>LatiniS‚</strong></span> <span class='ocrx_word' id='word_1_62' title='bbox 2663 1433 2804 1503; x_wconf 88' lang='grc'><strong>300</strong></span> 
     </span>
     <span class='ocr_line' id='line_1_11' title="bbox 564 1526 2595 1626; baseline -0.003 -17"><span class='ocrx_word' id='word_1_63' title='bbox 564 1537 846 1609; x_wconf 85' lang='lat' dir='ltr'><strong>Donec</strong></span> <span class='ocrx_word' id='word_1_64' title='bbox 878 1541 1132 1605; x_wconf 84' lang='lat' dir='ltr'><strong>rostra</strong></span> <span class='ocrx_word' id='word_1_65' title='bbox 1164 1541 1444 1606; x_wconf 86' lang='lat' dir='ltr'><strong>tenent</strong></span> <span class='ocrx_word' id='word_1_66' title='bbox 1471 1528 1770 1604; x_wconf 89' lang='lat' dir='ltr'><strong>siccum</strong></span> <span class='ocrx_word' id='word_1_67' title='bbox 1792 1587 1814 1626; x_wconf 89' lang='lat'>‚</span> <span class='ocrx_word' id='word_1_68' title='bbox 1864 1541 1944 1604; x_wconf 87' lang='lat' dir='ltr'><strong>et</strong></span> <span class='ocrx_word' id='word_1_69' title='bbox 1971 1526 2255 1606; x_wconf 90' lang='lat' dir='ltr'><strong>sedere</strong></span> <span class='ocrx_word' id='word_1_70' title='bbox 2287 1527 2595 1604; x_wconf 84' lang='lat' dir='ltr'><strong>carinae</strong></span> 
     </span>
    </p>
   </div>
   <div class='ocr_carea' id='block_1_3' title="bbox 671 1671 1229 1749">
    <p class='ocr_par' dir='ltr' id='par_1_6' title="bbox 671 1671 1229 1749">
     <span class='ocr_line' id='line_1_12' title="bbox 671 1671 1229 1749; baseline -0.018 0"><span class='ocrx_word' id='word_1_71' title='bbox 671 1678 841 1749; x_wconf 80' lang='lat'><strong>299.</strong></span> <span class='ocrx_word' id='word_1_72' title='bbox 895 1671 1229 1742; x_wconf 66' lang='lat' dir='ltr'><strong>Tucno</strong></span> 
     </span>
    </p>
   </div>
   <div class='ocr_carea' id='block_1_4' title="bbox 482 1855 2798 3245">
    <p class='ocr_par' dir='ltr' id='par_1_7' title="bbox 482 1855 2798 3245">
     <span class='ocr_line' id='line_1_13' title="bbox 564 1855 2796 1930; baseline -0.002 -18"><span class='ocrx_word' id='word_1_73' title='bbox 564 1857 859 1912; x_wconf 77' lang='lat' dir='ltr'><strong>confirmari</strong></span> <span class='ocrx_word' id='word_1_74' title='bbox 890 1857 1168 1910; x_wconf 80' lang='lat' dir='ltr'><strong>lectionem</strong></span> <span class='ocrx_word' id='word_1_75' title='bbox 1196 1859 1412 1930; x_wconf 72' lang='lat' dir='ltr'><strong>spirant</strong></span> <span class='ocrx_word' id='word_1_76' title='bbox 1444 1874 1542 1926; x_wconf 84' lang='lat' dir='ltr'><strong>per</strong></span> <span class='ocrx_word' id='word_1_77' title='bbox 1573 1875 1653 1922; x_wconf 84' lang='lat' dir='ltr'><strong>ea,</strong></span> <span class='ocrx_word' id='word_1_78' title='bbox 1685 1873 1822 1926; x_wconf 78' lang='lat' dir='ltr'><strong>qnae</strong></span> <span class='ocrx_word' id='word_1_79' title='bbox 1849 1855 2212 1910; x_wconf 82' lang='lat' dir='ltr'><strong>subiiciuntur:</strong></span> <span class='ocrx_word' id='word_1_80' title='bbox 2251 1875 2352 1910; x_wconf 79' lang='lat' dir='ltr'><strong>nee</strong></span> <span class='ocrx_word' id='word_1_81' title='bbox 2365 1855 2566 1928; x_wconf 68' lang='lat' dir='ltr'><strong>stacta</strong></span> <span class='ocrx_word' id='word_1_82' title='bbox 2589 1875 2796 1908; x_wconf 63' lang='lat' dir='ltr'><strong>remut-</strong></span> 
     </span>
     <span class='ocr_line' id='line_1_14' title="bbox 564 1925 2798 1996; baseline -0.002 -16"><span class='ocrx_word' id='word_1_83' title='bbox 564 1939 749 1980; x_wconf 72' lang='lat' dir='ltr'><strong>mumt</strong></span> <span class='ocrx_word' id='word_1_84' title='bbox 783 1927 949 1979; x_wconf 80' lang='lat' dir='ltr'><strong>unda.</strong></span> <span class='ocrx_word' id='word_1_85' title='bbox 1018 1928 1233 1980; x_wconf 82' lang='lat' dir='ltr'><strong>Minime</strong></span> <span class='ocrx_word' id='word_1_86' title='bbox 1266 1937 1435 1979; x_wconf 85' lang='lat' dir='ltr'><strong>autem</strong></span> <span class='ocrx_word' id='word_1_87' title='bbox 1470 1927 1750 1994; x_wconf 73' lang='lat' dir='ltr'><strong>probabile</strong></span> <span class='ocrx_word' id='word_1_88' title='bbox 1787 1938 1902 1994; x_wconf 84' lang='lat' dir='ltr'><strong>est,</strong></span> <span class='ocrx_word' id='word_1_89' title='bbox 1949 1927 2092 1996; x_wconf 83' lang='lat' dir='ltr'><strong>qnod</strong></span> <span class='ocrx_word' id='word_1_90' title='bbox 2136 1925 2341 1978; x_wconf 76' lang='lat' dir='ltr'><strong>Iahnius</strong></span> <span class='ocrx_word' id='word_1_91' title='bbox 2376 1927 2454 1978; x_wconf 85' lang='lat' dir='ltr'><strong>ait</strong></span> <span class='ocrx_word' id='word_1_92' title='bbox 2487 1927 2710 1994; x_wconf 67' lang='lat' dir='ltr'><strong>spiram</strong></span> <span class='ocrx_word' id='word_1_93' title='bbox 2742 1941 2798 1976; x_wconf 78' lang='lat' dir='ltr'><strong>ex</strong></span> 
     </span>
     <span class='ocr_line' id='line_1_15' title="bbox 564 1995 2796 2066; baseline -0.003 -17"><span class='ocrx_word' id='word_1_94' title='bbox 564 1995 1002 2066; x_wconf 70' lang='lat' dir='ltr'><strong>interpretatione</strong></span> <span class='ocrx_word' id='word_1_95' title='bbox 1058 1997 1273 2049; x_wconf 84' lang='lat' dir='ltr'><strong>alterius</strong></span> <span class='ocrx_word' id='word_1_96' title='bbox 1338 1995 1654 2048; x_wconf 73' lang='lat' dir='ltr'><strong>hemistichii</strong></span> <span class='ocrx_word' id='word_1_97' title='bbox 1703 2005 1879 2048; x_wconf 82' lang='lat' dir='ltr'><strong>natum</strong></span> <span class='ocrx_word' id='word_1_98' title='bbox 1927 1996 2110 2048; x_wconf 78' lang='lat' dir='ltr'><strong>videri.</strong></span> <span class='ocrx_word' id='word_1_99' title='bbox 2179 1997 2322 2062; x_wconf 79' lang='lat' dir='ltr'><strong>Wr.)</strong></span> <span class='ocrx_word' id='word_1_100' title='bbox 2401 1997 2530 2048; x_wconf 80' lang='lat' dir='ltr'><strong>Mox</strong></span> <span class='ocrx_word' id='word_1_101' title='bbox 2575 1995 2796 2066; x_wconf 68' lang='lat' dir='ltr'><strong>fracto:</strong></span> 
     </span>
     <span class='ocr_line' id='line_1_16' title="bbox 562 2065 2796 2136; baseline -0.002 -17"><span class='ocrx_word' id='word_1_102' title='bbox 562 2079 747 2120; x_wconf 68' lang='lat' dir='ltr'><strong>strata</strong></span> <span class='ocrx_word' id='word_1_103' title='bbox 779 2082 875 2132; x_wconf 87' lang='lat' dir='ltr'><strong>pro</strong></span> <span class='ocrx_word' id='word_1_104' title='bbox 910 2085 1019 2118; x_wconf 82' lang='lat' dir='ltr'><strong>var.</strong></span> <span class='ocrx_word' id='word_1_105' title='bbox 1052 2066 1177 2118; x_wconf 88' lang='lat' dir='ltr'><strong>lect.</strong></span> <span class='ocrx_word' id='word_1_106' title='bbox 1208 2084 1289 2136; x_wconf 83' lang='lat' dir='ltr'><strong>pr.</strong></span> <span class='ocrx_word' id='word_1_107' title='bbox 1324 2065 1511 2116; x_wconf 77' lang='lat' dir='ltr'><strong>Hamb.</strong></span> <span class='ocrx_word' id='word_1_108' title='bbox 1556 2090 1573 2125; x_wconf 65' lang='grc' dir='ltr'>ς</span> <span class='ocrx_word' id='word_1_109' title='bbox 1647 2067 1752 2120; x_wconf 78' lang='grc'><strong>293</strong></span> <span class='ocrx_word' id='word_1_110' title='bbox 1831 2085 2016 2118; x_wconf 76' lang='lat' dir='ltr'><strong>rotam</strong></span> <span class='ocrx_word' id='word_1_111' title='bbox 2051 2065 2239 2118; x_wconf 82' lang='lat' dir='ltr'><strong>Medic..</strong></span> <span class='ocrx_word' id='word_1_112' title='bbox 2273 2083 2308 2116; x_wconf 87' lang='lat' dir='ltr'><strong>a</strong></span> <span class='ocrx_word' id='word_1_113' title='bbox 2341 2082 2406 2116; x_wconf 83' lang='lat' dir='ltr'><strong>m.</strong></span> <span class='ocrx_word' id='word_1_114' title='bbox 2442 2082 2552 2117; x_wconf 79' lang='lat' dir='ltr'><strong>sec.</strong></span> <span class='ocrx_word' id='word_1_115' title='bbox 2603 2067 2710 2131; x_wconf 72' lang='lat' dir='ltr'><strong>(est</strong></span> <span class='ocrx_word' id='word_1_116' title='bbox 2741 2080 2796 2114; x_wconf 76' lang='lat' dir='ltr'><strong>es</strong></span> 
     </span>
     <span class='ocr_line' id='line_1_17' title="bbox 563 2135 2795 2199; baseline -0.003 -10"><span class='ocrx_word' id='word_1_117' title='bbox 563 2135 727 2189; x_wconf 81' lang='lat' dir='ltr'><strong>altera</strong></span> <span class='ocrx_word' id='word_1_118' title='bbox 762 2135 951 2188; x_wconf 83' lang='lat' dir='ltr'><strong>Medic.</strong></span> <span class='ocrx_word' id='word_1_119' title='bbox 982 2135 1162 2197; x_wconf 85' lang='lat' dir='ltr'><strong>lectio,</strong></span> <span class='ocrx_word' id='word_1_120' title='bbox 1194 2152 1316 2187; x_wconf 82' lang='lat' dir='ltr'><strong>vera</strong></span> <span class='ocrx_word' id='word_1_121' title='bbox 1348 2135 1602 2197; x_wconf 72' lang='lat' dir='ltr'><strong>fortass03</strong></span> <span class='ocrx_word' id='word_1_122' title='bbox 1634 2135 1740 2186; x_wconf 82' lang='lat' dir='ltr'><strong>vid.</strong></span> <span class='ocrx_word' id='word_1_123' title='bbox 1827 2173 1842 2188; x_wconf 91' lang='lat'><strong><em>.</em></strong></span> <span class='ocrx_word' id='word_1_124' title='bbox 1875 2137 1939 2190; x_wconf 85' lang='lat' dir='ltr'><strong>V.</strong></span> <span class='ocrx_word' id='word_1_125' title='bbox 1967 2136 2130 2199; x_wconf 74' lang='lat' dir='ltr'><strong>vult,</strong></span> <span class='ocrx_word' id='word_1_126' title='bbox 2163 2135 2216 2198; x_wconf 83' lang='lat'><strong>3,</strong></span> <span class='ocrx_word' id='word_1_127' title='bbox 2251 2136 2347 2187; x_wconf 77' lang='lat' dir='ltr'><strong>XI.</strong></span> <span class='ocrx_word' id='word_1_128' title='bbox 2385 2142 2440 2185; x_wconf 86' lang='lat' dir='ltr'><strong>et</strong></span> <span class='ocrx_word' id='word_1_129' title='bbox 2473 2135 2544 2186; x_wconf 73' lang='lat' dir='ltr'><strong>ef.</strong></span> <span class='ocrx_word' id='word_1_130' title='bbox 2585 2152 2664 2184; x_wconf 71' lang='grc' dir='ltr'><strong>νο.</strong></span> <span class='ocrx_word' id='word_1_131' title='bbox 2687 2135 2795 2186; x_wconf 79' lang='grc'><strong>297.</strong></span> 
     </span>
     <span class='ocr_line' id='line_1_18' title="bbox 562 2201 2793 2274; baseline -0.004 -14"><span class='ocrx_word' id='word_1_132' title='bbox 562 2206 683 2260; x_wconf 83' lang='grc'><strong>307.</strong></span> <span class='ocrx_word' id='word_1_133' title='bbox 724 2207 803 2258; x_wconf 82' lang='lat' dir='ltr'><em>W</em></span> <span class='ocrx_word' id='word_1_134' title='bbox 802 2205 871 2272; x_wconf 83' lang='lat' dir='ltr'><strong>r.)</strong></span> <span class='ocrx_word' id='word_1_135' title='bbox 1006 2203 1112 2258; x_wconf 78' lang='lat'><strong>294</strong></span> <span class='ocrx_word' id='word_1_136' title='bbox 1146 2205 1313 2257; x_wconf 80' lang='lat' dir='ltr'><strong>Nunc</strong></span> <span class='ocrx_word' id='word_1_137' title='bbox 1340 2206 1514 2256; x_wconf 75' lang='lat' dir='ltr'><strong>electa</strong></span> <span class='ocrx_word' id='word_1_138' title='bbox 1544 2215 1654 2256; x_wconf 81' lang='lat' dir='ltr'><strong>tres</strong></span> <span class='ocrx_word' id='word_1_139' title='bbox 1689 2207 1860 2256; x_wconf 80' lang='lat' dir='ltr'><strong>Burm-</strong></span> <span class='ocrx_word' id='word_1_140' title='bbox 1995 2205 2098 2258; x_wconf 78' lang='lat'><strong>295</strong></span> <span class='ocrx_word' id='word_1_141' title='bbox 2135 2205 2336 2257; x_wconf 70' lang='lat' dir='ltr'><strong>Tollite</strong></span> <span class='ocrx_word' id='word_1_142' title='bbox 2355 2201 2516 2274; x_wconf 71' lang='lat' dir='ltr'><strong>sorte</strong></span> <span class='ocrx_word' id='word_1_143' title='bbox 2549 2201 2793 2257; x_wconf 77' lang='lat' dir='ltr'><strong>Waddel.</strong></span> 
     </span>
     <span class='ocr_line' id='line_1_19' title="bbox 560 2272 2794 2343; baseline -0.002 -16"><span class='ocrx_word' id='word_1_144' title='bbox 560 2274 832 2327; x_wconf 64' lang='lat' dir='ltr'><strong>animadv.</strong></span> <span class='ocrx_word' id='word_1_145' title='bbox 868 2273 981 2327; x_wconf 82' lang='lat' dir='ltr'><strong>crit.</strong></span> <span class='ocrx_word' id='word_1_146' title='bbox 1008 2292 1063 2343; x_wconf 79' lang='lat' dir='ltr'><strong>p.</strong></span> <span class='ocrx_word' id='word_1_147' title='bbox 1098 2275 1185 2341; x_wconf 78' lang='lat'><strong>35,</strong></span> <span class='ocrx_word' id='word_1_148' title='bbox 1221 2291 1513 2343; x_wconf 79' lang='lat' dir='ltr'><strong>perperam.</strong></span> <span class='ocrx_word' id='word_1_149' title='bbox 1593 2273 1650 2326; x_wconf 82' lang='lat' dir='ltr'><strong>si</strong></span> <span class='ocrx_word' id='word_1_150' title='bbox 1683 2274 2014 2328; x_wconf 79' lang='lat' dir='ltr'><strong>coniecturae</strong></span> <span class='ocrx_word' id='word_1_151' title='bbox 2063 2272 2334 2340; x_wconf 82' lang='lat' dir='ltr'><strong>indulgere</strong></span> <span class='ocrx_word' id='word_1_152' title='bbox 2381 2272 2574 2324; x_wconf 83' lang='lat' dir='ltr'><strong>vellem</strong></span> <span class='ocrx_word' id='word_1_153' title='bbox 2591 2311 2608 2336; x_wconf 87' lang='lat'><strong>‚</strong></span> <span class='ocrx_word' id='word_1_154' title='bbox 2657 2272 2794 2324; x_wconf 83' lang='lat' dir='ltr'><strong>diee-</strong></span> 
     </span>
     <span class='ocr_line' id='line_1_20' title="bbox 563 2341 2792 2414; baseline -0.002 -18"><span class='ocrx_word' id='word_1_155' title='bbox 563 2362 674 2396; x_wconf 81' lang='lat' dir='ltr'><strong>rem</strong></span> <span class='ocrx_word' id='word_1_156' title='bbox 708 2361 791 2394; x_wconf 83' lang='lat' dir='ltr'><strong>me</strong></span> <span class='ocrx_word' id='word_1_157' title='bbox 822 2344 1006 2409; x_wconf 79' lang='lat' dir='ltr'><strong>malle,</strong></span> <span class='ocrx_word' id='word_1_158' title='bbox 1050 2345 1247 2396; x_wconf 71' lang='lat' dir='ltr'><strong>Pelliee</strong></span> <span class='ocrx_word' id='word_1_159' title='bbox 1262 2381 1279 2410; x_wconf 81' lang='lat'>‚</span> <span class='ocrx_word' id='word_1_160' title='bbox 1316 2342 1497 2414; x_wconf 74' lang='lat' dir='ltr'><strong>sene,</strong></span> <span class='ocrx_word' id='word_1_161' title='bbox 1551 2355 1730 2406; x_wconf 59' lang='lat' dir='ltr'><strong>roten</strong></span> <span class='ocrx_word' id='word_1_162' title='bbox 1789 2343 1840 2395; x_wconf 87' lang='lat' dir='ltr'><strong>h.</strong></span> <span class='ocrx_word' id='word_1_163' title='bbox 1875 2343 2150 2410; x_wconf 75' lang='lat' dir='ltr'><strong>impellite.</strong></span> <span class='ocrx_word' id='word_1_164' title='bbox 2217 2343 2324 2395; x_wconf 86' lang='lat' dir='ltr'><strong>Sed</strong></span> <span class='ocrx_word' id='word_1_165' title='bbox 2351 2341 2540 2411; x_wconf 80' lang='lat' dir='ltr'><strong>ferre,</strong></span> <span class='ocrx_word' id='word_1_166' title='bbox 2591 2343 2792 2403; x_wconf 67' lang='lat' dir='ltr'><strong>tollere,</strong></span> 
     </span>
     <span class='ocr_line' id='line_1_21' title="bbox 562 2413 2794 2493; baseline -0.003 -26"><span class='ocrx_word' id='word_1_167' title='bbox 562 2414 632 2467; x_wconf 82' lang='lat' dir='ltr'><strong>ad</strong></span> <span class='ocrx_word' id='word_1_168' title='bbox 667 2423 865 2466; x_wconf 86' lang='lat' dir='ltr'><strong>motum</strong></span> <span class='ocrx_word' id='word_1_169' title='bbox 911 2413 1061 2465; x_wconf 80' lang='lat' dir='ltr'><strong>navis</strong></span> <span class='ocrx_word' id='word_1_170' title='bbox 1104 2430 1363 2465; x_wconf 78' lang='lat' dir='ltr'><strong>remorum</strong></span> <span class='ocrx_word' id='word_1_171' title='bbox 1410 2413 1637 2480; x_wconf 82' lang='lat' dir='ltr'><strong>impulsu</strong></span> <span class='ocrx_word' id='word_1_172' title='bbox 1671 2413 1894 2466; x_wconf 60' lang='lat' dir='ltr'><strong>iactatus</strong></span> <span class='ocrx_word' id='word_1_173' title='bbox 1949 2422 2007 2464; x_wconf 83' lang='lat' dir='ltr'><strong>et</strong></span> <span class='ocrx_word' id='word_1_174' title='bbox 2052 2413 2286 2464; x_wconf 79' lang='lat' dir='ltr'><strong>elevatae</strong></span> <span class='ocrx_word' id='word_1_175' title='bbox 2328 2421 2576 2493; x_wconf 81' lang='lat' dir='ltr'><strong>spectare</strong></span> <span class='ocrx_word' id='word_1_176' title='bbox 2609 2421 2794 2480; x_wconf 76' lang='lat' dir='ltr'><strong>potest.</strong></span> 
     </span>
     <span class='ocr_line' id='line_1_22' title="bbox 551 2481 2792 2556; baseline -0.001 -20"><span class='ocrx_word' id='word_1_177' title='bbox 551 2483 781 2556; x_wconf 76' lang='lat' dir='ltr'><strong>fundite</strong></span> <span class='ocrx_word' id='word_1_178' title='bbox 812 2483 945 2537; x_wconf 85' lang='lat' dir='ltr'><strong>Ven.</strong></span> <span class='ocrx_word' id='word_1_179' title='bbox 984 2485 1059 2551; x_wconf 85' lang='lat' dir='ltr'><strong>(et</strong></span> <span class='ocrx_word' id='word_1_180' title='bbox 1090 2487 1235 2537; x_wconf 80' lang='lat' dir='ltr'><strong>Serv.</strong></span> <span class='ocrx_word' id='word_1_181' title='bbox 1266 2483 1451 2539; x_wconf 84' lang='lat' dir='ltr'><strong>Dresd.</strong></span> <span class='ocrx_word' id='word_1_182' title='bbox 1491 2485 1642 2549; x_wconf 78' lang='lat' dir='ltr'><strong>Wr.)</strong></span> <span class='ocrx_word' id='word_1_183' title='bbox 1688 2483 1918 2535; x_wconf 76' lang='lat' dir='ltr'><strong>scindite</strong></span> <span class='ocrx_word' id='word_1_184' title='bbox 1950 2482 2148 2536; x_wconf 85' lang='lat' dir='ltr'><strong>Zulieh.</strong></span> <span class='ocrx_word' id='word_1_185' title='bbox 2199 2482 2438 2535; x_wconf 72' lang='lat' dir='ltr'><strong>Heinsius</strong></span> <span class='ocrx_word' id='word_1_186' title='bbox 2465 2481 2604 2536; x_wconf 85' lang='lat' dir='ltr'><strong>coni.</strong></span> <span class='ocrx_word' id='word_1_187' title='bbox 2629 2482 2792 2552; x_wconf 72' lang='lat' dir='ltr'><strong>figite.</strong></span> 
     </span>
     <span class='ocr_line' id='line_1_23' title="bbox 560 2552 2793 2625; baseline -0.004 -16"><span class='ocrx_word' id='word_1_188' title='bbox 560 2554 665 2609; x_wconf 76' lang='lat'><strong>296</strong></span> <span class='ocrx_word' id='word_1_189' title='bbox 691 2566 903 2625; x_wconf 74' lang='lat' dir='ltr'><strong>premet</strong></span> <span class='ocrx_word' id='word_1_190' title='bbox 950 2572 1033 2623; x_wconf 82' lang='lat' dir='ltr'><strong>pr.</strong></span> <span class='ocrx_word' id='word_1_191' title='bbox 1070 2554 1272 2607; x_wconf 83' lang='lat' dir='ltr'><strong>‘Hamb.</strong></span> <span class='ocrx_word' id='word_1_192' title='bbox 1340 2554 1443 2605; x_wconf 78' lang='lat' dir='ltr'><strong>illa</strong></span> <span class='ocrx_word' id='word_1_193' title='bbox 1475 2572 1522 2606; x_wconf 80' lang='lat' dir='ltr'><strong>e.</strong></span> <span class='ocrx_word' id='word_1_194' title='bbox 1571 2570 1676 2605; x_wconf 78' lang='lat' dir='ltr'><strong>sec·</strong></span> <span class='ocrx_word' id='word_1_195' title='bbox 1725 2553 1912 2605; x_wconf 81' lang='lat' dir='ltr'><strong>Hamb.</strong></span> <span class='ocrx_word' id='word_1_196' title='bbox 1963 2563 2018 2603; x_wconf 85' lang='lat' dir='ltr'><strong>et</strong></span> <span class='ocrx_word' id='word_1_197' title='bbox 2063 2552 2316 2605; x_wconf 82' lang='lat' dir='ltr'><strong>Montalb.</strong></span> <span class='ocrx_word' id='word_1_198' title='bbox 2452 2552 2556 2605; x_wconf 78' lang='lat'><strong>297</strong></span> <span class='ocrx_word' id='word_1_199' title='bbox 2587 2566 2793 2623; x_wconf 78' lang='lat' dir='ltr'><strong>puppes</strong></span> 
     </span>
     <span class='ocr_line' id='line_1_24' title="bbox 562 2621 2790 2692; baseline -0.003 -17"><span class='ocrx_word' id='word_1_200' title='bbox 562 2625 713 2675; x_wconf 81' lang='lat' dir='ltr'><strong>Rom.</strong></span> <span class='ocrx_word' id='word_1_201' title='bbox 747 2622 939 2675; x_wconf 88' lang='lat' dir='ltr'><strong>Medic.</strong></span> <span class='ocrx_word' id='word_1_202' title='bbox 976 2635 1029 2674; x_wconf 85' lang='lat' dir='ltr'><strong>et</strong></span> <span class='ocrx_word' id='word_1_203' title='bbox 1062 2623 1152 2675; x_wconf 87' lang='lat' dir='ltr'><strong>alii</strong></span> <span class='ocrx_word' id='word_1_204' title='bbox 1184 2622 1466 2692; x_wconf 83' lang='lat' dir='ltr'><strong>pervetusti</strong></span> <span class='ocrx_word' id='word_1_205' title='bbox 1498 2622 1757 2675; x_wconf 81' lang='lat' dir='ltr'><strong>Pieriani:</strong></span> <span class='ocrx_word' id='word_1_206' title='bbox 1791 2621 1920 2673; x_wconf 84' lang='lat' dir='ltr'><strong>item</strong></span> <span class='ocrx_word' id='word_1_207' title='bbox 1950 2622 2084 2674; x_wconf 79' lang='lat' dir='ltr'><strong>Gud.</strong></span> <span class='ocrx_word' id='word_1_208' title='bbox 2120 2638 2152 2673; x_wconf 83' lang='lat' dir='ltr'><strong>a</strong></span> <span class='ocrx_word' id='word_1_209' title='bbox 2185 2640 2252 2674; x_wconf 88' lang='lat' dir='ltr'><strong>m.</strong></span> <span class='ocrx_word' id='word_1_210' title='bbox 2287 2639 2368 2691; x_wconf 85' lang='lat' dir='ltr'><strong>pr.</strong></span> <span class='ocrx_word' id='word_1_211' title='bbox 2392 2625 2571 2689; x_wconf 86' lang='lat' dir='ltr'><strong>Sprot.</strong></span> <span class='ocrx_word' id='word_1_212' title='bbox 2606 2623 2790 2671; x_wconf 76' lang='lat' dir='ltr'><strong>Moret-</strong></span> 
     </span>
     <span class='ocr_line' id='line_1_25' title="bbox 560 2690 2792 2773; baseline -0.002 -30"><span class='ocrx_word' id='word_1_213' title='bbox 560 2692 673 2744; x_wconf 84' lang='lat' dir='ltr'><strong>bini</strong></span> <span class='ocrx_word' id='word_1_214' title='bbox 710 2702 764 2743; x_wconf 86' lang='lat' dir='ltr'><strong>et</strong></span> <span class='ocrx_word' id='word_1_215' title='bbox 798 2692 1008 2761; x_wconf 84' lang='lat' dir='ltr'><strong>Regius,</strong></span> <span class='ocrx_word' id='word_1_216' title='bbox 1043 2692 1200 2762; x_wconf 85' lang='lat' dir='ltr'><strong>idque</strong></span> <span class='ocrx_word' id='word_1_217' title='bbox 1236 2693 1487 2743; x_wconf 67' lang='lat' dir='ltr'><strong>Cati-oeus</strong></span> <span class='ocrx_word' id='word_1_218' title='bbox 1521 2702 1784 2761; x_wconf 81' lang='lat' dir='ltr'><strong>sequutus.</strong></span> <span class='ocrx_word' id='word_1_219' title='bbox 1833 2694 2065 2773; x_wconf 78' lang='lat' dir='ltr'><strong>(puppes</strong></span> <span class='ocrx_word' id='word_1_220' title='bbox 2095 2690 2148 2745; x_wconf 83' lang='grc'><strong>3.</strong></span> <span class='ocrx_word' id='word_1_221' title='bbox 2185 2693 2234 2745; x_wconf 89' lang='grc'><strong>8.</strong></span> <span class='ocrx_word' id='word_1_222' title='bbox 2266 2692 2426 2759; x_wconf 84' lang='lat' dir='ltr'><strong>idque</strong></span> <span class='ocrx_word' id='word_1_223' title='bbox 2447 2690 2655 2758; x_wconf 84' lang='lat' dir='ltr'><strong>recepit</strong></span> <span class='ocrx_word' id='word_1_224' title='bbox 2677 2690 2792 2741; x_wconf 82' lang='lat' dir='ltr'><strong>lah—</strong></span> 
     </span>
     <span class='ocr_line' id='line_1_26' title="bbox 561 2759 2791 2831; baseline -0.002 -18"><span class='ocrx_word' id='word_1_225' title='bbox 561 2762 695 2813; x_wconf 84' lang='lat' dir='ltr'><strong>nius.</strong></span> <span class='ocrx_word' id='word_1_226' title='bbox 734 2762 1025 2814; x_wconf 81' lang='lat' dir='ltr'><strong>Mediceum</strong></span> <span class='ocrx_word' id='word_1_227' title='bbox 1060 2764 1123 2815; x_wconf 83' lang='lat' dir='ltr'><strong>ab</strong></span> <span class='ocrx_word' id='word_1_228' title='bbox 1160 2761 1365 2831; x_wconf 83' lang='lat' dir='ltr'><strong>Heynio</strong></span> <span class='ocrx_word' id='word_1_229' title='bbox 1394 2761 1658 2813; x_wconf 79' lang='lat' dir='ltr'><strong>laudatum</strong></span> <span class='ocrx_word' id='word_1_230' title='bbox 1691 2760 1931 2827; x_wconf 75' lang='lat' dir='ltr'><strong>intellige</strong></span> <span class='ocrx_word' id='word_1_231' title='bbox 1965 2777 2111 2825; x_wconf 84' lang='lat' dir='ltr'><strong>eum,</strong></span> <span class='ocrx_word' id='word_1_232' title='bbox 2147 2778 2250 2829; x_wconf 86' lang='lat' dir='ltr'><strong>quo</strong></span> <span class='ocrx_word' id='word_1_233' title='bbox 2289 2759 2486 2812; x_wconf 83' lang='lat' dir='ltr'><strong>Pierius</strong></span> <span class='ocrx_word' id='word_1_234' title='bbox 2534 2771 2620 2811; x_wconf 79' lang='lat' dir='ltr'><strong>est</strong></span> <span class='ocrx_word' id='word_1_235' title='bbox 2652 2776 2791 2818; x_wconf 77' lang='lat' dir='ltr'><strong>nsns3</strong></span> 
     </span>
     <span class='ocr_line' id='line_1_27' title="bbox 558 2830 2792 2902; baseline -0.002 -19"><span class='ocrx_word' id='word_1_236' title='bbox 558 2849 677 2883; x_wconf 85' lang='lat' dir='ltr'><strong>nam</strong></span> <span class='ocrx_word' id='word_1_237' title='bbox 711 2832 1181 2902; x_wconf 81' lang='lat' dir='ltr'><strong>praestantissimus</strong></span> <span class='ocrx_word' id='word_1_238' title='bbox 1216 2831 1307 2882; x_wconf 88' lang='lat' dir='ltr'><strong>ille</strong></span> <span class='ocrx_word' id='word_1_239' title='bbox 1346 2831 1640 2895; x_wconf 82' lang='lat' dir='ltr'><strong>Mediceus,</strong></span> <span class='ocrx_word' id='word_1_240' title='bbox 1687 2848 1838 2899; x_wconf 84' lang='lat' dir='ltr'><strong>quem</strong></span> <span class='ocrx_word' id='word_1_241' title='bbox 1871 2830 2116 2882; x_wconf 79' lang='lat' dir='ltr'><strong>Heinsius</strong></span> <span class='ocrx_word' id='word_1_242' title='bbox 2152 2830 2400 2893; x_wconf 83' lang='lat' dir='ltr'><strong>contulit,</strong></span> <span class='ocrx_word' id='word_1_243' title='bbox 2439 2838 2624 2881; x_wconf 84' lang='lat' dir='ltr'><strong>tuetur</strong></span> <span class='ocrx_word' id='word_1_244' title='bbox 2649 2848 2792 2900; x_wconf 77' lang='lat' dir='ltr'><strong>psap-</strong></span> 
     </span>
     <span class='ocr_line' id='line_1_28' title="bbox 558 2899 2792 3036; baseline -0.002 -15"><span class='ocrx_word' id='word_1_245' title='bbox 558 2903 686 3021; x_wconf 60' lang='grc' dir='ltr'><strong>Ξξῖἷζ</strong></span> <span class='ocrx_word' id='word_1_246' title='bbox 718 2911 1043 3023; x_wconf 44' lang='lat' dir='ltr'><strong>&amp;xm-,3</strong></span> <span class='ocrx_word' id='word_1_247' title='bbox 1084 2900 1576 3023; x_wconf 53' lang='grc' dir='ltr'><strong>Ἧὲἑῗὲᾱκῖῗ</strong></span> <span class='ocrx_word' id='word_1_248' title='bbox 1589 2899 1878 3021; x_wconf 52' lang='grc' dir='ltr'><strong>51ἕῖἓὶῗί</strong></span> <span class='ocrx_word' id='word_1_249' title='bbox 1897 2899 2259 3035; x_wconf 49' lang='grc' dir='ltr'><strong>ῗὶἒῗξῖΐώἱρ.</strong></span> <span class='ocrx_word' id='word_1_250' title='bbox 2275 2917 2562 3031; x_wconf 48' lang='lat' dir='ltr'><strong>{wizzi</strong></span> <span class='ocrx_word' id='word_1_251' title='bbox 2573 2902 2792 3036; x_wconf 54' lang='lat' dir='ltr'><strong>3535ss</strong></span> 
     </span>
     <span class='ocr_line' id='line_1_29' title="bbox 482 2988 2791 3109; baseline -0.003 -16"><span class='ocrx_word' id='word_1_252' title='bbox 482 3034 490 3047; x_wconf 80' lang='grc'><em>“</em></span> <span class='ocrx_word' id='word_1_253' title='bbox 558 3040 759 3093; x_wconf 74' lang='lat' dir='ltr'><strong>zalich.</strong></span> <span class='ocrx_word' id='word_1_254' title='bbox 830 2988 1149 3109; x_wconf 55' lang='lat' dir='ltr'><strong>Esscqsacuf</strong></span> <span class='ocrx_word' id='word_1_255' title='bbox 1178 3058 1257 3109; x_wconf 87' lang='lat' dir='ltr'><strong>pr.</strong></span> <span class='ocrx_word' id='word_1_256' title='bbox 1305 3040 1489 3091; x_wconf 84' lang='lat' dir='ltr'><strong>Hamb.</strong></span> <span class='ocrx_word' id='word_1_257' title='bbox 1541 3056 1572 3089; x_wconf 87' lang='lat' dir='ltr'><strong>a</strong></span> <span class='ocrx_word' id='word_1_258' title='bbox 1611 3057 1682 3090; x_wconf 87' lang='lat' dir='ltr'><strong>m.</strong></span> <span class='ocrx_word' id='word_1_259' title='bbox 1730 3055 1835 3089; x_wconf 85' lang='lat' dir='ltr'><strong>sec.</strong></span> <span class='ocrx_word' id='word_1_260' title='bbox 1919 3041 2009 3090; x_wconf 80' lang='lat' dir='ltr'><strong>Sic</strong></span> <span class='ocrx_word' id='word_1_261' title='bbox 2055 3040 2218 3103; x_wconf 60' lang='lat' dir='ltr'><strong>fatur</strong></span> <span class='ocrx_word' id='word_1_262' title='bbox 2261 3038 2428 3105; x_wconf 80' lang='lat' dir='ltr'><strong>Bigot.</strong></span> <span class='ocrx_word' id='word_1_263' title='bbox 2500 3039 2594 3089; x_wconf 79' lang='lat' dir='ltr'><strong>Sic</strong></span> <span class='ocrx_word' id='word_1_264' title='bbox 2627 3038 2791 3109; x_wconf 72' lang='lat' dir='ltr'><strong>fatus</strong></span> 
     </span>
     <span class='ocr_line' id='line_1_30' title="bbox 560 3106 2791 3177; baseline -0.001 -18"><span class='ocrx_word' id='word_1_265' title='bbox 560 3110 726 3162; x_wconf 81' lang='lat' dir='ltr'><strong>Goth.</strong></span> <span class='ocrx_word' id='word_1_266' title='bbox 776 3118 897 3159; x_wconf 82' lang='lat' dir='ltr'><strong>tert.</strong></span> <span class='ocrx_word' id='word_1_267' title='bbox 951 3125 999 3160; x_wconf 79' lang='lat' dir='ltr'><strong>v.</strong></span> <span class='ocrx_word' id='word_1_268' title='bbox 1037 3127 1149 3177; x_wconf 87' lang='lat' dir='ltr'><strong>sup.</strong></span> <span class='ocrx_word' id='word_1_269' title='bbox 1200 3108 1317 3161; x_wconf 75' lang='lat'><strong>256.</strong></span> <span class='ocrx_word' id='word_1_270' title='bbox 1403 3108 1624 3177; x_wconf 59' lang='lat' dir='ltr'><strong>Effusas</strong></span> <span class='ocrx_word' id='word_1_271' title='bbox 1670 3110 1731 3158; x_wconf 79' lang='lat' dir='ltr'><strong>T.</strong></span> <span class='ocrx_word' id='word_1_272' title='bbox 1777 3108 1940 3159; x_wconf 67' lang='lat' dir='ltr'><strong>sociis</strong></span> <span class='ocrx_word' id='word_1_273' title='bbox 1983 3107 2176 3160; x_wconf 83' lang='lat' dir='ltr'><strong>Medic.</strong></span> <span class='ocrx_word' id='word_1_274' title='bbox 2251 3107 2382 3175; x_wconf 86' lang='lat' dir='ltr'><strong>(sed</strong></span> <span class='ocrx_word' id='word_1_275' title='bbox 2431 3106 2611 3158; x_wconf 82' lang='lat' dir='ltr'><strong>ultima</strong></span> <span class='ocrx_word' id='word_1_276' title='bbox 2645 3107 2791 3158; x_wconf 70' lang='lat' dir='ltr'><strong>litem</strong></span> 
     </span>
     <span class='ocr_line' id='line_1_31' title="bbox 558 3176 2790 3245; baseline -0.002 -16"><span class='ocrx_word' id='word_1_277' title='bbox 558 3178 846 3229; x_wconf 76' lang='lat' dir='ltr'><strong>transfossa</strong></span> <span class='ocrx_word' id='word_1_278' title='bbox 882 3186 936 3228; x_wconf 88' lang='lat' dir='ltr'><strong>et</strong></span> <span class='ocrx_word' id='word_1_279' title='bbox 970 3177 1305 3229; x_wconf 82' lang='lat' dir='ltr'><strong>distinctione</strong></span> <span class='ocrx_word' id='word_1_280' title='bbox 1340 3186 1461 3228; x_wconf 84' lang='lat' dir='ltr'><strong>ante</strong></span> <span class='ocrx_word' id='word_1_281' title='bbox 1496 3177 1600 3227; x_wconf 86' lang='lat' dir='ltr'><strong>hoc</strong></span> <span class='ocrx_word' id='word_1_282' title='bbox 1632 3192 1744 3229; x_wconf 83' lang='lat' dir='ltr'><strong>voc.</strong></span> <span class='ocrx_word' id='word_1_283' title='bbox 1795 3178 1994 3245; x_wconf 82' lang='lat' dir='ltr'><strong>posita;</strong></span> <span class='ocrx_word' id='word_1_284' title='bbox 2041 3177 2182 3228; x_wconf 83' lang='lat' dir='ltr'><strong>idem</strong></span> <span class='ocrx_word' id='word_1_285' title='bbox 2214 3178 2480 3229; x_wconf 73' lang='lat' dir='ltr'><strong>Med³ceus</strong></span> <span class='ocrx_word' id='word_1_286' title='bbox 2525 3176 2790 3238; x_wconf 67' lang='lat' dir='ltr'><strong>Tarchon,</strong></span> 
     </span>
    </p>
   </div>
   <div class='ocr_carea' id='block_1_5' title="bbox 558 3244 2792 3397">
    <p class='ocr_par' dir='ltr' id='par_1_8' title="bbox 558 3244 2792 3397">
     <span class='ocr_line' id='line_1_32' title="bbox 559 3244 2790 3315; baseline -0.001 -19"><span class='ocrx_word' id='word_1_287' title='bbox 559 3246 702 3315; x_wconf 84' lang='lat' dir='ltr'><strong>quod</strong></span> <span class='ocrx_word' id='word_1_288' title='bbox 736 3246 968 3309; x_wconf 75' lang='lat' dir='ltr'><strong>restitui5</strong></span> <span class='ocrx_word' id='word_1_289' title='bbox 1004 3247 1108 3299; x_wconf 87' lang='lat' dir='ltr'><strong>vid.</strong></span> <span class='ocrx_word' id='word_1_290' title='bbox 1142 3249 1211 3300; x_wconf 83' lang='lat' dir='ltr'><strong>V.</strong></span> <span class='ocrx_word' id='word_1_291' title='bbox 1248 3248 1310 3299; x_wconf 81' lang='lat' dir='ltr'><strong>L.</strong></span> <span class='ocrx_word' id='word_1_292' title='bbox 1346 3248 1413 3298; x_wconf 86' lang='lat' dir='ltr'><strong>ad</strong></span> <span class='ocrx_word' id='word_1_293' title='bbox 1449 3247 1585 3311; x_wconf 73' lang='lat' dir='ltr'><strong>Vnt,</strong></span> <span class='ocrx_word' id='word_1_294' title='bbox 1619 3246 1737 3300; x_wconf 83' lang='lat'><strong>506.</strong></span> <span class='ocrx_word' id='word_1_295' title='bbox 1779 3246 1922 3307; x_wconf 59' lang='lat' dir='ltr'><strong>Wra}</strong></span> <span class='ocrx_word' id='word_1_296' title='bbox 2060 3248 2162 3301; x_wconf 81' lang='grc'><strong>300</strong></span> <span class='ocrx_word' id='word_1_297' title='bbox 2189 3248 2355 3299; x_wconf 74' lang='lat' dir='ltr'><strong>armis</strong></span> <span class='ocrx_word' id='word_1_298' title='bbox 2381 3256 2437 3298; x_wconf 86' lang='lat' dir='ltr'><strong>et</strong></span> <span class='ocrx_word' id='word_1_299' title='bbox 2459 3246 2548 3297; x_wconf 86' lang='lat' dir='ltr'><strong>hic</strong></span> <span class='ocrx_word' id='word_1_300' title='bbox 2573 3244 2790 3314; x_wconf 76' lang='lat' dir='ltr'><strong>aliquot.</strong></span> 
     </span>
     <span class='ocr_line' id='line_1_33' title="bbox 558 3313 2792 3397; baseline -0.001 -30"><span class='ocrx_word' id='word_1_301' title='bbox 558 3313 768 3383; x_wconf 65' lang='lat' dir='ltr'><strong>referre</strong></span> <span class='ocrx_word' id='word_1_302' title='bbox 798 3316 932 3368; x_wconf 85' lang='lat' dir='ltr'><strong>Ven.</strong></span> <span class='ocrx_word' id='word_1_303' title='bbox 1004 3316 1339 3388; x_wconf 67' lang='lat' dir='ltr'><strong>(spumantes</strong></span> <span class='ocrx_word' id='word_1_304' title='bbox 1368 3316 1560 3369; x_wconf 81' lang='lat' dir='ltr'><strong>Medic.</strong></span> <span class='ocrx_word' id='word_1_305' title='bbox 1607 3319 1752 3397; x_wconf 74' lang='lat' dir='ltr'><strong>Wr.)</strong></span> <span class='ocrx_word' id='word_1_306' title='bbox 1855 3316 1958 3371; x_wconf 80' lang='lat'><strong>301</strong></span> <span class='ocrx_word' id='word_1_307' title='bbox 1993 3317 2173 3369; x_wconf 71' lang='lat' dir='ltr'><strong>sidere</strong></span> <span class='ocrx_word' id='word_1_308' title='bbox 2197 3325 2319 3370; x_wconf 83' lang='lat' dir='ltr'><strong>tert.</strong></span> <span class='ocrx_word' id='word_1_309' title='bbox 2347 3316 2618 3377; x_wconf 70' lang='lat' dir='ltr'><strong>Rottend„</strong></span> <span class='ocrx_word' id='word_1_310' title='bbox 2653 3314 2792 3385; x_wconf 83' lang='lat' dir='ltr'><strong>qnod</strong></span> 
     </span>
    </p>
   </div>
   <div class='ocr_carea' id='block_1_6' title="bbox 550 3493 2789 4515">
    <p class='ocr_par' dir='ltr' id='par_1_9' title="bbox 550 3493 2789 4515">
     <span class='ocr_line' id='line_1_34' title="bbox 557 3493 2789 3573; baseline 0 -24"><span class='ocrx_word' id='word_1_311' title='bbox 557 3498 627 3549; x_wconf 76' lang='lat' dir='ltr'><strong>ut</strong></span> <span class='ocrx_word' id='word_1_312' title='bbox 650 3500 846 3549; x_wconf 85' lang='lat' dir='ltr'><strong>nostro</strong></span> <span class='ocrx_word' id='word_1_313' title='bbox 876 3510 1110 3573; x_wconf 84' lang='lat' dir='ltr'><strong>quoque.</strong></span> <span class='ocrx_word' id='word_1_314' title='bbox 1158 3500 1419 3573; x_wconf 84' lang='lat' dir='ltr'><strong>tempore</strong></span> <span class='ocrx_word' id='word_1_315' title='bbox 1447 3493 1637 3553; x_wconf 81' lang='lat' dir='ltr'><strong>solent</strong></span> <span class='ocrx_word' id='word_1_316' title='bbox 1717 3502 1878 3551; x_wconf 83' lang='lat' dir='ltr'><strong>aestu</strong></span> <span class='ocrx_word' id='word_1_317' title='bbox 1905 3494 2078 3551; x_wconf 85' lang='lat' dir='ltr'><strong>maris</strong></span> <span class='ocrx_word' id='word_1_318' title='bbox 2109 3494 2400 3573; x_wconf 84' lang='lat' dir='ltr'><strong>reciproco</strong></span> <span class='ocrx_word' id='word_1_319' title='bbox 2433 3494 2690 3572; x_wconf 81' lang='lat' dir='ltr'><strong>accipere</strong></span> <span class='ocrx_word' id='word_1_320' title='bbox 2717 3493 2789 3548; x_wconf 92' lang='lat' dir='ltr'><strong>li-</strong></span> 
     </span>
     <span class='ocr_line' id='line_1_35' title="bbox 556 3578 2789 3660; baseline 0 -27"><span class='ocrx_word' id='word_1_321' title='bbox 556 3588 769 3634; x_wconf 77' lang='lat' dir='ltr'><strong>nautae</strong></span> <span class='ocrx_word' id='word_1_322' title='bbox 796 3578 991 3635; x_wconf 82' lang='lat' dir='ltr'><strong>salutis</strong></span> <span class='ocrx_word' id='word_1_323' title='bbox 1018 3598 1119 3656; x_wconf 89' lang='lat' dir='ltr'><strong>spe</strong></span> <span class='ocrx_word' id='word_1_324' title='bbox 1150 3580 1369 3637; x_wconf 80' lang='lat' dir='ltr'><strong>abiecta</strong></span> <span class='ocrx_word' id='word_1_325' title='bbox 1396 3579 1635 3637; x_wconf 82' lang='lat' dir='ltr'><strong>naufra-</strong></span> <span class='ocrx_word' id='word_1_326' title='bbox 1717 3588 1840 3637; x_wconf 85' lang='lat' dir='ltr'><strong>cet:</strong></span> <span class='ocrx_word' id='word_1_327' title='bbox 1887 3598 1964 3635; x_wconf 88' lang='lat' dir='ltr'><strong>ne</strong></span> <span class='ocrx_word' id='word_1_328' title='bbox 1993 3578 2066 3637; x_wconf 87' lang='lat' dir='ltr'><strong>de</strong></span> <span class='ocrx_word' id='word_1_329' title='bbox 2093 3582 2239 3637; x_wconf 86' lang='lat' dir='ltr'><strong>mari</strong></span> <span class='ocrx_word' id='word_1_330' title='bbox 2280 3578 2523 3660; x_wconf 88' lang='lat' dir='ltr'><strong>quidem</strong></span> <span class='ocrx_word' id='word_1_331' title='bbox 2563 3590 2789 3657; x_wconf 85' lang='lat' dir='ltr'><strong>tempe-</strong></span> 
     </span>
     <span class='ocr_line' id='line_1_36' title="bbox 556 3662 2788 3745; baseline 0 -26"><span class='ocrx_word' id='word_1_332' title='bbox 556 3662 722 3740; x_wconf 83' lang='lat' dir='ltr'><strong>gium</strong></span> <span class='ocrx_word' id='word_1_333' title='bbox 748 3662 938 3721; x_wconf 85' lang='lat' dir='ltr'><strong>faeere</strong></span> <span class='ocrx_word' id='word_1_334' title='bbox 952 3665 1343 3723; x_wconf 84' lang='lat' dir='ltr'><strong>voluntarium</strong></span> <span class='ocrx_word' id='word_1_335' title='bbox 1356 3668 1418 3723; x_wconf 88' lang='lat' dir='ltr'><strong>in</strong></span> <span class='ocrx_word' id='word_1_336' title='bbox 1444 3667 1633 3723; x_wconf 81' lang='lat' dir='ltr'><strong>amieo</strong></span> <span class='ocrx_word' id='word_1_337' title='bbox 1714 3675 1859 3723; x_wconf 82' lang='lat' dir='ltr'><strong>state</strong></span> <span class='ocrx_word' id='word_1_338' title='bbox 1887 3676 2082 3723; x_wconf 88' lang='lat' dir='ltr'><strong>moto:</strong></span> <span class='ocrx_word' id='word_1_339' title='bbox 2128 3663 2230 3723; x_wconf 87' lang='lat' dir='ltr'><strong>sed</strong></span> <span class='ocrx_word' id='word_1_340' title='bbox 2260 3663 2332 3723; x_wconf 90' lang='lat' dir='ltr'><strong>de</strong></span> <span class='ocrx_word' id='word_1_341' title='bbox 2359 3666 2674 3745; x_wconf 74' lang='lat' dir='ltr'><strong>provolutis</strong></span> <span class='ocrx_word' id='word_1_342' title='bbox 2699 3664 2788 3720; x_wconf 83' lang='lat' dir='ltr'><strong>la·-</strong></span> 
     </span>
     <span class='ocr_line' id='line_1_37' title="bbox 554 3748 2788 3831; baseline 0 -26"><span class='ocrx_word' id='word_1_343' title='bbox 554 3748 765 3806; x_wconf 85' lang='lat' dir='ltr'><strong>littore.</strong></span> <span class='ocrx_word' id='word_1_344' title='bbox 837 3749 1006 3807; x_wconf 76' lang='lat' dir='ltr'><strong>Conf-</strong></span> <span class='ocrx_word' id='word_1_345' title='bbox 1048 3750 1181 3809; x_wconf 84' lang='lat' dir='ltr'><strong>Act.</strong></span> <span class='ocrx_word' id='word_1_346' title='bbox 1223 3752 1340 3829; x_wconf 90' lang='lat' dir='ltr'><strong>Ap.</strong></span> <span class='ocrx_word' id='word_1_347' title='bbox 1390 3752 1633 3825; x_wconf 81' lang='lat' dir='ltr'><strong>xxvn,</strong></span> <span class='ocrx_word' id='word_1_348' title='bbox 1715 3752 1827 3807; x_wconf 87' lang='lat' dir='ltr'><strong>tius</strong></span> <span class='ocrx_word' id='word_1_349' title='bbox 1856 3751 2028 3808; x_wconf 83' lang='lat' dir='ltr'><strong>maris</strong></span> <span class='ocrx_word' id='word_1_350' title='bbox 2057 3750 2321 3809; x_wconf 87' lang='lat' dir='ltr'><strong>fluctibus</strong></span> <span class='ocrx_word' id='word_1_351' title='bbox 2343 3794 2360 3825; x_wconf 91' lang='lat'>,</span> <span class='ocrx_word' id='word_1_352' title='bbox 2391 3753 2492 3831; x_wconf 89' lang='lat' dir='ltr'><strong>qui</strong></span> <span class='ocrx_word' id='word_1_353' title='bbox 2519 3752 2568 3808; x_wconf 88' lang='lat' dir='ltr'><strong>si</strong></span> <span class='ocrx_word' id='word_1_354' title='bbox 2594 3751 2788 3809; x_wconf 87' lang='lat' dir='ltr'><strong>locum</strong></span> 
     </span>
     <span class='ocr_line' id='line_1_38' title="bbox 556 3836 2786 3915; baseline -0.002 -20"><span class='ocrx_word' id='word_1_355' title='bbox 556 3836 639 3895; x_wconf 82' lang='lat'><strong>39</strong></span> <span class='ocrx_word' id='word_1_356' title='bbox 694 3853 821 3915; x_wconf 87' lang='lat' dir='ltr'><strong>sqq.</strong></span> <span class='ocrx_word' id='word_1_357' title='bbox 918 3836 1184 3894; x_wconf 84' lang='lat' dir='ltr'><strong>Feliciter</strong></span> <span class='ocrx_word' id='word_1_358' title='bbox 1237 3856 1327 3893; x_wconf 87' lang='lat' dir='ltr'><strong>res</strong></span> <span class='ocrx_word' id='word_1_359' title='bbox 1379 3836 1635 3895; x_wconf 78' lang='lat' dir='ltr'><strong>succedit</strong></span> <span class='ocrx_word' id='word_1_360' title='bbox 1713 3836 1916 3894; x_wconf 85' lang='lat' dir='ltr'><strong>littoris</strong></span> <span class='ocrx_word' id='word_1_361' title='bbox 1973 3838 2140 3894; x_wconf 87' lang='lat' dir='ltr'><strong>molli</strong></span> <span class='ocrx_word' id='word_1_362' title='bbox 2189 3838 2339 3895; x_wconf 82' lang='lat' dir='ltr'><strong>clivo</strong></span> <span class='ocrx_word' id='word_1_363' title='bbox 2397 3846 2786 3914; x_wconf 79' lang='lat' dir='ltr'><strong>assurgentem</strong></span> 
     </span>
     <span class='ocr_line' id='line_1_39' title="bbox 556 3920 2784 4001; baseline 0 -26"><span class='ocrx_word' id='word_1_364' title='bbox 556 3920 757 3977; x_wconf 80' lang='lat' dir='ltr'><strong>ceteris</strong></span> <span class='ocrx_word' id='word_1_365' title='bbox 774 3964 791 3993; x_wconf 92' lang='lat'>,</span> <span class='ocrx_word' id='word_1_366' title='bbox 819 3921 998 3977; x_wconf 87' lang='lat' dir='ltr'><strong>molle</strong></span> <span class='ocrx_word' id='word_1_367' title='bbox 1028 3940 1095 3979; x_wconf 85' lang='lat' dir='ltr'><strong>ac</strong></span> <span class='ocrx_word' id='word_1_368' title='bbox 1138 3922 1413 3979; x_wconf 89' lang='lat' dir='ltr'><strong>limosum</strong></span> <span class='ocrx_word' id='word_1_369' title='bbox 1442 3922 1635 3980; x_wconf 88' lang='lat' dir='ltr'><strong>solum</strong></span> <span class='ocrx_word' id='word_1_370' title='bbox 1715 3924 2042 4001; x_wconf 78' lang='lat' dir='ltr'><strong>acceperint</strong></span> <span class='ocrx_word' id='word_1_371' title='bbox 2059 3966 2076 3995; x_wconf 92' lang='lat'>‚</span> <span class='ocrx_word' id='word_1_372' title='bbox 2135 3942 2205 3980; x_wconf 91' lang='lat' dir='ltr'><strong>eo</strong></span> <span class='ocrx_word' id='word_1_373' title='bbox 2263 3923 2555 4001; x_wconf 79' lang='lat' dir='ltr'><strong>explicant</strong></span> <span class='ocrx_word' id='word_1_374' title='bbox 2610 3942 2671 3979; x_wconf 86' lang='lat' dir='ltr'><strong>se</strong></span> <span class='ocrx_word' id='word_1_375' title='bbox 2730 3930 2784 3976; x_wconf 89' lang='lat' dir='ltr'><strong>et</strong></span> 
     </span>
     <span class='ocr_line' id='line_1_40' title="bbox 554 4004 2784 4089; baseline 0.001 -30"><span class='ocrx_word' id='word_1_376' title='bbox 554 4006 735 4063; x_wconf 82' lang='lat' dir='ltr'><strong>nactis</strong></span> <span class='ocrx_word' id='word_1_377' title='bbox 752 4048 769 4078; x_wconf 91' lang='lat'><strong>,</strong></span> <span class='ocrx_word' id='word_1_378' title='bbox 814 4016 1055 4085; x_wconf 76' lang='lat' dir='ltr'><strong>excepta</strong></span> <span class='ocrx_word' id='word_1_379' title='bbox 1081 4004 1429 4065; x_wconf 81' lang='lat' dir='ltr'><strong>Tarchoutis</strong></span> <span class='ocrx_word' id='word_1_380' title='bbox 1472 4010 1630 4070; x_wconf 81' lang='lat' dir='ltr'><strong>navi,</strong></span> <span class='ocrx_word' id='word_1_381' title='bbox 1711 4008 1829 4065; x_wconf 85' lang='lat' dir='ltr'><strong>late</strong></span> <span class='ocrx_word' id='word_1_382' title='bbox 1873 4006 2172 4066; x_wconf 80' lang='lat' dir='ltr'><strong>exundant</strong></span> <span class='ocrx_word' id='word_1_383' title='bbox 2229 4006 2495 4089; x_wconf 78' lang='lat' dir='ltr'><strong>adeoque</strong></span> <span class='ocrx_word' id='word_1_384' title='bbox 2535 4022 2784 4065; x_wconf 63' lang='lat' dir='ltr'><strong>cresce-e</strong></span> 
     </span>
     <span class='ocr_line' id='line_1_41' title="bbox 566 4087 2782 4174; baseline 0 -28"><span class='ocrx_word' id='word_1_385' title='bbox 566 4087 705 4165; x_wconf 77' lang='lat' dir='ltr'><strong>Qua</strong></span> <span class='ocrx_word' id='word_1_386' title='bbox 748 4088 915 4147; x_wconf 69' lang='lat' dir='ltr'><strong>vada</strong></span> <span class='ocrx_word' id='word_1_387' title='bbox 956 4111 1079 4148; x_wconf 82' lang='lat' dir='ltr'><strong>non</strong></span> <span class='ocrx_word' id='word_1_388' title='bbox 1130 4094 1369 4168; x_wconf 76' lang='lat' dir='ltr'><strong>spirant</strong></span> <span class='ocrx_word' id='word_1_389' title='bbox 1382 4134 1406 4163; x_wconf 92' lang='lat'><em>,</em></span> <span class='ocrx_word' id='word_1_390' title='bbox 1476 4091 1627 4174; x_wconf 77' lang='lat' dir='ltr'><strong>aqua’</strong></span> <span class='ocrx_word' id='word_1_391' title='bbox 1713 4092 1896 4152; x_wconf 79' lang='lat' dir='ltr'><strong>videri</strong></span> <span class='ocrx_word' id='word_1_392' title='bbox 1911 4103 2181 4171; x_wconf 86' lang='lat' dir='ltr'><strong>possunt:</strong></span> <span class='ocrx_word' id='word_1_393' title='bbox 2213 4103 2444 4149; x_wconf 71' lang='lat' dir='ltr'><strong>aestum</strong></span> <span class='ocrx_word' id='word_1_394' title='bbox 2460 4104 2658 4151; x_wconf 83' lang='lat' dir='ltr'><strong>autem</strong></span> <span class='ocrx_word' id='word_1_395' title='bbox 2679 4110 2782 4170; x_wconf 81' lang='lat' dir='ltr'><strong>pro</strong></span> 
     </span>
     <span class='ocr_line' id='line_1_42' title="bbox 552 4175 2779 4257; baseline 0 -25"><span class='ocrx_word' id='word_1_396' title='bbox 552 4194 675 4233; x_wconf 88' lang='lat' dir='ltr'><strong>non</strong></span> <span class='ocrx_word' id='word_1_397' title='bbox 706 4186 941 4251; x_wconf 78' lang='lat' dir='ltr'><strong>aestuat,</strong></span> <span class='ocrx_word' id='word_1_398' title='bbox 969 4178 1159 4234; x_wconf 87' lang='lat' dir='ltr'><strong>nullos</strong></span> <span class='ocrx_word' id='word_1_399' title='bbox 1188 4177 1393 4235; x_wconf 85' lang='lat' dir='ltr'><strong>fluctus</strong></span> <span class='ocrx_word' id='word_1_400' title='bbox 1410 4191 1627 4253; x_wconf 80' lang='lat' dir='ltr'><strong>movet,</strong></span> <span class='ocrx_word' id='word_1_401' title='bbox 1709 4178 1890 4237; x_wconf 82' lang='lat' dir='ltr'><strong>fluctu</strong></span> <span class='ocrx_word' id='word_1_402' title='bbox 1905 4222 1922 4252; x_wconf 90' lang='lat'><strong>,</strong></span> <span class='ocrx_word' id='word_1_403' title='bbox 1993 4190 2058 4237; x_wconf 87' lang='lat' dir='ltr'><strong>ut</strong></span> <span class='ocrx_word' id='word_1_404' title='bbox 2109 4189 2280 4257; x_wconf 81' lang='lat' dir='ltr'><strong>poeta</strong></span> <span class='ocrx_word' id='word_1_405' title='bbox 2296 4222 2312 4253; x_wconf 92' lang='lat'>‚</span> <span class='ocrx_word' id='word_1_406' title='bbox 2385 4176 2552 4237; x_wconf 80' lang='lat' dir='ltr'><strong>dixit.</strong></span> <span class='ocrx_word' id='word_1_407' title='bbox 2639 4175 2779 4254; x_wconf 87' lang='lat' dir='ltr'><strong>(Sed</strong></span> 
     </span>
     <span class='ocr_line' id='line_1_43' title="bbox 556 4259 2778 4343; baseline -0.001 -23"><span class='ocrx_word' id='word_1_408' title='bbox 556 4259 819 4343; x_wconf 81' lang='lat' dir='ltr'><strong>adeoque</strong></span> <span class='ocrx_word' id='word_1_409' title='bbox 848 4264 1093 4343; x_wconf 72' lang='lat' dir='ltr'><strong>seopulis</strong></span> <span class='ocrx_word' id='word_1_410' title='bbox 1108 4282 1228 4321; x_wconf 87' lang='lat' dir='ltr'><strong>non</strong></span> <span class='ocrx_word' id='word_1_411' title='bbox 1251 4261 1501 4321; x_wconf 85' lang='lat' dir='ltr'><strong>alliditur</strong></span> <span class='ocrx_word' id='word_1_412' title='bbox 1529 4276 1629 4323; x_wconf 84' lang='lat' dir='ltr'><strong>aut</strong></span> <span class='ocrx_word' id='word_1_413' title='bbox 1710 4264 1844 4323; x_wconf 78' lang='lat' dir='ltr'><strong>vide</strong></span> <span class='ocrx_word' id='word_1_414' title='bbox 1863 4286 1896 4323; x_wconf 84' lang='lat' dir='ltr'><strong>a</strong></span> <span class='ocrx_word' id='word_1_415' title='bbox 1911 4282 2008 4321; x_wconf 84' lang='lat' dir='ltr'><strong>me</strong></span> <span class='ocrx_word' id='word_1_416' title='bbox 2020 4275 2216 4322; x_wconf 83' lang='lat' dir='ltr'><strong>notata</strong></span> <span class='ocrx_word' id='word_1_417' title='bbox 2229 4263 2304 4323; x_wconf 86' lang='lat' dir='ltr'><strong>ad</strong></span> <span class='ocrx_word' id='word_1_418' title='bbox 2321 4284 2404 4323; x_wconf 75' lang='lat' dir='ltr'><strong>VS.</strong></span> <span class='ocrx_word' id='word_1_419' title='bbox 2423 4268 2569 4329; x_wconf 79' lang='lat'><strong>288.</strong></span> <span class='ocrx_word' id='word_1_420' title='bbox 2609 4262 2778 4340; x_wconf 81' lang='lat' dir='ltr'><em>Wr.)</em></span> 
     </span>
     <span class='ocr_line' id='line_1_44' title="bbox 550 4348 2778 4430; baseline -0 -24"><span class='ocrx_word' id='word_1_421' title='bbox 550 4348 794 4407; x_wconf 82' lang='lat' dir='ltr'><strong>latentes</strong></span> <span class='ocrx_word' id='word_1_422' title='bbox 848 4349 1113 4428; x_wconf 85' lang='lat' dir='ltr'><strong>scopulos</strong></span> <span class='ocrx_word' id='word_1_423' title='bbox 1168 4350 1375 4427; x_wconf 79' lang='lat' dir='ltr'><strong>arguit.</strong></span> <span class='ocrx_word' id='word_1_424' title='bbox 1484 4351 1629 4416; x_wconf 79' lang='lat'><strong>292.</strong></span> <span class='ocrx_word' id='word_1_425' title='bbox 1711 4350 1858 4414; x_wconf 83' lang='lat'><strong>295.</strong></span> <span class='ocrx_word' id='word_1_426' title='bbox 1888 4348 2123 4419; x_wconf 69' lang='lat' dir='ltr'><strong>Jbllite,</strong></span> <span class='ocrx_word' id='word_1_427' title='bbox 2153 4351 2394 4408; x_wconf 82' lang='lat' dir='ltr'><strong>attollite</strong></span> <span class='ocrx_word' id='word_1_428' title='bbox 2422 4368 2614 4408; x_wconf 87' lang='lat' dir='ltr'><strong>remos</strong></span> <span class='ocrx_word' id='word_1_429' title='bbox 2627 4359 2778 4430; x_wconf 85' lang='lat' dir='ltr'><strong>puta,</strong></span> 
     </span>
     <span class='ocr_line' id='line_1_45' title="bbox 557 4430 2778 4515; baseline 0.001 -25"><span class='ocrx_word' id='word_1_430' title='bbox 557 4435 842 4493; x_wconf 73' lang='lat' dir='ltr'><strong>crescenti</strong></span> <span class='ocrx_word' id='word_1_431' title='bbox 896 4445 1085 4494; x_wconf 70' lang='lat' dir='ltr'><strong>aestu.</strong></span> <span class='ocrx_word' id='word_1_432' title='bbox 1205 4437 1327 4495; x_wconf 83' lang='lat' dir='ltr'><strong>Nee</strong></span> <span class='ocrx_word' id='word_1_433' title='bbox 1384 4430 1497 4495; x_wconf 85' lang='lat' dir='ltr'><strong>hoc</strong></span> <span class='ocrx_word' id='word_1_434' title='bbox 1555 4434 1630 4494; x_wconf 85' lang='lat' dir='ltr'><strong>de</strong></span> <span class='ocrx_word' id='word_1_435' title='bbox 1699 4435 1863 4515; x_wconf 72' lang='lat' dir='ltr'><strong>serto</strong></span> <span class='ocrx_word' id='word_1_436' title='bbox 1876 4477 1903 4506; x_wconf 87' lang='lat'><em>,</em></span> <span class='ocrx_word' id='word_1_437' title='bbox 1959 4436 2238 4515; x_wconf 86' lang='lat' dir='ltr'><strong>impellite</strong></span> <span class='ocrx_word' id='word_1_438' title='bbox 2255 4480 2272 4511; x_wconf 92' lang='lat'>‚</span> <span class='ocrx_word' id='word_1_439' title='bbox 2327 4436 2481 4513; x_wconf 82' lang='lat' dir='ltr'><strong>agite</strong></span> <span class='ocrx_word' id='word_1_440' title='bbox 2539 4452 2778 4507; x_wconf 77' lang='lat' dir='ltr'><strong>navem3</strong></span> 
     </span>
    </p>
   </div>
  </div>
 </body>
</html>
