3009 5050
620 1545 1422 1626 P.V1RG1L11
1504 1486 2174 1632 MARom's'

260 1735 357 1840 A
584 1737 673 1842 E
896 1735 1001 1848 N
1224 1739 1315 1846 E
1537 1743 1582 1846 1
1803 1745 1904 1852 D
2117 1740 2230 1852 O
2439 1715 2547 1857 s'

720 1957 1143 2096 LiBER
1202 1957 2016 2054 UNDECIMUS

908 2337 1842 2402 ARGUMENTUM

253 2500 521 2619 Occiso
559 2560 855 2619 Mezentio
900 2562 1087 2621 victor
1122 2562 1353 2621 Aeneas
1395 2564 1569 2620 Marti
1615 2560 1924 2643 tmpaeum
1970 2566 2175 2645 erigit:
2227 2569 2502 2631 Pallantis

248 2646 465 2704 mortui
504 2665 713 2724 corpus
748 2665 969 2725 magno
1012 2666 1263 2726 pompae
1306 2658 1586 2727 apparatu
1625 2647 1701 2706 ad
1746 2648 2010 2707 Euandri
2047 2653 2256 2712 urbem
2300 2658 2502 2716 remit-

247 2732 351 2793 tit:
394 2732 500 2791 ubi
525 2750 757 2789 summo
786 2742 845 2790 et
871 2734 1049 2811 patris
1106 2743 1165 2790 et
1200 2751 1443 2791 auorum
1472 2735 1740 2791 omnium
1765 2733 1928 2791 luctu
1974 2738 2258 2815 excipitur
2280 2771 2367 2783 —
2395 2745 2500 2805 99.

244 2818 488 2875 Interim
508 2828 763 2876 oratores
798 2837 833 2875 a
847 2818 1065 2877 Latinis
1092 2820 1251 2876 missi
1276 2816 1501 2877 dierum
1538 2818 1848 2879 duodecim
1871 2818 2130 2879 inducias
2157 2824 2498 2901 impetn-ants

246 2921 365 2983 quo
390 2904 668 2982 temporis
695 2906 879 2984 spatio
892 2906 1123 2986 utrique
1144 2923 1383 2963 suorum
1399 2902 1681 2963 cadavera
1705 2906 2068 2987 perquirunt,
2113 2926 2500 2990 supremoque

242 2990 571 3067 sepulturae
614 2986 841 3065 honore
884 3000 1315 3071 prosequuntur
1336 3024 1425 3034 —
1452 2988 1598 3059 224.
1681 2989 1914 3050 Eodem
1957 3010 2190 3073 quoque
2235 3004 2498 3075 tempore

240 3074 501 3133 Venulus
519 3120 536 3150 ,
581 3064 763 3156 qu‘em
803 3077 912 3134 sub
961 3076 1101 3135 belli
1139 3078 1371 3135 initium
1408 3077 1671 3155 legatum
1721 3075 1798 3136 ad
1825 3075 2176 3154 Diomedem
2221 3080 2499 3141 miserant

179 3188 191 3203 =
238 3161 463 3236 Latini,
503 3160 579 3218 ad
622 3180 756 3220 suos
791 3160 1023 3221 rediens
1071 3164 1285 3221 auxilia
1310 3164 1419 3221 sibi
1447 3159 1734 3242 denegata
1766 3164 2160 3221 renuntiat—
2179 3164 2324 3230 295.
2407 3168 2498 3227 Ea

238 3266 342 3325 spe
374 3243 673 3306 destitutus
699 3249 934 3305 Latinus
951 3292 967 3322 ‚
1013 3250 1252 3308 consilio
1280 3257 1598 3307 convocato
1637 3248 1712 3306 de
1747 3267 1980 3307 summa
2019 3248 2156 3307 belli
2192 3252 2494 3328 consultat,

239 3331 577 3413 legatosque
608 3330 681 3390 de
709 3336 865 3412 pacis
881 3332 1303 3393 conditionibus
1332 3333 1406 3392 ad
1422 3328 1688 3393 Aeneam
1703 3331 2015 3393 mittendos
2042 3346 2332 3393 censet—
2347 3340 2495 3403 335.

238 3418 329 3475 Ibi
354 3420 609 3477 Drances
638 3428 697 3476 et
724 3420 962 3477 'furnus
990 3440 1097 3500 pro
1125 3420 1445 3477 inveterato
1470 3421 1622 3477 iuter
1647 3420 1798 3499 ipsos
1827 3414 1962 3477 odio
2002 3439 2064 3477 se
2106 3424 2323 3481 mutuis
2345 3436 2506 3483 con-*

237 3504 397 3563 viciis
452 3503 831 3584 proscindunt
859 3538 945 3549 --
976 3502 1121 3569 444.
1205 3508 1447 3564 Interim
1488 3506 1716 3563 Aeneas
1734 3548 1750 3577 ,
1819 3504 2087 3583 bipartito
2139 3504 2330 3567 divisis
2385 3529 2490 3569 co-

238 3591 345 3667 piis
363 3634 379 3664 ,
421 3590 565 3649 levis
609 3602 934 3649 armaturae
964 3592 1187 3670 equites
1225 3592 1412 3671 planis
1452 3590 1751 3648 itineribus
1794 3587 1867 3647 ad
1902 3590 2111 3649 urbem
2138 3595 2485 3671 praemittit:

235 3674 358 3752 ipse
402 3695 541 3734 oum
582 3677 808 3758 reliquo
850 3678 1109 3735 exercitu
1151 3696 1259 3755 per
1301 3678 1431 3735 loca
1471 3676 1626 3735 silvis
1667 3676 2079 3757 montibusque
2106 3676 2384 3758 impedita
2411 3679 2487 3740 ad

236 3756 541 3819 editiorem
582 3762 781 3842 oppidi
822 3772 1050 3842 partem
1096 3760 1411 3827 contendit.
1521 3762 1698 3819 Cuius
1743 3761 1828 3818 rei
1873 3764 2078 3820 nuntio
2127 3764 2486 3827 Laurentum

232 3844 459 3924 perlato
502 3848 805 3907 consilium
847 3846 1179 3906 dimittitur:
1225 3858 1617 3928 putanturque
1648 3866 1718 3904 ea
1732 3890 1750 3918 ‚
1808 3864 1960 3927 quae
1987 3844 2063 3905 ad
2089 3850 2247 3909 urbis
2277 3848 2486 3911 defen-

230 3932 463 3989 sionem
489 3943 764 4010 putantur
792 3935 1082 4013 pertinere
1103 3965 1189 3975 —
1210 3930 1359 3997 485.
1443 3934 1682 3991 Turnus
1723 3933 1956 4009 cognito
1997 3952 2107 4012 per
2150 3936 2483 4016 explorato-

230 4037 327 4075 res
369 4018 607 4075 Aeneae
637 4020 875 4078 consilio
917 4018 1183 4077 bifariam
1228 4027 1287 4075 et
1321 4017 1446 4096 ipse
1486 4036 1616 4075 suas
1647 4017 1839 4096 copias
1867 4020 2148 4097 partitur:
2193 4024 2482 4102 equitibus

228 4104 564 4183 Messapum
592 4114 652 4161 et
679 4104 983 4163 Camillam
1009 4102 1270 4184 praeficit
1284 4147 1301 4177 ,
1362 4122 1578 4185 eosque
1611 4098 1868 4161 hostium
1895 4104 2182 4184 equitibus
2211 4110 2480 4187 opponit3

226 4190 352 4267 ipse
382 4206 523 4246 cum
547 4188 831 4267 peditibus
861 4192 1150 4269 angustias
1170 4233 1187 4263 ,
1231 4207 1347 4269 qua
1390 4190 1714 4248 necessario
1742 4189 1981 4273 Aeneae
2022 4188 2100 4247 ad
2125 4190 2336 4250 urbem
2361 4193 2480 4255 ,iter

228 4281 389 4346 erat,
417 4273 667 4333 breviori
692 4277 899 4333 itinere
928 4283 1206 4354 occupat,
1254 4284 1426 4355 atqua
1461 4274 1543 4333 ibi
1583 4276 1648 4332 in
1685 4272 1902 4331 insidiis
1943 4272 2304 4337 subsistit—
2331 4276 2477 4339 581.

224 4358 623 4436 Interponitur
650 4357 973 4439 episodium
1002 4358 1077 4418 de
1107 4358 1347 4418 camina
1375 4390 1461 4401 —
1491 4358 1638 4426 596.
1723 4358 1966 4416 Interim
2009 4368 2277 4439 equestre
2304 4376 2478 4437 prae-

222 4444 373 4503 lium
400 4445 781 4505 committitur
796 4490 815 4519 ,
866 4444 1083 4526 diuque
1124 4442 1302 4505 dubio
1330 4444 1626 4527 utrimque
1666 4454 1882 4501 eventu
1906 4453 2302 4521 pugnatur—
2331 4442 2476 4509 647.

323 4542 636 4622 Vae-11..
690 4546 903 4621 Tou.
951 4544 1083 4623 111.
1961 4540 2064 4613 8²
