3009 5050
66 2266 85 2528 *ru-

66 3055 79 3088 —
66 2979 79 3016 -
66 2698 85 2944 ——‘—-”d'.
66 2565 85 2668 “””””

66 3659 75 4466 ὴ--“-“,““-.--“

624 422 1231 503 AENEIDOS
1284 423 1501 499 LIB.
1543 422 1714 517 XII,
1767 426 2210 501 686—-706
2389 428 2532 499 801

378 618 481 690 At
507 626 737 714 pater
768 617 1120 707 Aeneas»,
1176 608 1447 685 audito
1482 608 1820 683 nomine
1854 606 2132 703 Turni,

273 719 588 797 Deserit
622 730 701 793 et
730 740 1045 811 muroS,
1098 727 1179 789 et
1228 736 1582 789 summas
1629 710 1924 787 deserit
1946 712 2178 803 arcis;

273 821 909 921 Praecipitantque
955 842 1225 894 moras
1254 817 1560 907 omnis;=
1611 839 1856 915 opera
1903 816 2172 891 omnia
2217 814 2542 912 rumpit,

276 925 603 1003 Laetitia
698 923 1092 1001 exsultans
1123 919 1156 1017 ,'
1252 916 1924 1019 horrendumque
2023 920 2338 994 intonat
2422 941 2544 991 ar-

1444 1045 1638 1098 mis-2

282 1136 645 1227 Quantus
700 1127 990 1225 Athos,
1062 1140 1196 1203 aut
1248 1137 1592 1228 quantus
1633 1127 1878 1245 lix-yx,
1945 1136 2082 1198 aut
2137 1123 2352 1223 ipse,
2386 1029 2544 1199 32?ss

1446 1252 1696 1304 ruscis

284 1340 556 1432 Quum
600 1331 877 1421 fremit.
915 1331 1257 1427 ilicibus,
1316 1346 1656 1432 quantus
1676 1390 1696 1423 ‚
1749 1327 2206 1430 gaudetque
2237 1328 2468 1405 nivali

278 1440 601 1517 Vertice
640 1462 726 1513 se
780 1435 1177 1513 adtollens
1205 1448 1431 1535 pater
1474 1434 2000 1536 Appenninus
2029 1432 2128 1507 ad
2161 1458 2408 1510 auras,

280 1546 455 1619 Iam
481 1565 677 1617 vero
722 1554 801 1617 et
828 1538 1104 1618 Rutuli
1139 1540 1538 1634 certatim,
1619 1552 1698 1615 et
1736 1541 2034 1632 TroeS,
2105 1548 2184 1611 et
2213 1559 2498 1611 omnes

286 1648 782 1723 Convertere
822 1642 1099 1719 oculos
1125 1642 1338 1738 Itali,
1388 1645 1688 1744 quique
1721 1640 1868 1716 alta
1911 1639 2322 1715 tenebant·
2394 1648 2546 1719 705

282 1749 646 1845 Moenia,
703 1748 1002 1849 quique
1033 1746 1241 1823 imos
1275 1745 1696 1847 pulsabant
1741 1746 1984 1819 ariete
2023 1766 2342 1835 muros3

385 1894 560 1967 703.
613 1889 1065 1961 APENMNUS

388 2093 479 2158 (—
490 2094 609 2147 698.
628 2110 785 2145 arces
802 2092 993 2145 Medic.
1020 2094 1167 2157 Wr.)
1236 2092 1343 2147 700
1359 2093 1608 2145 exsultat
1624 2092 1842 2145 Oudai-t.
1863 2104 1918 2144 et
1939 2096 2118 2159 sprot.
2151 2091 2552 2161 horrendisque

284 2164 527 2215 Parthas.
575 2164 801 2216 insonat
830 2179 911 2230 pr.
940 2162 1128 2213 Hamb.
1156 2180 1186 2213 a
1216 2178 1281 2214 m.
1303 2180 1405 2213 sec.
1440 2160 1548 2213 vid.
1576 2178 1694 2229 sup.
1727 2163 1866 2225 vul,
1893 2162 1998 2215 239
2031 2170 2086 2211 et
2117 2160 2188 2213 al.
2255 2162 2356 2215 701
2373 2162 2552 2213 Athos

284 2234 477 2284 Medic.
514 2242 568 2283 et
602 2232 723 2293 alii;
760 2241 921 2299 atque
956 2232 1033 2283 sic
1066 2230 1183 2282 Ald.
1222 2247 1328 2281 sec.
1366 2240 1422 2281 et
1457 2240 1584 2283 cett.
1655 2238 1725 2283 At
1760 2241 1969 2283 veteres
2006 2230 2126 2282 edd.
2163 2246 2278 2281 cum
2313 2229 2552 2282 codicum

284 2302 485 2354 maiore
524 2310 677 2368 parte
726 2301 939 2351 Athon:
992 2316 1147 2368 quam
1193 2300 1331 2349 male
1376 2300 1588 2351 Servius
1633 2316 1733 2365 pro
1779 2317 1904 2352 vera
1953 2299 2184 2351 lectione
2227 2300 2550 2364 venditabat,

286 2382 457 2421 metro
484 2386 761 2437 perperam
794 2378 1049 2419 metuens.
1082 2369 1178 2417 Est
1194 2360 1394 2428 Ἄθως.
1444 2366 1652 2419 Monuit
1683 2384 1892 2437 quoque
1923 2368 2251 2419 Benedictus.
2289 2382 2343 2419 et
2369 2386 2552 2437 quan·-

290 2450 384 2490 ωε
408 2440 543 2503 Reg.
644 2436 751 2490 703
775 2453 834 2486 se
871 2438 1074 2487 tollens
1106 2436 1271 2487 Goth.
1306 2446 1427 2487 tert.
1482 2434 1704 2504 (Scripsi
1731 2442 1818 2507 Ap
1856 2439 2111 2499 enninus,
2146 2446 2205 2485 ut
2239 2446 2318 2487 est
2351 2436 2406 2487 in
2432 2439 2578 2497 Me-¹

289 2506 411 2568 dic„
444 2514 605 2574 utque
644 2520 802 2570 supra
836 2506 933 2569 xl,
980 2506 1103 2559 700.
1142 2505 1378 2574 Heynius
1436 2505 1556 2572 ipse
1607 2456 1920 2558 exaramliun
1969 2513 2258 2556 curaverat.
2327 2510 2404 2557 Ac
2432 2506 2554 2557 for-

288 2585 434 2628 tasse
469 2591 532 2626 ex
566 2575 669 2626 hoc
700 2575 822 2642 ipso
854 2574 975 2626 loco
1011 2573 1307 2642 probabilis
1346 2575 1646 2626 coniectura
1679 2575 1750 2626 de
1797 2573 2004 2642 origine
2041 2583 2098 2624 et
2130 2591 2256 2626 vera
2292 2574 2556 2643 scriptura

290 2645 446 2700 huius
480 2643 703 2695 nominis
736 2642 855 2694 fieri
906 2653 1103 2711 potest.
1172 2643 1447 2710 singulare
1491 2643 1598 2694 hoc
1633 2653 1740 2708 est,
1791 2643 1935 2712 quod
1969 2643 2310 2712 Appenninus
2356 2653 2556 2712 pater

290 2713 605 2784 appellatur.
674 2714 883 2764 Ruaeus
926 2723 987 2763 ut
1020 2722 1104 2764 tot
1152 2711 1397 2764 silvarum
1416 2751 1431 2775 ,
1466 2712 1731 2763 fluminum
1750 2751 1764 2777 ,
1817 2723 2086 2780 parentem
2122 2713 2198 2762 ita
2233 2713 2412 2764 vocari
2449 2731 2556 2781 pu-

292 2795 399 2846 ως
434 2783 533 2834 sed
567 2781 755 2834 eodem
790 2781 904 2833 iure
942 2782 1035 2833 alii
1076 2799 1287 2850 qnoque
1320 2792 1526 2834 montes
1563 2792 1744 2849 patres
1784 2781 1889 2834 dici
1924 2790 2202 2850 poterant,
2239 2798 2338 2833 nec
2381 2793 2558 2835 tamen

294 2852 423 2905 dicti
456 2861 593 2904 sunt.
663 2850 887 2920 Propius
923 2851 992 2902 ad
1026 2869 1204 2903 verum
1238 2852 1409 2903 Gerda
1455 2854 1710 2904 accedere
1759 2851 1994 2913 videtur,
2042 2849 2212 2919 patris
2247 2865 2439 2902 nomen
2471 2852 2556 2904 vel

293 2919 603 2990 dignitatis,
648 2921 735 2972 vel
770 2921 1158 2988 religionis
1194 2937 1311 2972 esse
1346 2923 1649 2974 arbitratus.
1722 2922 1862 2985 Quid
1897 2921 2084 2989 igitur,
2134 2920 2180 2970 si
2216 2920 2556 2987 Appenninus

290 2993 419 3044 inde
452 2999 669 3042 vocatus
707 2999 821 3053 est,
870 2991 1013 3059 quod
1064 2992 1333 3060 contingat
1381 2991 1749 3042 Penninum
1797 3003 2062 3053 montem,
2112 2997 2168 3040 ct
2202 2990 2556 3058 antiquissima

292 3061 449 3114 huius
484 3059 708 3112 nominis
741 3060 909 3112 forma
942 3061 1103 3112 fuerit
1138 3061 1542 3129 Adpenninus?
1599 3061 1817 3112 Constat
1852 3069 2030 3112 autem
2065 3058 2352 3110 Penninum
2386 3059 2558 3128 ipsum

292 3147 487 3184 nomen
522 3131 747 3181 traxisse
796 3147 829 3181 a
863 3130 993 3181 deo
1027 3131 1297 3190 Penniu03
1353 3130 1459 3182 vid.
1511 3131 1624 3181 Liv.
1670 3131 1837 3194 xxl,
1894 3130 1980 3184 38.
2033 3129 2214 3197 ibique
2261 3129 2556 3191 Drakenb.;

295 3200 423 3270 quid
458 3199 637 3268 igitur,
670 3199 717 3248 si
752 3216 867 3250 cum
902 3199 1022 3266 ipso
1058 3199 1268 3251 nomine
1304 3199 1456 3250 etiam
1495 3199 1769 3268 patris,
1804 3209 1863 3251 ut
1897 3196 2120 3250 numinis
2155 3198 2402 3261 alicuius,
2451 3217 2556 3269 ap·

294 3269 645 3338 pellationem
668 3267 739 3320 ad
766 3268 904 3320 hunc
936 3268 1119 3341 ltaliae
1143 3279 1373 3321 montem
1389 3269 1698 3321 translatam
1726 3266 2088 3320 censebimus?
2123 3271 2268 3336 Wr.)
2333 3268 2440 3324 706
2463 3271 2560 3340 qm·

299 3340 421 3392 alsa
456 3350 509 3392 et
542 3340 638 3408 qui
666 3339 807 3392 imos
837 3339 1061 3390 Dorvill.
1197 3339 1303 3393 706
1336 3339 1484 3392 altos
1515 3340 1732 3392 Oudart.
1803 3336 1979 3390 abiete
2011 3337 2206 3390 Mei-et.
2241 3355 2348 3391 sec.

384 3516 511 3578 697
524 3531 654 3594 sqq.
692 3512 1029 3570 Praeclarus
1055 3514 1247 3572 locus:
1277 3515 1403 3594 pri·
1470 3507 1627 3586 καεὶς,
1687 3509 1790 3569 sed
1835 3513 2090 3570 ornatius
2139 3514 2304 3573 Maro
2329 3515 2556 3594 singula

300 3617 473 3658 mum
526 3601 592 3656 in
652 3595 982 3656 exhibenda
1036 3600 1402 3678 impatientia
1468 3599 1766 3656 montium
1795 3598 2032 3656 nomina
2060 3601 2246 3677 pouit,
2277 3599 2438 3681 quod
2467 3601 2557 3660 ef-

298 3703 501 3742 morae
554 3694 613 3742 et
670 3683 1039 3741 festinatione
1053 3729 1070 3759 ‚
1154 3694 1283 3743 tum
1337 3687 1401 3742 in
1470 3685 1704 3741 ficacius
1753 3681 1828 3741 ad
1869 3702 2066 3742 sensus
2117 3686 2400 3764 impulsus
2449 3698 2556 3746 est.

298 3767 703 3849 phantasmate
714 3771 897 3827 mirae
908 3767 1397 3848 heroummagni-
1468 3771 1560 3828 Ne
1591 3779 1788 3827 autem
1817 3771 1944 3850 quis
1989 3789 2126 3827 cum
2155 3772 2410 3851 Spencio
2436 3775 2556 3833 Po-

301 3853 519 3916 tudinis
547 3866 607 3913 et
624 3857 837 3934 speciei
870 3859 1143 3935 corporis.
1206 3857 1405 3913 Prae·
1469 3855 1617 3935 lym.
1671 3875 1732 3933 p.
1791 3850 1918 3918 '248
1960 3857 2266 3915 simulacra
2312 3857 2558 3918 deornm

306 3941 637 4019 cipitatque
664 3961 868 3999 moras
896 3961 1097 3999 omnes
1115 3983 1139 4011 ,
1182 3951 1402 4016 ornate,
1470 3941 1766 3998 montium
1789 3941 2006 4018 cogitet
2029 3961 2276 4003 moneo:
2309 3945 2408 4004 Sic
2437 3955 2560 4003 tota

302 4023 369 4084 h.
398 4029 615 4098 omnia,
660 4047 813 4108 quae
858 4045 995 4086 eum
1024 4029 1241 4084 morari
1268 4037 1406 4106 pot-
1472 4029 1558 4084 vis
1587 4035 1646 4084 et
1683 4023 1958 4104 δεινότης
2001 4031 2262 4106 poeticae
2287 4031 2559 4108 imaginis

304 4121 471 4170 erant
486 4157 503 4185 ,
577 4111 915 4171 festinanter
987 4117 1127 4191 agit.
1254 4117 1296 4176 7
1299 4117 1404 4176 00.
1472 4115 1624 4192 perit
1639 4155 1654 4185 ‚
1717 4131 1870 4193 quae
1915 4113 2134 4193 alioqui
2171 4115 2426 4173 multum
2483 4133 2560 4173 ex

306 4197 545 4254 intonat
604 4199 791 4256 armis
804 4239 829 4268 ,
898 4208 1091 4257 tantus
1149 4200 1405 4278 corporis
1472 4200 1574 4256 illo
1620 4195 1824 4272 habet,
1869 4196 2032 4278 quod
2075 4193 2562 4276 εΰφαντασιῶδες

302 4283 494 4361 specie
514 4325 531 4356 ,
592 4294 859 4361 quantus
893 4283 1120 4342 Athos.
1210 4285 1407 4342 Etiam
1476 4283 1670 4343 dicere
1715 4285 1868 4342 licet.
1954 4285 2138 4340 Duxit
2179 4282 2318 4341 hinc
2361 4287 2562 4342 Milto—

302 4370 523 4426 Hector
562 4369 721 4447 apud
765 4373 1091 4428 Homerum
1140 4370 1304 4429 Iliad.
1346 4394 1404 4445 ν,
1474 4391 1586 4430 nus
1629 4369 2011 4448 magnificum
2040 4385 2108 4425 ao
2139 4369 2388 4427 sublime
2415 4368 2561 4429 illud

302 4451 433 4518 754
482 4449 749 4534 ω’ρμήθη
798 4451 934 4537 ὄρεϊ
974 4452 1254 4534 νιφόεντι
1284 4455 1409 4518 ἐοι-
1476 4459 1732 4516 Satanae
1829 4452 2215 4532 phantasma:
2333 4455 2568 4516 dilatal

410 4553 725 4630 Vnum..
782 4556 995 4631 Tou.
1047 4555 1183 4632 III.
2041 4554 2138 4626 51
