3009 5050
539 433 589 503 4
1023 427 1105 500 P.
1159 423 1687 502 VIRGILII
1742 422 2299 500 MAROMS

543 616 619 678 ad
653 619 780 692 Vll,
825 615 1012 696 475):

543 708 696 764 vitae
731 721 962 762 morem
1001 721 1124 761 non
1155 702 1311 760 male
1337 713 1627 782 attempe-

543 801 698 850 rata·
683 834 699 866 ,
754 789 1016 869 inprimis
1057 791 1108 846 si
1132 790 1368 846 Latium
1410 791 1627 866 cogites

545 877 718 958 quale
743 877 844 934 illo
873 886 1134 954 tempore
1161 875 1290 946 fuit,
1333 893 1441 952 per
1469 875 1627 930 vicos

545 973 606 1020 et
655 962 886 1039 tuguria
919 961 1171 1038 sparsim.
1221 919 1627 1032 inliabitatmn,

545 1065 686 1111 cum
723 1066 840 1104 una
881 1046 1018 1108 urbs
1047 1047 1410 1104 Laurentum
1438 1055 1625 1104 esset.

547 1135 652 1192 etsi
679 1141 853 1211 poeta
891 1133 1238 1188 tenuitatem
1265 1150 1464 1188 rerum
1491 1129 1629 1187 dili·-

544 1227 750 1298 genter
777 1236 854 1274 ex
881 1217 1060 1275 oculis
1084 1217 1406 1294 legentium
1432 1233 1631 1273 remo-

545 1305 647 1378 vit,
676 1321 884 1385 resque
911 1303 1064 1360 vitae
1105 1297 1376 1360 heroicae
1403 1319 1629 1380 paupe*

547 1409 638 1448 res
709 1399 768 1446 et
837 1388 1016 1446 exiles
1089 1389 1254 1466 epico
1321 1385 1628 1466 splendore

545 1492 778 1534 numne
849 1473 1094 1533 ornavit.
1201 1469 1326 1532 Sed
1383 1474 1625 1530 omnino

547 1561 684 1620 belli
729 1557 966 1618 exordia
1008 1557 1084 1627 ad
1111 1559 1348 1616 Iunonis
1387 1567 1539 1616 artes
1570 1568 1629 1615 et

547 1642 624 1703 ad
667 1653 938 1704 evocatae
980 1645 1218 1702 Alectus
1257 1642 1486 1702 fi-audes
1532 1663 1631 1700 re-

547 1728 785 1788 ferenda
827 1739 966 1787 sunt
979 1773 994 1804 ,
1055 1730 1264 1810 quibus
1309 1730 1630 1809 exasperati

547 1817 888 1877 Latinorum
909 1823 976 1872 et
1005 1817 1198 1874 Turni
1243 1816 1424 1872 animi
1451 1835 1488 1871 a
1514 1835 1630 1874 no-

547 1904 634 1960 vis
699 1903 763 1958 in
829 1901 996 1958 Latio
1053 1899 1282 1960 sedibus
1341 1902 1629 1962 Troianos

548 1983 882 2068 prohibent.

631 2073 704 2130 In
743 2073 954 2130 Latino
995 2081 1192 2132 tamen
1233 2072 1421 2130 multa
1475 2081 1629 2145 sunt,

543 2175 702 2240 quae
757 2177 1066 2236 personam
1111 2159 1337 2238 epicam
1378 2155 1631 2216 dedece-

545 2254 671 2302 ant.
754 2245 932 2303 Recte
985 2241 1100 2300 hoc
1143 2253 1480 2302 moneretur
1494 2286 1512 2317 ,
1586 2243 1633 2300 si

549 2331 778 2408 epicam
794 2330 900 2387 ille
917 2372 934 2403 ,
995 2347 1173 2409 quam
1225 2329 1449 2402 volunt,
1493 2347 1633 2408 per-

548 2433 754 2475 sonam
809 2415 1110 2472 sustineret
1133 2458 1150 2487 ,
1224 2411 1340 2472 hoo
1411 2424 1527 2488 est,
1586 2415 1635 2472 si

548 2500 612 2558 in
644 2494 760 2559 hoc
791 2517 929 2579 rege
955 2518 1185 2588 alumna
1209 2514 1412 2558 rernm
1437 2510 1633 2560 verte-

549 2596 727 2645 retur.
811 2588 932 2644 Nec
987 2604 1126 2644 vero
1185 2588 1438 2643 eminere
1494 2605 1633 2644 eum

547 2690 656 2750 par
699 2682 850 2745 erat,
907 2672 956 2729 si
985 2672 1222 2730 Turnus
1263 2674 1328 2729 in
1365 2670 1633 2734 medium

551 2766 676 2815 erat
719 2754 1094 2815 adducendus
1132 2758 1297 2838 isque
1343 2776 1482 2815 cum
1509 2755 1633 2815 Ae-

547 2840 662 2899 n‘ea
690 2841 1142 2922 comparandus:
1196 2854 1298 2901 aut
1326 2845 1486 2901 enim
1512 2842 1629 2901 duo

545 2927 732 2987 futuii
759 2938 922 2987 erent
950 2929 1176 3001 Turni,
1219 2939 1322 2989 aut
1349 2929 1631 3007 simplici-

547 3022 638 3073 tas
691 3013 930 3071 actionis
975 3024 1034 3071 et
1062 3016 1404 3091 argumenti
1441 3014 1632 3070 unitas

551 3096 888 3156 deserenda.
969 3096 1402 3157 Adumbratum
1440 3108 1527 3157 est
1568 3099 1634 3154 in

549 3183 758 3240 Latino
830 3192 1094 3241 veterum
1163 3203 1371 3263 regum
1428 3202 1637 3241 exem-

550 3268 717 3346 plum
730 3310 748 3342 ,
805 3286 1058 3348 quorum
1097 3270 1200 3327 vix
1242 3270 1352 3327 alia
1379 3271 1636 3327 auctori-

551 3364 670 3426 tas,
729 3370 908 3433 quam
935 3364 1004 3413 ut
1029 3356 1404 3413 consilini-mn
1429 3355 1634 3434 populi

551 3439 836 3517 principes
885 3440 1138 3519 bellique
1191 3438 1367 3497 duces
1425 3450 1633 3499 essent.

551 3524 790 3581 Latinus
829 3524 1028 3604 itaque
1061 3544 1188 3582 non
1213 3523 1388 3583 audet
1415 3526 1636 3583 bellum

553 3605 877 3687 gerendum
897 3607 1231 3683 detrectare,
1270 3611 1636 3690 poscentibus

553 3694 810 3773 populis:
841 3696 942 3753 lib.
969 3696 1094 3769 vll,
1124 3694 1244 3760 591
1277 3715 1405 3776 sqq.
1435 3749 1445 3762 ,
1483 3697 1637 3754 Cum

555 3790 754 3837 autem
795 3780 1006 3838 Turno
1043 3798 1272 3839 summa
1309 3782 1449 3841 belli
1489 3791 1638 3841 esset

553 3862 920 3923 mandanda:
977 3867 1216 3925 Latium
1245 3870 1420 3929 annis
1446 3868 1637 3945 gravis

555 3967 592 4007 a
632 3968 830 4008 rerum
877 3962 1012 4009 actu
1053 3962 1176 4011 erat
1229 3952 1637 4011 removendus.

555 4036 761 4116 Itaque
811 4036 1049 4095 Turnus
1089 4038 1286 4116 copias
1323 4040 1509 4120 cogit,
1568 4059 1637 4096 a·

556 4138 739 4199 guen
767 4119 968 4197 ducit3
1027 4132 1086 4180 et
1111 4122 1188 4181 ad
1215 4126 1338 4183 eius
1363 4126 1638 4185 volunta-

555 4216 682 4265 tem
733 4206 802 4263 in
841 4209 964 4287 ipsa
1005 4208 1152 4267 urbe
1206 4220 1396 4269 novae
1429 4212 1638 4289 copiae

557 4292 998 4353 conscribuntur
1035 4295 1136 4353 lib.
1183 4294 1308 4368 VII,
1351 4298 1478 4359 367
1506 4311 1636 4377 sqq.

559 4378 754 4436 Turni
789 4390 988 4437 autem
1025 4379 1192 4439 ferox
1235 4381 1541 4459 ingenium
1568 4400 1637 4441 ac

559 4462 832 4525 violentia
879 4465 1070 4523 multo
1123 4468 1310 4544 magis
1365 4468 1637 4526 elucescit

1070 635 1260 698 eaque
1303 614 1380 674 ad
1405 617 1627 695 priscae

1710 633 1849 675 cum
1904 615 2099 674 Latini
2158 617 2291 674 miti
2358 633 2427 674 ac
2492 625 2797 676 mansueta

1708 711 1907 762 mente
1936 713 2287 781 comparata.
2331 699 2456 765 Sed
2481 703 2605 782 ipse
2634 704 2797 760 Tur-

1710 806 1823 846 nus
1858 789 1989 868 plus
2018 787 2293 846 audaciae
2320 807 2389 846 ac
2418 786 2649 848 vividae
2675 789 2797 846 vit—

1710 875 1849 932 tutis
1890 871 2083 949 habet,
2136 893 2317 955 quam
2342 875 2593 933 Aeneas.
2674 876 2797 932 Re-

1712 969 1805 1016 cte
1830 961 2052 1040 utique,
2081 979 2159 1017 ne
2187 956 2305 1017 duo
2334 971 2521 1018 essent
2536 961 2796 1018 Aeneae.

1708 1045 1789 1102 Et
1842 1041 2052 1123 dignm
2090 1056 2215 1103 erat
2272 1044 2627 1105 adversarius
2670 1045 2796 1102 Ae-

1712 1149 1859 1191 neae
1916 1130 2296 1190 obiiciendus.
2386 1133 2539 1188 Cum
2595 1141 2797 1190 autem

1710 1213 1849 1274 huic
1906 1217 2089 1274 semel
2144 1225 2291 1276 esset
2342 1218 2559 1276 tributa
2616 1219 2797 1276 vinus

1710 1321 1851 1360 cum
1874 1301 2181 1381 prudentia
2222 1313 2279 1360 et
2293 1348 2302 1360 .
2316 1305 2637 1360 constantia
2666 1305 2797 1362 airi-

1708 1390 1795 1446 mi
1809 1433 1825 1461 ‚
1882 1407 2060 1468 quam
2088 1407 2178 1446 res
2206 1387 2481 1450 adversae
2507 1398 2570 1446 et
2598 1407 2798 1448 rerum

1708 1493 1847 1532 usus
1876 1483 1936 1531 et
1984 1476 2339 1553 experientia
2368 1473 2575 1532 affexre
2614 1475 2793 1532 solen

1709 1560 1962 1618 violenta
1986 1561 2085 1618 illa
2116 1571 2176 1618 et
2218 1563 2524 1618 temeraria
2562 1559 2799 1618 fortitu-

1712 1641 1791 1702 do
1868 1647 1935 1704 in
1996 1647 2261 1704 Aeneam
2330 1665 2455 1704 non
2530 1643 2795 1718 cadebat,

1714 1731 1923 1788 Turno
1952 1732 2203 1812 relinqui
2244 1742 2513 1811 poteram·
2576 1732 2797 1788 Annon

1711 1817 2023 1890 Laviniae,
2083 1819 2133 1874 si
2176 1817 2425 1878 liberum
2455 1827 2578 1874 erat
2622 1816 2797 1896 puel-

1710 1902 1803 1960 lae
1832 1903 2131 1960 arbitrium
2152 1947 2170 1976 ,
2214 1900 2624 1982 praeferendus
2652 1903 2799 1960 fuis-

1708 1997 1801 2047 set
1875 1989 2148 2046 Turnus:
2238 1991 2495 2070 quaestio
2566 1997 2652 2044 est
2722 2005 2799 2043 ex

1712 2075 1923 2132 nostris
1966 2074 2225 2132 moribus
2268 2074 2633 2153 ingeniisque
2690 2091 2801 2151 pe-

1713 2161 1846 2232 tita,
1904 2179 2027 2216 non
2057 2179 2134 2218 ex
2157 2156 2425 2219 heroicae
2452 2161 2607 2216 vitae
2630 2177 2802 2215 seve-

1714 2245 1961 2304 rioribus
2001 2246 2065 2302 in
2102 2245 2427 2302 femineum
2465 2263 2675 2302 sexum
2700 2243 2802 2300 iu—

1714 2331 1945 2389 stitutis.
2028 2332 2151 2388 Nec
2192 2349 2332 2389 vero
2360 2331 2570 2388 Latino
2598 2327 2803 2406 displi-

1718 2417 1885 2474 cebat
1914 2417 2152 2477 Turnus
2167 2459 2183 2489 ,
2243 2417 2521 2494 probatus
2564 2431 2801 2496 quoque

1718 2503 1935 2559 eximie
2002 2499 2089 2579 (v.
2148 2521 2203 2561 c.
2260 2503 2407 2575 xn,
2472 2503 2551 2565 19
2609 2499 2802 2581 sqq.);

1714 2586 1992 2668 prodigiis
2020 2599 2251 2646 tantum
2292 2598 2351 2645 et
2375 2588 2611 2645 monitis
2654 2584 2803 2643 deo-

1716 2692 1851 2731 rum
1868 2684 2176 2732 externum
2202 2690 2487 2751 generum
2512 2672 2623 2729 sibi
2650 2672 2801 2728 asci—

1715 2758 2000 2818 scendum
2068 2778 2191 2817 esse
2257 2760 2501 2815 Latinus
2566 2756 2801 2815 intelle·-

1715 2855 1907 2903 xerat.

1802 2932 2053 2987 Potuere
2082 2928 2283 3007 utique
2324 2945 2447 2983 esse
2490 2925 2553 2983 in
2580 2925 2803 2981 Aenei-

1718 3013 1811 3087 de,
1856 3032 2006 3095 quae
2032 3016 2226 3069 minus
2254 3030 2315 3069 se
2341 3011 2654 3089 probarent
2678 3010 2804 3067 Va-

1717 3101 1824 3171 rio,
1882 3099 2138 3171 Tuccae,
2198 3098 2521 3155 Maecenati
2547 3094 2642 3155 vel
2669 3096 2802 3152 Au-

1719 3194 1922 3261 gusto:
1981 3194 2118 3241 sunt
2161 3202 2396 3263 quoque
2432 3184 2647 3261 passim
2684 3199 2800 3239 no·-

1716 3280 1838 3327 tata
1880 3287 1917 3326 a
1952 3268 2120 3326 nobis
2156 3269 2439 3325 nonnulla
2462 3310 2479 3341 ,
2538 3268 2803 3345 inprimis

1714 3355 1779 3412 in
1851 3353 2101 3412 deorum
2162 3355 2489 3411 ministeriis
2504 3396 2523 3427 ,
2590 3370 2803 3431 parum

1717 3441 2001 3499 subtiliter
2042 3437 2292 3517 digesta,
2350 3440 2479 3513 alia,
2536 3438 2803 3517 inprimis

1714 3528 1780 3583 in
1823 3526 2186 3585 sermonibus
2200 3570 2217 3600 ,
2276 3522 2577 3583 rhetorum
2622 3542 2803 3600 argu-

1714 3614 1809 3670 tiis
1878 3613 2177 3693 inquinata
2190 3656 2207 3685 ,
2282 3630 2433 3691 quae
2500 3608 2803 3689 displicere

1716 3708 1990 3777 possunt:
2036 3694 2141 3755 sed
2168 3694 2313 3755 haec
2339 3695 2620 3776 profecte,
2652 3712 2803 3775 quae
2874 3747 2881 3753 .

1717 3784 1901 3841 nostri
1942 3784 2071 3841 aevi
2116 3784 2299 3840 critici
2326 3778 2801 3861 reprehendenda

1718 3878 2023 3948 putarunt,
2065 3869 2172 3926 ista
2200 3878 2386 3927 aetate
2426 3869 2527 3926 vix
2554 3868 2617 3924 in
2644 3868 2803 3923 vini·-

1719 3956 1952 4033 perium
2006 3964 2320 4028 venerunt;
2388 3972 2501 4011 nec
2556 3952 2800 4009 omnino

1720 4059 1861 4098 cum
1898 4050 2139 4097 naturae
2164 4040 2531 4119 simplicitate
2560 4046 2619 4093 et
2646 4038 2803 4094 inte-

1720 4128 1931 4203 gritate
1958 4128 2267 4183 coniuncta
2287 4170 2303 4198 ‚
2348 4140 2555 4181 verum
2584 4142 2659 4179 ex
2686 4140 2801 4179 no-

1716 4222 1872 4269 strae
1912 4212 2066 4271 vitae
2120 4210 2349 4269 fastidio
2390 4218 2453 4267 et
2502 4203 2803 4267 stomacho

1722 4294 1897 4354 ducta
1950 4306 2105 4355 sunt.
2192 4297 2260 4354 Si
2312 4313 2419 4351 sex
2461 4294 2805 4372 posteriores

1716 4382 1851 4441 libri
1897 4400 2020 4441 non
2062 4390 2247 4462 aeque
2290 4378 2669 4437 delectatione
2712 4389 2807 4436 te-

1718 4477 1862 4526 nent
1930 4468 2155 4525 mimos
2212 4482 2465 4545 magnae
2518 4464 2808 4523 lectorum
