3009 5050
696 475 1329 600 ExcURsUs
1381 476 1420 551 1
1469 479 1616 554 AD
1670 479 1878 557 Lm.
1934 483 2006 556 x
2265 529 2272 534 -
2317 491 2466 561 569

225 665 389 724 alias
434 665 735 746 quasdam
774 664 990 739 urbes,
1050 685 1205 746 quas
1250 669 1441 745 eju-⁹123,
1486 672 1764 748 temporis
1801 692 2170 751 progressu,
2221 673 2469 731 Etrusci

226 755 594 830 eripuerunt.
684 754 937 812 Potuere
966 771 1107 832 ergo
1133 755 1289 812 inter
1316 772 1411 811 eas
1438 756 1642 830 urbes,
1685 775 1828 837 quas
1855 759 2086 837 Pelasgi
2111 769 2370 833 tenuere,
2411 770 2472 817 et

224 839 363 896 illae
392 857 547 914 esse,
596 857 739 920 quas
765 849 939 919 poeta
966 841 1275 897 recensuit.
1357 841 1511 897 Nam
1537 841 1741 915 Veios,
1789 844 2075 918 Falerios,
2117 845 2472 930 Tarquinios

225 943 350 982 non
377 925 527 982 bene
554 926 743 1004 potuit
770 923 1117 1004 adiungere,
1162 925 1378 1006 quippe
1406 924 1718 1006 aliquando
1743 928 2020 988 Romanis
2047 889 2292 991 i’nfestos
2305 931 2471 988 futu-

226 1029 342 1069 ros.
424 1011 629 1092 Neque
653 1013 845 1092 potuit
874 1009 949 1070 ad
974 1012 1145 1069 urbes
1172 1022 1455 1085 remotas,
1492 1014 1754 1069 maxime
1796 1033 1871 1070 ex
1898 1016 2262 1074 interioribus
2287 1018 2470 1089 terris,

224 1093 531 1175 progredi.
564 1095 861 1178 quomodo
892 1099 1051 1154 enim
1076 1098 1141 1154 in
1169 1106 1293 1154 tam
1320 1097 1485 1154 brevi
1511 1106 1776 1178 tempore
1805 1101 2005 1178 copiae
2031 1097 2170 1158 inde
2201 1099 2333 1159 duci
2359 1121 2473 1182 po-

224 1178 499 1240 tuissent!
585 1183 667 1241 At
690 1183 935 1242 navibus
963 1202 999 1241 e
1022 1183 1326 1242 maritimis
1352 1183 1676 1242 civitatibus
1706 1186 1912 1247 arcessi
1951 1195 2239 1265 poterant.

405 1334 726 1408 Οἰιωίιιηι,
770 1337 1007 1396 Camers
1032 1337 1129 1396 vel
1156 1337 1395 1396 Camars
1422 1338 1566 1396 olim
1596 1334 1850 1412 dictum,
1891 1339 2044 1408 mter
2083 1340 2320 1397 Aeneae
2363 1357 2474 1396 au·
2577 1371 2586 1382 ·

224 1422 369 1480 xiiia
394 1421 546 1480 bene
574 1423 775 1481 referri
800 1424 1019 1503 potuit,
1062 1421 1538 1505 quandoquidem
1566 1423 1628 1480 in
1651 1425 1987 1482 societatem
2014 1434 2072 1483 et
2099 1425 2416 1482 amicitiam
2441 1444 2476 1482 a

224 1509 505 1566 Romanis
536 1519 837 1588 receptum
884 1509 1187 1567 Gallorum
1235 1527 1395 1566 arma
1420 1511 1486 1568 in
1515 1511 1808 1568 Romanos
1838 1511 2075 1568 avertit:
2131 1512 2260 1568 Liv.
2289 1510 2359 1584 V,
2390 1513 2476 1574 36

223 1613 313 1674 sq.
398 1595 541 1651 Erat
567 1594 704 1652 urbs
732 1595 1127 1676 antiquissima
1142 1639 1160 1670 ,
1205 1613 1323 1675 qua
1346 1597 1576 1654 Etrusci
1613 1595 1862 1653 Umbros
1891 1597 2212 1672 eiecerant3
2257 1593 2330 1654 de
2361 1614 2477 1675 qua

225 1688 285 1736 et
313 1678 471 1755 aliis,
516 1697 667 1760 quae
694 1691 1015 1761 sequuntur
1033 1723 1050 1756 ,
1094 1681 1213 1757 egit
1238 1700 1396 1739 nunc
1427 1678 1656 1739 doctiss.
1681 1681 1866 1738 Lanzi
1909 1679 2192 1760 (Saggio
2222 1679 2290 1738 dc·
2315 1681 2476 1738 Lin-

216 1785 355 1844 gua
386 1765 652 1822 Etru-sca
679 1766 859 1825 Tom.
886 1763 993 1846 11).
1088 1765 1273 1823 cosae
1288 1808 1313 1838 ,
1349 1767 1445 1824 vel
1474 1767 1619 1824 Cosa
1645 1810 1660 1840 ,
1712 1764 1786 1824 ad
1824 1786 1988 1824 mare
2014 1787 2186 1846 supra
2215 1767 2476 1824 Herculis

221 1860 462 1930 portum
484 1852 627 1908 sitae
652 1895 669 1926 ,
721 1851 873 1909 Cosa
909 1849 1309 1910 Vblcientium
1350 1852 1544 1910 Plinio
1575 1850 1760 1910 dictae
1786 1852 1889 1911 lib.
1917 1853 2019 1927 111,
2048 1853 2117 1922 5,
2147 1853 2206 1928 8,
2255 1871 2290 1910 a
2327 1851 2477 1910 Vol-

224 1937 312 1993 cis
338 1935 611 1994 videntur
639 1957 760 1996 esse
790 1935 1103 2012 deductae3
1149 1939 1456 2019 antiquum
1482 1935 1547 1995 id
1571 1939 1838 1995 Etruriae
1867 1935 2149 2018 oppidum
2166 1981 2182 2012 ,
2225 1937 2371 1996 forte
2402 1933 2478 1994 ad

220 2023 415 2101 ipsum
445 2021 709 2081 Clusium
736 2025 1023 2102 originem
1050 2025 1262 2099 retulit,
1301 2034 1402 2083 aut
1427 2024 1534 2082 sub
1566 2023 1935 2082 Clusinorum
1963 2034 2307 2104 potestatem
2335 2023 2479 2081 olim

220 2107 331 2166 fuit
354 2125 373 2165 ι
418 2107 589 2166 Certe
615 2129 691 2166 ex
718 2106 807 2167 his
835 2127 1024 2166 unum
1052 2129 1265 2189 agmen
1294 2109 1612 2168 conflatum
1640 2108 1905 2168 videmus
1933 2110 1994 2166 in
2022 2110 2282 2188 Virgilio.
2347 2111 2479 2166 Du-

223 2196 301 2251 cit
328 2193 475 2252 illud
502 2195 813 2254 Massicus:
859 2196 967 2254 sub
998 2215 1118 2275 quo
1149 2196 1519 2254 Clusinorum
1544 2197 1660 2252 Lar
1689 2215 1809 2254 esse
1841 2193 2041 2254 debuit
2081 2193 2346 2268 Οείηίιιε,
2379 2195 2478 2276 qui

220 2279 375 2336 infra
418 2299 479 2338 v.
524 2281 649 2346 655
692 2291 1072 2340 memoratur.
1167 2282 1437 2338 Alterum
1482 2299 1698 2359 agmen
1743 2291 1829 2339 est
1870 2299 1948 2338 ex
1989 2279 2336 2358 Populonia
2375 2300 2480 2337 seu

222 2365 557 2442 Populonio
600 2375 658 2422 et
709 2385 787 2423 ex
810 2367 1001 2424 insula
1043 2365 1187 2424 Ilva
1229 2385 1331 2423 seu
1359 2361 1661 2441 Aethalia,
1709 2385 1870 2424 nunc
1898 2363 2105 2436 Elba,
2150 2366 2208 2422 ei
2235 2367 2478 2440 obiecta,

226 2459 516 2508 coactum.
620 2451 935 2531 Populonii
978 2453 1139 2529 origo
1182 2452 1403 2508 incerta
1458 2461 1563 2508 est.
1623 2449 1743 2508 vid.
1790 2451 1958 2509 Serv.
2001 2445 2076 2507 ad
2103 2447 2166 2507 h.
2197 2451 2236 2507 1.
2326 2451 2478 2522 Ilva,

226 2537 609 2593 Etruscorum
654 2536 882 2593 colonia
924 2532 1083 2610 (vid.
1128 2534 1409 2614 Stephan.
1448 2537 1515 2593 ιιι
1557 2530 1884 2615 Αἰθᾶλη),
1931 2536 2073 2593 olim
2111 2539 2290 2611 aeris,
2335 2556 2482 2594 mox

226 2622 365 2679 ferri
391 2617 605 2679 fodinis
632 2621 1019 2678 nobilissima.
1062 2618 1183 2678 vid.
1214 2622 1423 2679 Strabo
1466 2620 1538 2693 V,
1567 2640 1628 2699 p·
1659 2618 1803 2685 342.
1833 2618 2072 2678 Diodor.
2102 2622 2172 2695 V,
2207 2626 2284 2685 13
2317 2632 2374 2678 et
2404 2622 2481 2680 al.

228 2704 388 2785 apud
434 2705 664 2763 Cluver.
703 2706 833 2763 Ital.
876 2724 1012 2785 pag.
1056 2704 1184 2775 502
1211 2724 1339 2785 sqq:
1373 2716 1431 2764 et
1458 2704 1627 2763 Serv.
1675 2702 1749 2761 ad
1776 2703 1838 2762 h.
1868 2707 1910 2763 l.
1955 2706 2117 2763 Mille
2143 2707 2297 2765 viros
2326 2708 2483 2763 Pisa

230 2790 513 2850 adductos
554 2789 819 2849 videmus
859 2810 919 2848 v.
967 2794 1045 2854 17
1049 2790 1188 2854 5—-
1208 2794 1350 2855 180.
1435 2792 1634 2848 Pisam
1674 2800 1870 2847 autem
1910 2792 2061 2848 inter
2101 2791 2272 2848 urbes
2301 2811 2335 2848 a
2363 2793 2486 2848 Pe-

228 2879 401 2956 lasgis
432 2878 507 2935 ab
552 2876 965 2956 Aboriginibus
992 2874 1274 2933 habitatas
1314 2876 1513 2957 paullo
1545 2886 1678 2933 ante
1705 2874 1989 2935 vidimus:
2033 2884 2102 2933 ut
2137 2876 2287 2932 inter
2328 2877 2484 2933 anti-

232 2966 533 3043 quissimas
576 2964 740 3021 illam
782 2962 957 3021 fuisse
993 2982 1229 3019 necesse
1258 2962 1349 3020 sit.
1433 2958 1786 3045 Lycophron
1825 2963 1978 3041 ipsos
2005 2958 2202 3041 Lydos
2232 2959 2484 3021 advenas

227 3052 429 3109 Pisam
459 3068 769 3129 occupasse
795 3045 971 3109 tradit
994 3068 1054 3105 v.
1088 3046 1281 3119 1359,
1313 3047 1473 3129 quod
1502 3063 1580 3106 ex
1607 3048 1882 3127 opinione
1908 3058 2172 3105 veterum
2202 3044 2276 3104 de
2303 3048 2485 3105 Etru-

228 3153 463 3195 scorum
504 3154 583 3193 ex
624 3132 815 3215 Lydia
856 3135 1081 3211 origine
1117 3133 1586 3213 intelligendum.
1671 3135 1833 3191 Fecit
1873 3143 2072 3190 tamen
2108 3134 2482 3210 scriptoribus

228 3221 499 3282 fraudem
526 3230 586 3279 et
614 3219 760 3278 haec
786 3222 1039 3277 nominis
1068 3218 1381 3277 similitudo
1398 3264 1414 3293 ,
1456 3231 1526 3277 ut
1553 3238 1588 3277 a
1614 3221 1748 3277 Pisa
1775 3217 1956 3277 Elidis
1983 3217 2271 3298 profectos
2320 3218 2486 3277 dice—-

230 3318 392 3383 rent,
436 3309 540 3387 qui
578 3308 779 3365 Pisam
814 3307 1083 3363 Etruriae
1124 3302 1475 3379 conderent,
1458 3326 1493 3343 ·-
1539 3303 1659 3364 vid.
1704 3305 1914 3363 Strabo
1955 3305 2041 3378 V,
2084 3323 2218 3383 pag.
2249 3302 2384 3369 840
2407 3306 2480 3363 B.

230 3395 385 3451 Plin.
428 3394 531 3466 111,
561 3392 623 3456 5.
674 3394 880 3455 lustin.
920 3392 1059 3465 XX,
1098 3394 1153 3453 1.
1220 3392 1407 3450 Soh‘n.
1440 3395 1501 3455 8.
1534 3401 1593 3448 et
1621 3410 1654 3447 e
1682 3400 1879 3450 nostro
1909 3390 2086 3448 Rutil.
2117 3392 2249 3448 ltin.
2278 3393 2323 3464 Ι,
2357 3388 2484 3455 565

231 3498 318 3559 sq.
402 3436 586 3536 Addit
630 3477 839 3537 Strabo
882 3476 1055 3534 fuisse
1101 3494 1197 3533 eos
1244 3496 1321 3533 ex
1355 3478 1425 3534 iis
1450 3478 1602 3557 ,qui
1627 3478 1930 3534 Nestorem
1959 3473 2035 3532 ad
2053 3476 2228 3532 Ilium
2256 3477 2486 3557 sequuti

232 3567 293 3623 in
322 3562 512 3623 reditu
539 3564 635 3621 via
666 3564 1089 3621 aberraverant.
1172 3562 1463 3620 Homerus
1497 3572 1694 3619 tamen
1725 3562 1941 3619 Pisatas
1968 3579 2090 3618 ιιοιι
2119 3579 2488 3619 commemo-

236 3660 324 3708 rat
346 3652 496 3707 inter
526 3668 655 3723 eos,
698 3668 843 3730 quos
872 3650 1081 3707 Nestor
1108 3645 1373 3706 adduxit.
1455 3644 1630 3706 Adde
1675 3648 1954 3706 Serviane
1985 3645 2060 3705 ad
2087 3668 2144 3705 v.
2179 3651 2302 3711 179
2331 3645 2394 3705 h.
2422 3648 2486 3723 1.,

235 3733 395 3793 unde
420 3745 579 3813 patet
604 3736 773 3815 plura
800 3734 975 3792 finisse
1002 3742 1309 3811 poetarum
1336 3733 1431 3791 vel
1470 3732 1878 3792 historicorum
1905 3742 2236 3791 commenta
2281 3731 2354 3791 de
2383 3733 2488 3789 Pi·—

236 3840 335 3879 sae
364 3822 606 3898 origine.
690 3822 825 3877 Alia
850 3830 1050 3877 tamen
1078 3820 1141 3874 ιιι
1184 3818 1391 3877 Servio
1414 3818 1639 3897 legerat
1666 3819 1776 3876 Iul.
1807 3818 2011 3877 Sabin.
2103 3819 2384 3899 Sequitur
2425 3840 2487 3878 v.

243 3908 463 3971 180-
482 3903 605 3968 184
632 3906 810 3963 Astur
839 3924 977 3964 cum
1004 3906 1275 3963 trecentis
1305 3923 1381 3962 ex
1406 3903 1653 3984 Agylla
1680 3924 1784 3962 seu
1823 3904 2005 3962 Caere
2033 3914 2091 3962 et
2119 3906 2320 3963 vicinis
2346 3905 2489 3964 locis

238 3990 533 4063 adductis,
576 3992 791 4050 scilicet
834 4010 913 4051 ex
948 3992 1099 4069 agris
1144 4008 1211 4048 ac
1252 3991 1392 4049 vicis
1439 3994 1594 4049 circa
1623 3990 1961 4047 Illinionem
2001 3988 2248 4048 fluvium
2292 3990 2488 4066 (nunc

238 4076 601 4155 Mag-none)
630 4074 791 4135 haud
815 4077 992 4154 longe
1021 4096 1057 4133 a
1086 4076 1530 4151 centumcellis,
1573 4079 1788 4155 exiguo
1816 4076 2118 4133 intervallo
2147 4094 2343 4135 versus
2385 4096 2491 4135 oc-

236 4161 530 4221 cidentem
572 4162 685 4221 fuit
720 4164 993 4223 Gravisca
1034 4162 1130 4220 vel
1180 4160 1556 4235 Graviscae,-
1603 4164 1752 4221 ultra
1793 4162 2118 4221 Minionem
2145 4162 2218 4219 ab
2247 4163 2488 4234 oriente,

236 4268 433 4307 versus
474 4248 655 4305 Caere
673 4292 691 4322 ,
750 4248 967 4327 Ryrgi.
1059 4248 1199 4327 Egit
1245 4244 1319 4306 de
1364 4248 1620 4329 utrisque
1663 4246 1970 4326 diligenter
2013 4248 2242 4305 Cluver.
2271 4246 2398 4303 Ital.
2427 4264 2488 4323 p.

237 4333 385 4401 488.
413 4332 559 4399 495.
621 4334 858 4393 Servius
888 4334 965 4393 ad
991 4330 1054 4392 h.
1074 4334 1117 4391 l.
1147 4334 1373 4413 Pyrgos
1402 4336 1481 4393 ait
1509 4332 1824 4391 castellum
1851 4333 2027 4392 fuisse
2053 4329 2492 4388 nobilissimum

236 4440 299 4478 eo
328 4430 587 4497 tempore
600 4464 617 4494 ‚
678 4438 797 4497 quo
834 4420 1021 4476 Ἰιιεσί
1036 4419 1371 4496 piraticam
1400 4420 1767 4476 exercuerint
1807 4416 1998 4494 (nam
2039 4415 2170 4472 illic
2198 4423 2490 4491 metropo-

234 4504 459 4586 lissuit
476 4528 497 4563 .·
542 4506 617 4565 ab
659 4502 897 4564 indocto
927 4502 1167 4564 homine
1194 4504 1307 4564 fuit
1334 4502 1626 4564 adiectum
1641 4500 1700 4586 ):
1748 4502 1914 4583 quod
1925 4510 2138 4579 postea
2174 4518 2493 4579 expugna-
