3009 5050
2036 279 2084 331 ο

749 431 1691 510 AD·LIBRUM
1793 435 1969 511 VII
2352 447 2490 520 161

249 623 568 684 Laurentes
597 623 998 706 'Troianosque
1042 644 1214 684 cerva
1257 643 1422 684 caesa
1440 669 1455 698 ‚
1516 645 1669 707 quae
1708 625 1927 688 Silviae
1966 630 2029 685 in
2074 626 2295 688 deliciis
2354 643 2495 708 erat,

251 709 635 784 concitatum3
681 711 958 769 Caeculus
985 711 1232 769 scintilla
1257 711 1332 768 ab
1358 712 1599 771 Laribus
1626 711 1759 770 foco
1800 713 2083 793 impositis
2122 713 2421 774 desiliente
2460 737 2495 776 a

249 805 439 852 matre
467 805 778 874 conceptus
814 795 940 871 (cul
981 797 1180 856 similis
1221 795 1418 854 fabula
1461 795 1536 854 de
1576 797 1813 856 Romuli
1854 810 1913 857 et
1951 801 2125 858 Remi
2164 811 2295 859 ortu
2337 802 2493 880 apud
2595 865 2615 876 ,

249 877 542 938 Plutarch.
569 882 803 941 Romul.
831 901 893 960 p.
929 886 1006 946 18
1037 885 1108 940 D.
1137 883 1211 940 B..
1230 874 1550 960 'occul-rit„
1594 883 1777 941 Cacus
1796 927 1814 958 ,
1864 886 1967 966 qui
2002 885 2205 963 ignem
2246 905 2346 944 ore
2382 905 2493 945 vo-

247 965 479 1038 mebat3
529 976 785 1026 mutatae
839 970 904 1024 in
959 965 1261 1046 Nymphas
1309 987 1522 1042 naves3
1578 968 1771 1027 Ocnus
1788 1013 1804 1042 ,
1862 971 2139 1028 Mantuae
2194 971 2491 1048 conditor3

251 1051 492 1112 Camilla
519 1052 708 1110 infans
737 1050 932 1111 hastae
957 1054 1188 1132 illigata·
1206 1063 1264 1110 et
1297 1063 1456 1110 tram
1495 1071 1737 1110 amnem
1774 1056 1955 1130 iacta3
2004 1058 2147 1112 strix
2192 1058 2385 1114 Turni
2426 1077 2491 1116 os

249 1137 670 1195 circumvolans
719 1149 1087 1219 mortemque
1143 1136 1515 1218 portendens.
1614 1139 1775 1210 Quae
1826 1140 2057 1211 fabulae
2108 1160 2245 1198 cum
2286 1152 2491 1220 poetae

245 1224 464 1280 summi
493 1233 614 1282 arte
635 1233 702 1280 et
741 1225 978 1302 ingenio
1019 1225 1307 1304 expolitae
1348 1225 1450 1283 vix
1493 1224 1809 1299 nitescant3
1860 1243 2093 1303 prorsus
2138 1226 2491 1284 omittendae

243 1306 410 1364 fitero
438 1307 604 1366 aliae.
687 1310 808 1366 Nec
835 1329 974 1369 vero
1002 1307 1116 1367 hoc
1140 1309 1473 1383 mirabitur,
1519 1311 1621 1389 qui
1664 1311 2021 1384 meminerit,
2067 1311 2341 1369 Graeciae
2382 1331 2491 1369 ve-

243 1393 384 1451 teris
409 1391 632 1452 fabulas
661 1395 735 1452 ab
761 1395 926 1452 initio
954 1396 1104 1454 forte
1125 1413 1248 1453 non
1297 1396 1492 1452 minus
1522 1415 1557 1451 a
1584 1397 1811 1474 poetica
1850 1396 2135 1474 elegantia
2151 1441 2167 1469 ,
2211 1398 2489 1456 suavitate

246 1487 310 1534 et
335 1476 616 1556 dignitate
629 1523 644 1552 ,
686 1479 898 1538 alienas
917 1525 935 1554 ,
973 1499 1190 1559 magno
1215 1481 1474 1562 plurium
1500 1491 1807 1558 poetarum
1842 1481 1951 1538 sibi
1993 1483 2247 1539 invicem
2286 1501 2491 1541 succe—

247 1562 516 1622 dentium
542 1561 732 1622 studio
761 1565 932 1628 fuisse
963 1566 1276 1645 expolitasg
1322 1567 1534 1624 Italicis
1584 1576 1780 1624 autem
1822 1565 2031 1625 fabulis
2074 1567 2323 1624 similem
2363 1567 2489 1626 for-

245 1659 454 1706 umam
479 1669 784 1730 nunquam
811 1653 1116 1730 contigisse
1132 1697 1148 1726 ,
1189 1645 1278 1708 titi
1303 1669 1413 1709 nec
1453 1651 1665 1708 artium
1704 1663 2000 1712 maturum
2041 1653 2286 1712 cultum.
2367 1655 2489 1711 Ita-

249 1753 368 1814 que
389 1733 456 1792 in
485 1731 576 1794 his
613 1734 810 1796 videas
851 1737 1159 1812 nonnulla,
1207 1753 1356 1818 quae
1393 1756 1471 1794 ne
1512 1735 1748 1796 definita
1791 1735 2030 1818 quidem
2074 1749 2133 1796 et
2180 1740 2489 1798 constituta

243 1821 378 1877 satis
405 1830 542 1878 sunt
556 1864 573 1895 ,
615 1831 684 1880 ut
709 1823 977 1880 attributa
1007 1819 1251 1880 deorum
1266 1867 1281 1896 ‚
1332 1841 1481 1904 quae
1510 1821 1667 1903 apud
1696 1825 1945 1882 Graecos
1984 1822 2268 1882 artificum
2312 1843 2489 1903 opera

245 1908 478 1984 egregie
503 1917 640 1965 suut
671 1905 938 1990 disposita
983 1919 1042 1966 et
1083 1907 1383 1987 descripta.
1469 1907 1615 1965 Inde
1656 1909 1875 1966 factum
1912 1910 2155 1967 arbitror
2170 1953 2187 1983 ,
2241 1919 2305 1968 ut
2346 1909 2486 1984 falx,

246 2011 398 2071 quae
441 1991 694 2051 Saturno
739 1996 970 2073 proprie
1013 2005 1134 2052 erat
1173 1991 1511 2068 tribuenda,
1581 1991 1802 2052 Sabino
1846 1991 2068 2052 adiecta
2106 1996 2178 2051 sit
2218 1995 2319 2053 lib.
2362 1996 2485 2070 vll,

247 2080 391 2142 178.
425 2080 547 2142 179
563 2089 862 2160 paterque
895 2077 1164 2138 Sabinus
1199 2079 1488 2137 Vitisator
1503 2121 1529 2148 ,
1582 2099 1839 2137 curvam
1882 2099 2129 2136 servans
2162 2078 2277 2137 sub
2326 2080 2487 2136 inm-

235 2164 384 2238 gine
404 2161 669 2240 fizlcem.
761 2165 948 2224 clavis
974 2161 1274 2245 proprium
1304 2175 1388 2222 est
1423 2165 1650 2243 insigne
1688 2165 1833 2222 Iani.
1919 2165 2002 2223 At
2048 2163 2207 2244 apud
2248 2167 2487 2222 Festum

241 2249 301 2306 in
340 2247 634 2306 Clandate
657 2251 1012 2308 Portumnus
1041 2252 1253 2310 clavim
1293 2269 1475 2308 manu
1512 2259 1711 2308 tenere
1750 2249 1961 2309 dicitur
1976 2293 1993 2323 ,
2050 2261 2119 2308 ut
2158 2248 2300 2308 deus
2345 2269 2487 2330 por·-

241 2343 430 2392 tuum.
518 2335 646 2406 Qua
671 2355 737 2392 re
765 2334 976 2394 adduci
1001 2355 1064 2394 se
1100 2355 1297 2417 passus
1339 2345 1461 2396 erat
1503 2337 1771 2394 Heinsius
1814 2333 1891 2393 ad
1932 2333 2101 2396 Ovid.
2142 2335 2285 2395 Met.
2326 2336 2485 2412 xlv,

239 2417 387 2494 334,
413 2429 480 2478 ut
505 2419 715 2478 Ianum
743 2423 996 2503 aliquem
1023 2423 1417 2490 Portumnum
1439 2422 1549 2479 sibi
1575 2419 1839 2500 fingeret.

412 2505 572 2565 Haec
601 2526 737 2565 cum
762 2509 843 2567 ita
869 2528 932 2565 se
959 2504 1271 2581 haberent,
1301 2504 1643 2585 deligendae
1668 2505 1831 2565 fuere
1866 2506 2095 2564 Maroni
2136 2505 2363 2565 fabulae
2408 2526 2485 2567 ex

239 2588 440 2647 multis
485 2608 708 2669 paucae
728 2635 743 2664 ,
797 2611 1018 2673 eaeque
1059 2612 1182 2651 non
1219 2591 1398 2650 modo
1439 2611 1613 2651 succo
1642 2602 1703 2651 et
1726 2593 2038 2671 sanguine,
2078 2610 2281 2651 venun
2308 2592 2487 2651 etiam

239 2671 446 2733 habitu
489 2694 556 2733 ac
597 2678 790 2755 specie
805 2720 824 2752 ,
879 2687 947 2737 ut
995 2677 1076 2734 ita
1122 2676 1315 2734 dicam
1330 2719 1346 2745 ‚
1405 2676 1791 2735 Graecanicae
1852 2676 2079 2734 fabulae
2134 2676 2483 2737 vestiendae.

237 2759 370 2831 Quo
397 2760 524 2840 ipso
553 2770 612 2818 et
637 2762 906 2819 novitatis
933 2758 1092 2818 aliud
1117 2778 1300 2839 genus
1327 2771 1715 2841 consequutus
1743 2772 1827 2819 est
1852 2771 2023 2839 poeta
2036 2805 2053 2833 ,
2102 2770 2161 2819 et
2184 2764 2485 2839 permixtis

237 2847 394 2903 inter
430 2864 493 2905 se
535 2846 880 2927 illigatisque
907 2846 1113 2905 fabulis
1155 2846 1392 2904 Graecis
1431 2844 1756 2925 Italicisque
1796 2854 2136 2903 ornamenta
2178 2844 2381 2903 habuit
2420 2848 2485 2903 in

235 2940 474 3010 promtu
489 2976 507 3009 ‚
568 2950 715 3013 quae
743 2952 850 3011 pro
892 2932 1079 2990 lubitu
1125 2942 1226 2991 aut
1267 2930 1506 2989 oonsilio
1528 2926 1823 2989 'adbibere
1861 2938 2071 3009 posset.
2156 2928 2483 3007 Originibus

235 3026 436 3075 autem
463 3018 815 3096 populorum
845 3028 903 3076 et
927 3018 1164 3077 urbium
1201 3016 1398 3075 Italiae
1441 3034 1476 3073 a
1520 3016 1757 3075 Graecis
1798 3014 2081 3099 repetitis,
2140 3032 2263 3071 non
2302 3010 2481 3071 modo

238 3112 543 3161 contextus
571 3122 768 3161 rerum
789 3114 848 3161 et
875 3104 1144 3163 carminis
1183 3102 1504 3182 aequabili,
1563 3122 1674 3160 nec
1718 3121 1753 3160 a
1795 3120 1857 3160 se
1900 3096 2276 3173 abhorrente,
2332 3099 2483 3157 facie

235 3184 560 3269 habituque
586 3190 878 3269 procedit:
935 3208 1142 3249 verum
1171 3190 1347 3247 etiam
1371 3188 1595 3246 fabulas
1622 3188 1957 3246 Homericus
1975 3229 1990 3259 ,
2048 3204 2199 3266 quae
2242 3186 2483 3243 carmini

237 3274 508 3332 omnium
553 3278 812 3333 maxime
847 3272 1322 3334 accommodatae
1365 3294 1486 3332 esse
1538 3274 1757 3348 solent,
1810 3283 1878 3329 ut
1936 3268 2251 3349 adiungere
2290 3281 2481 3349 posset

235 3358 446 3417 Italicis
459 3402 478 3433 ‚
537 3358 803 3442 adeoque
827 3363 1226 3419 narrationum
1253 3360 1446 3438 copias
1471 3356 1713 3416 haberet
1738 3357 2123 3437 paratissimas
2138 3398 2154 3429 ,
2206 3354 2481 3415 effectum

237 3454 344 3506 est.
429 3444 704 3504 Ceterum
727 3448 792 3505 in
817 3444 932 3507 hoc
973 3466 1188 3525 genere
1230 3446 1583 3503 imitatorem
1630 3442 1833 3503 habuit
1873 3451 2221 3522 perpetuum
2268 3440 2481 3501 Silium

233 3530 533 3605 Italicum,
574 3530 920 3612 perdoctum
949 3542 1205 3611 poetam.

403 3614 745 3675 Dardanum
771 3616 1010 3698 quidem
1053 3636 1130 3675 ex
1169 3613 1428 3697 Corytho
1467 3614 1733 3673 Etruriae
1774 3613 1917 3672 urbe
1960 3622 2155 3671 ortum
2194 3608 2479 3686 habuisse,

241 3698 490 3761 absurda
520 3712 605 3761 est
631 3705 882 3761 narratio
900 3748 916 3776 ,
959 3704 1006 3760 si
1036 3701 1108 3762 de
1137 3699 1404 3763 historica
1429 3702 1653 3758 ratione
1682 3700 1975 3781 quaeritur
2015 3696 2101 3772 (v.
2128 3698 2371 3756 Excurs.
2400 3698 2479 3755 VI

237 3785 316 3845 ad
344 3787 445 3845 lib.
471 3785 605 3863 111).
687 3785 871 3846 Poeta
895 3799 1093 3847 tamen
1135 3788 1502 3845 oraculorum
1543 3786 1813 3862 ambages
1852 3786 1915 3841 in
1958 3802 2027 3841 ea
2070 3782 2301 3863 egregie
2339 3782 2478 3841 fun-

235 3869 398 3930 davit
426 3868 573 3944 (vid.
599 3874 763 3953 Disq.
791 3876 864 3947 11,
893 3894 954 3953 p.
982 3874 1256 3946 LXXXI,
1288 3871 1442 3931 conf.
1471 3870 1597 3944 vn,
1625 3870 1751 3934 205
1781 3872 1959 3950 sqq.).
2146 3918 2158 3930 .

405 3956 666 4015 Herculis
693 3956 908 4017 reditus
947 3978 1052 4037 per
1098 3958 1324 4017 Italiam
1337 4002 1353 4030 ,
1412 3954 1673 4018 abductis
1717 3956 2001 4035 Geryonis
2038 3952 2309 4024 armentis
2328 3994 2345 4024 ,
2402 3946 2477 4008 de

235 4058 358 4123 quo
386 4051 508 4099 tam
533 4042 786 4109 iucunda
826 4044 1140 4103 instituitur
1185 4042 1330 4100 libro
1373 4042 1506 4099 VH]
1546 4040 1795 4097 narratio
1813 4082 1829 4111 ‚
1876 4040 2095 4097 Graeca
2138 4046 2223 4095 est
2264 4034 2475 4105 fabula,

232 4126 461 4185 diversa
489 4146 524 4188 a
555 4124 789 4189 diversis
817 4138 1048 4203 ornata3
1089 4124 1226 4187 vide
1252 4148 1310 4183 v.
1340 4146 1391 4183 c.
1421 4128 1647 4184 Conon.
1674 4126 1895 4182 Narrat.
1926 4128 1965 4187 3
2005 4132 2135 4204 post
2161 4122 2401 4199 Dionys.
2426 4120 2474 4193 1,

231 4211 340 4277 84.
369 4214 452 4275 89
481 4232 610 4295 sqq.
640 4223 696 4271 et
723 4216 1017 4273 Victorem
1048 4212 1118 4270 0.
1147 4212 1220 4269 G.
1251 4212 1322 4269 R.
1353 4230 1404 4267 c.
1435 4214 1496 4273 6.

403 4296 578 4355 Missa
624 4297 698 4356 ad
737 4298 1087 4357 Diomedem
1141 4314 1176 4353 a
1229 4296 1446 4353 Latinis
1501 4293 1711 4371 legatio
1776 4290 1851 4349 ad
1908 4288 2159 4371 petenda
2206 4287 2475 4359 aditet-sus

229 4382 525 4441 Troianos
567 4386 782 4443 auxilia
795 4428 812 4459 ‚
856 4396 916 4442 et
953 4382 1203 4441 narratio
1243 4381 1569 4459 legatorum
1608 4375 1683 4434 de
1721 4374 2018 4437 Diomedis
2060 4376 2230 4435 rebus
2248 4414 2265 4445 ,
2306 4388 2477 4449 prae-

227 4468 374 4529 clari
401 4462 644 4545 episodii
667 4468 904 4528 laudem
941 4466 1136 4527 habet.
1219 4464 1312 4523 Bo
1354 4475 1551 4523 autem
1591 4478 1915 4521 careremus
1934 4504 1951 4536 ,
2014 4462 2126 4519 nisi
2173 4466 2337 4515 vetus
2382 4454 2477 4511 fa·-

334 4566 651 4645 Vnum..
704 4566 914 4643 Tou.
965 4564 1098 4642 ΠΙ.
1962 4562 2060 4632 ll
