3009 5050
492 437 641 512 644

491 623 729 695 Furta
764 641 955 718 paro
984 613 1179 689 belli
1210 595 1559 689 con'veito
1597 614 1680 687 in
1719 614 2040 688 tramite‘
2073 610 2334 707 silvae,

498 725 601 800 Ut
628 722 870 796 bivias
904 731 1205 794 armato
1233 716 1599 792 obsidam
1623 715 1876 791 milite
1899 714 2188 792 fauces,

936 433 1021 507 P.
1090 426 1620 508 VIRGILII
1683 425 2238 502 MARONIS

2585 620 2742 688 515

496 830 621 900 Tu
659 821 1161 921 Tyrrhenum
1192 821 1546 922 equitem
1576 818 1902 895 conlatis
1939 819 2209 918 excipe
2238 814 2511 912 signis3

497 933 801 1003 Tecum
832 949 1012 1001 acer
1042 929 1449 1024 Messapus
1484 923 1670 1020 erit,
1722 935 2194 1021 turmaeque
2243 918 2593 1016 Latinae,

496 1030 963 1131 Tiburtique
994 1051 1307 1103 manus:
1362 1026 1580 1102 ducis
1615 1038 1696 1101 et
1735 1039 1825 1102 tu
1871 1024 2204 1124 concipe
2240 1045 2528 1101 curam.

496 1135 622 1209 Sic
662 1135 799 1229 ait,
856 1144 937 1208 et
967 1129 1285 1232 paribus
1312 1135 1770 1228 Messapum
1803 1130 1884 1204 in
1921 1126 2221 1229 proelia
2259 1123 2478 1201 dictis
2586 1135 2741 1202 520

598 1280 769 1350 519.
823 1275 1323 1358 Tmunmquz

492 1479 698 1546 Menag.
769 1479 958 1550 iugum
992 1494 1263 1550 superam
1304 1475 1443 1529 alter
1476 1474 1686 1538 Hamb„
1718 1489 1852 1543 quae
1884 1471 2143 1542 vulgaris,
2189 1480 2250 1524 ut
2280 1473 2378 1526 inf.
2413 1489 2464 1524 r.
2499 1470 2620 1535 906,
2657 1479 2742 1523 est

490 1558 775 1604 structura:
828 1550 923 1600 sed
960 1547 1294 1616 exquisitior:
1342 1549 1503 1613 iugo,
1544 1543 1788 1614 superior
1821 1543 2079 1608 evadens,
2127 1553 2372 1610 superato
2405 1541 2563 1609 iugo,
2597 1541 2738 1592 conf.

492 1634 606 1685 sup.
640 1617 707 1668 ad
738 1615 834 1668 ub.
874 1620 933 1676 n,
970 1619 1090 1672 207.

490 1686 726 1737 Heinsio.

1163 1617 1389 1668 advenit
1424 1615 1640 1666 Oudart.
1709 1617 1766 1665 in
1821 1611 2002 1664 urbem
2041 1611 2241 1680 aliquot
2275 1612 2428 1675 Pier.,

833 1686 935 1740 515
971 1687 1126 1737 belli:
1171 1684 1257 1737 hic
1304 1684 1657 1751 distinguebat
1709 1681 1906 1735 Zulicb.
1981 1699 2224 1733 convexa
2259 1681 2405 1731 Leid.

2476 1609 2740 1678 probante

2510 1678 2614 1732 516
2663 1681 2740 1731 Ut

491 1753 649 1806 binas
684 1755 898 1807 vratisl.
967 1765 1182 1805 armato
1218 1765 1281 1804 ut
1326 1753 1484 1804 binas
1520 1753 1603 1804 ed.
1651 1769 1732 1820 pr.
1783 1753 1950 1802 Burin.
2021 1749 2257 1802 obsidem
2293 1749 2441 1801 Laid.
2479 1758 2536 1798 et
2572 1747 2738 1800 Goth.

486 1831 612 1874 tert.
684 1820 937 1875 obsidunt
968 1822 1185 1875 Mediol.
1220 1823 1315 1873 Ed.
1352 1833 1405 1873 et
1438 1821 1612 1873 Lutat.
1646 1819 1714 1872 ad
1750 1825 1882 1872 Stat.
1918 1822 1942 1870 1
1976 1819 2151 1871 Theb.
2191 1819 2309 1871 609.

994 1891 1098 1945 519
1139 1889 1370 1943 Tiburni
1400 1892 1578 1942 Heius.
1611 1889 1825 1953 invexit,
1859 1888 2036 1940 nescio
2073 1905 2226 1958 quam
2255 1887 2418 1940 bene:
2453 1904 2568 1939 cum
2595 1887 2738 1938 idem

490 1891 574 1944 ed.
608 1908 687 1958 pr.
724 1893 891 1944 Burm-

2414 1817 2516 1872 517
2551 1820 2740 1888 accipe

434 1991 441 2006 ι
488 1976 604 2028 sup.
634 1960 729 2012 lib.
752 1961 867 2020 vn,
900 1959 1000 2013 671
1037 1957 1253 2012 Tiburti
1282 1957 1572 2028 reliquerit,
1607 1958 1698 2010 ubi
1731 1958 1910 2009 similis
1945 1958 2172 2010 varietas
2198 1956 2529 2008 occurrebat:
2566 1974 2738 2025 quan·-

526 2046 640 2081 uam
682 2027 910 2081 Tiburni
939 2037 995 2079 et
1027 2029 1121 2079 illo
1157 2029 1275 2079 loco
1312 2027 1710 2096 praeferendum
1746 2027 1990 2078 arbitror.
2059 2026 2223 2079 Addit
2257 2025 2338 2077 vir
2365 2023 2601 2089 doctiss„
2635 2027 2737 2078 Ti-

522 2099 655 2149 urm‘
684 2115 880 2149 mnus
913 2097 981 2147 ad
1014 2096 1301 2149 Tiburtium
1335 2095 1544 2148 fluvium
1581 2096 1750 2148 Tibur
1784 2095 2066 2148 alluentem
2102 2112 2216 2146 esse
2251 2095 2597 2147 referendum.
2653 2100 2738 2148 An

487 2165 735 2218 Anienem
771 2165 1058 2218 Tibur-num
1095 2183 1212 2216 esse
1246 2165 1452 2218 voluit?
1502 2164 1792 2218 Tibur-uum
1838 2165 2165 2216 conditorem
2201 2163 2432 2226 Tiburis,
2467 2165 2620 2216 deum
2652 2164 2738 2216 vel

487 2233 698 2287 heroem
731 2235 1045 2303 indigenam,
1080 2233 1315 2286 novimus
1350 2252 1554 2288 omnes:
1589 2235 1696 2286 vid.
1716 2235 1835 2286 Exc-
1865 2235 1989 2286 vul
2009 2233 2075 2284 ad
2101 2233 2216 2287 vu,
2269 2237 2527 2302 sequutus
2561 2245 2736 2286 autem

487 2315 567 2354 eat
603 2303 845 2355 Heinsius
878 2304 1189 2355 vetustiores
1237 2320 1360 2357 suos
1410 2321 1525 2355 cum
1563 2305 1798 2356 Donato:
1867 2304 2050 2372 quibus
2099 2303 2384 2355 accedebat
2421 2321 2544 2372 pars
2579 2303 2738 2368 Pion,

483 2373 751 2424 Mediceus
798 2382 970 2424 tamen
1022 2390 1053 2425 a
1100 2390 1204 2424 sec.
1240 2391 1306 2427 m.
1352 2373 1668 2442 Tiburtique
1705 2372 1894 2438 habet,
1941 2372 2102 2441 idque
2151 2373 2412 2424 Romanus
2462 2373 2634 2424 firmat
2683 2383 2738 2424 et

484 2442 691 2494 Servius
727 2459 839 2494 cum
872 2441 989 2494 aliis
1024 2442 1209 2503 codd.;
1243 2442 1380 2495 adde
1415 2453 1522 2494 tres
1557 2441 1720 2494 Goth.
1755 2451 1810 2494 et
1847 2441 1967 2494 edd.
2003 2451 2130 2493 vett.
2166 2449 2221 2492 et
2254 2442 2408 2494 Aldd.
2481 2441 2640 2507 (adde
2681 2443 2736 2496 7.

485 2513 537 2566 8.
569 2511 642 2579 9.,
674 2511 872 2595 Dorph.
910 2512 953 2564 l.
992 2512 1054 2564 11.
1089 2512 1157 2563 V.
1202 2521 1257 2563 et
1290 2512 1434 2581 Lips.
1457 2511 1548 2565 alt.
1585 2511 1744 2581 idque
1782 2511 2012 2574 restitui3
2050 2511 2151 2563 vid.
2189 2511 2250 2562 V.
2280 2511 2342 2563 L.
2372 2511 2440 2563 ad
2471 2513 2582 2573 vll,
2609 2513 2736 2567 671.

493 2582 713 2633 Tit-reni
746 2582 895 2651 Lips.
924 2582 1032 2633 obl.
1073 2582 1217 2648 Wr.)
1288 2584 1424 2635 Tum
1456 2599 1582 2651 pars
1633 2582 1788 2634 codd.
1824 2580 2129 2649 distinguit:
2183 2582 2245 2632 T.
2297 2599 2496 2633 manus
2547 2582 2732 2633 ducis:

485 2662 541 2701 σε
575 2663 668 2717 ια,
701 2650 855 2705 male.
924 2652 1184 2721 (Ceterum
1218 2650 1325 2704 vid.
1359 2653 1487 2705 Not.
1529 2652 1674 2718 Wr.)
2703 2676 2708 2685 ¹

485 2827 777 2887 hattonem
789 2848 1079 2909 agrorum,
1092 2827 1155 2889 h.
1170 2850 1222 2888 e.
1234 2830 1565 2909 agrestium,

485 2924 735 2975 revocat.
794 2916 994 2975 ardua
1038 2916 1255 2973 montis
1292 2914 1523 2972 deserta
1537 2935 1564 2987 ;

410 3000 413 3007 '
483 3016 715 3059 necesse
760 3012 843 3059 est
890 3011 1181 3059 extremas·
1202 2992 1566 3057 Albanorum

481 3088 773 3144 montium
814 3098 1003 3165 partes
1046 3087 1361 3165 respexisse
1416 3104 1565 3163 poe-

435 3175 446 3184 “
482 3178 625 3227 tam.
715 3170 963 3245 (Stmez
993 3172 1109 3229 Per
1137 3170 1357 3229 deserta
1384 3189 1562 3227 mon-

481 3254 553 3311 fis
580 3252 758 3311 ardua
774 3254 850 3312 ad
870 3258 1075 3314 urbem
1090 3256 1380 3328 adventat,
1420 3257 1560 3335 iugo

482 3354 551 3395 ea
578 3358 887 3417 superans3
930 3343 971 3399 i.
1004 3361 1056 3398 e.
1093 3360 1197 3419 per
1225 3343 1431 3419 iugum
1462 3360 1559 3397 ar-

483 3421 585 3482 dui
634 3423 959 3506 desertique
1000 3428 1213 3483 montis
1243 3428 1560 3506 appropin-

483 3518 641 3590 quat.
666 3508 835 3585 W.)
904 3506 1051 3575 515.
1080 3510 1293 3585 Rana,
1310 3512 1558 3570 sollemni

480 3605 781 3672 poetarum
793 3614 937 3653 voce
948 3614 1055 3675 pro
1070 3594 1307 3654 insidiis.
1338 3598 1557 3674 (Egre-

480 3680 575 3756 gie
619 3677 939 3761 callideque
995 3678 1106 3739 hoc
1160 3683 1469 3741 inventum
1522 3701 1558 3739 a

478 3775 668 3842 poeta,
700 3774 767 3822 ut
792 3765 1073 3843 probabili
1103 3785 1271 3825 causa
1294 3769 1558 3825 Aeneam

478 3858 539 3906 et
578 3848 850 3907 Turnum
878 3870 913 3907 a
952 3872 1150 3930 pugna
1176 3854 1559 3931 segregaverit

479 3942 653 4014 atque
712 3936 793 3992 ita
847 3935 1122 3995 Camillae
1158 3953 1299 4016 prae
1356 3938 1583 3998 ceteris·

479 4019 800 4078 excellendi
811 4021 1011 4079 locum
1022 4022 1315 4101 reliquerit
1330 4042 1347 4095 ς
1376 4018 1557 4104 quare

478 4104 789 4177 commode
852 4104 1005 4165 hanc
1066 4107 1197 4165 libri
1260 4110 1364 4166 xl.
1418 4126 1560 4186 par-

476 4200 600 4247 tem
672 4183 977 4270 ἆριστείαν
1058 4192 1365 4271 Καμίλλης
1447 4211 1558 4271 ap-

477 4276 677 4354 pelles.
730 4275 905 4355 W.)
992 4274 1136 4341 519.
1171 4274 1557 4335 Tiburtium—

478 4380 595 4417 nus
612 4404 629 4434 ,
690 4364 889 4440 copiae
932 4362 1271 4420 Tiburtinae
1288 4407 1305 4437 ,
1362 4382 1397 4421 a
1442 4364 1556 4423 Ti-

478 4443 665 4505 burno
708 4445 885 4506 heroe
942 4466 1011 4506 ac
1060 4446 1356 4508 conditore
1396 4446 1554 4535 desi-

1649 2838 1860 2905 gnatae
1875 2872 1892 2903 ,
1943 2826 2212 2887 fratribus
2257 2829 2379 2885 eius
2417 2826 2630 2885 Catillo
2675 2835 2734 2884 et

1651 2912 1798 2970 Cora
1829 2912 2104 2987 ducibus3
2133 2934 2261 2992 sup.
2293 2914 2414 2989 VII,
2447 2917 2571 2977 670
2600 2930 2731 2993 sqq·

1645 2997 1937 3057 Adversus
1981 3000 2302 3081 equitatum
2339 3000 2608 3072 Aeneae,
2667 3000 2732 3054 in

1649 3102 1766 3163 quo
1795 3094 2023 3143 turmae
2049 3084 2304 3143 Arcades
2347 3086 2420 3143 ab
2449 3080 2730 3141 Euandro

1645 3170 1882 3242 missae,
1953 3172 2118 3246 vm,
2169 3171 2292 3234 518
2350 3180 2410 3228 et
2448 3171 2730 3227 Etruscae

1644 3253 1773 3329 (lib.
1817 3255 1896 3329 X,
1949 3258 2093 3320 288.
2137 3256 2311 3332 239.)
2372 3266 2564 3329 erant,
2623 3274 2732 3333 per

1640 3340 1940 3418 planitiem
1971 3358 2312 3420 camporum
2357 3338 2730 3399 incedentem

1639 3427 1886 3483 mittitur
1913 3428 2207 3504 Messapus
2226 3470 2242 3498 ,
2289 3428 2390 3506 qui
2417 3446 2575 3484 nunc
2603 3444 2730 3483 non

1637 3528 1768 3568 suas
1809 3513 2000 3591 copias
2045 3510 2144 3588 (v.
2187 3531 2314 3590 sup.
2356 3513 2482 3585 vu,
2511 3513 2628 3575 691
2665 3521 2728 3569 et

1639 3597 1787 3653 Exc.
1816 3616 1878 3676 p.
1921 3599 2040 3660 169
2069 3597 2222 3677 sq.)‚
2279 3597 2383 3655 sed
2405 3598 2632 3655 Latinas
2663 3605 2727 3654 et

1641 3681 1976 3739 Tiburtinas
1990 3692 2208 3741 tun-mm
2225 3694 2508 3762 equestres
2541 3678 2726 3757 ducit,

1642 3776 1701 3824 et
1729 3786 1867 3825 cum
1895 3786 1966 3825 eo
1995 3768 2260 3826 Camilla.
2305 3767 2521 3843 (ducis
2563 3777 2620 3823 et
2655 3778 2727 3824 tu

1643 3870 1807 3909 conc.
1841 3872 1894 3911 c.
1954 3854 2044 3910 Ne
2086 3850 2394 3911 offendaris
2438 3854 2724 3935 particula

1643 3946 1703 3993 et
1715 3978 1740 4006 ‚
1797 3957 1938 3996 cave
1979 3936 2125 3996 haec
2177 3942 2258 3995 ita
2313 3940 2566 4017 explices
2579 3958 2598 3997 ε
2655 3949 2724 3998 tu
2836 3945 2846 3960 ’

1644 4041 1830 4102 aeque
1889 4020 2012 4081 dux
2051 4032 2172 4082 esto
2229 4034 2404 4103 atque
2443 4026 2564 4098 illi3
2618 4021 2722 4084 sed

1642 4117 1781 4187 puta
1799 4110 2071 4167 Turnum
2099 4106 2188 4167 his
2207 4110 2394 4167 verbis
2409 4109 2718 4183 declarare,

1641 4191 1940 4274 quomodo
1980 4195 2166 4273 ipsam
2209 4212 2412 4252 secum
2459 4197 2722 4255 laborem

1639 4280 1839 4357 partiri
1865 4279 2034 4352 velit,
2073 4278 2210 4337 coll.
2249 4299 2333 4337 vs.
2361 4280 2511 4345 510.
2557 4282 2722 4338 Tur-

1639 4382 1750 4421 nus
1783 4365 1942 4421 enim
1975 4382 2159 4444 quum
2175 4382 2326 4423 unus
2349 4376 2496 4423 esset
2525 4368 2720 4423 omni-

1637 4466 1746 4507 um
1787 4448 1908 4507 dux
1921 4492 1940 4525 ,
1993 4449 2300 4507 Camillam
2327 4466 2568 4533 quoque
2603 4449 2721 4511 du-
