3009 5050
492 449 643 520 650
953 441 1035 517 P.
1089 438 1628 564 witelmi
1693 437 2250 515 MARoms
2340 379 2348 386 ¹

486 627 668 726 lpse
716 637 943 726 pater
966 621 1341 701 famulam
1375 649 1666 712 vove03
1720 639 1850 700 tua
1885 625 2143 726 prima
2171 649 2320 724 per
2352 648 2574 698 auras

492 727 684 802 Tela
721 741 1002 802 tenens
1042 728 1373 830 supplex
1406 728 1726 805 hostem
1753 727 1973 826 fugit.
2075 727 2413 828 Adcipe,
2457 739 2729 822 testor,

484 831 678 907 Diva
712 843 969 928 tuam,
1026 855 1227 932 quae
1258 855 1473 908 nunc
1510 831 1764 908 dubiis
1799 833 2296 908 conmittitur
2333 832 2558 910 auris».
2579 842 2730 911 560
2779 863 2800 882 ‘

483 935 725 1028 Dixit,
775 945 855 1010 et
890 933 1233 1011 adducto
1270 949 1727 1012 contortum
1759 933 2036 1011 hastile
2069 936 2366 1011 lacerto

483 1038 857 1113 Inmittit.
910 1063 1255 1115 sonuere
1298 1039 1606 1130 undae3
1657 1039 2026 1140 rapidum
2058 1062 2362 1140 super
2339 1059 2660 1114 amnem

481 1139 765 1218 Infelix
806 1140 1059 1240 sugit⁰
1038 1167 1115 1217 m
1154 1143 1409 1219 iaculo
1449 1101 1834 1218 stri’dente
1873 1143 2220 1221 Camilla.

480 1250 583 1321 At
616 1245 1010 1337 Metabus
1058 1269 1342 1344 magna
1369 1248 1697 1347 propius
1727 1248 1884 1321 iam
1923 1259 2315 1344 urguente
2347 1261 2677 1338 caterva,

428 1443 437 1454 .
481 1354 634 1426 Dat
700 1373 877 1426 sese
927 1348 1231 1447 fluviO,
1332 1364 1572 1452 atque
1628 1350 1933 1426 hastam
2001 1373 2182 1427 cum
2244 1349 2546 1446 virgine
2615 1347 2726 1420 vi-

1645 1467 1818 1529 ctor
2457 1502 2465 1510 ·
2577 1461 2724 1530 565

482 1557 916 1632 Gramineo
950 1556 1258 1632 donum
1289 1556 1597 1632 Triviae
1631 1557 1732 1633 de
1764 1557 2060 1656 cespite
2086 1553 2322 1634 vellit.

478 1665 663 1736 Non
692 1659 919 1734 illum
947 1661 1171 1735 tectis
1201 1659 1444 1757 ullae,
1500 1656 1667 1735 non
1701 1658 2125 1736 moenibus
2147 1658 2392 1735 urbes

478 1762 933 1862 Adcepere,
986 1787 1255 1863 neque
1297 1763 1467 1862 ipse
1498 1782 1782 1839 manus
1811 1763 2124 1838 feritate
2171 1762 2549 1839 dedisset:

475 1868 897 1942 Pastorum
935 1879 1014 1941 et
1043 1866 1229 1940 solis
1264 1867 1515 1964 exegit
1543 1867 1952 1942 montibus
1987 1891 2290 1944 aevum.

613 2073 715 2127 559
762 2073 973 2126 hostem
1020 2073 1253 2145 supplex
1308 2073 1471 2125 Goth.
1522 2091 1626 2128 nec.
1763 2075 1867 2128 560
1912 2075 1968 2126 d.
2018 2095 2064 2128 e.
2115 2077 2284 2127 annis
2331 2093 2438 2128 seo.
2473 2071 2721 2124 Rottend.

474 2145 575 2198 561
608 2141 842 2194 abducto
876 2143 1093 2195 Oudart.
1160 2155 1475 2194 contentum
1499 2161 1579 2211 pr.
1615 2145 1824 2211 Menag.
1859 2153 1984 2196 tert.
2017 2146 2234 2197 Mentel.
2269 2145 2382 2196 Par.
2491 2141 2596 2195 562
2629 2158 2724 2193 εο-

472 2231 645 2265 nuere
679 2229 853 2264 aurae
886 2212 1024 2265 coni,
1060 2213 1227 2263 Bnrm.
1300 2211 1401 2275 Qui
1444 2212 1580 2264 enim
1615 2213 1812 2276 undae,
1835 2213 2025 2281 inquit,
2057 2214 2331 2266 sonuere?
2361 2211 2575 2265 Scilicet
2597 2229 2723 2279 gra-

473 2281 611 2333 viter
643 2289 932 2333 commotus
984 2298 1075 2333 aer
1125 2297 1292 2349 aquae
1344 2283 1668 2344 superficiem
1715 2282 1944 2349 impellit
1991 2293 2046 2335 et
2095 2285 2266 2335 undae
2303 2282 2568 2334 fremitum
2602 2297 2723 2331 mo-

472 2361 591 2411 vet3
627 2350 793 2433 quid?
846 2351 989 2418 qnod
1025 2351 1352 2403 transvolans
1400 2351 1625 2404 iaculum
1659 2351 1870 2404 sibilum
1904 2353 1986 2404 vel
2017 2353 2298 2419 strepitum
2331 2353 2462 2403 facit
2493 2350 2508 2400 i
2519 2370 2548 2400 ιι
2583 2367 2722 2412 aere,

471 2437 624 2490 quem
660 2419 767 2488 ipsi
802 2421 940 2472 amni
976 2421 1209 2472 tribuere
1242 2418 1437 2488 potuit.
1506 2423 1782 2490 (Compara
1821 2439 1920 2473 ns.
1956 2423 2076 2476 601.
2111 2439 2168 2490 sq
2175 2422 2372 2491 MIVr)
2457 2420 2560 2474 564
2579 2439 2722 2490 pro-

464 2493 597 2612 33:2⁴:
624 2507 836 2612 32³³?ss
856 2489 1959 2631 ..⁸322sssssshiuffeasssffiossssiinff‘iifiz.
1965 2501 2032 2625 ξι
2063 2439 2224 2615 ‘³333
2239 2507 2376 2614 Γ..
2404 2495 2722 2613 8ῖῖῗέῗέΐὶ

469 2635 527 2682 et
561 2630 668 2680 Erf.
777 2630 879 2685 567
913 2650 1025 2683 non
1062 2631 1212 2684 ullae
1242 2650 1310 2683 m.
1336 2630 1497 2683 Goth.
1535 2649 1601 2699 pr
1603 2668 1616 2683 .
1685 2630 1955 2684 montibus
1985 2630 2122 2683 alter
2155 2632 2340 2683 Hamb.
2407 2629 2560 2681 urbm
2585 2632 2716 2681 Ven.

468 2700 572 2754 568
606 2704 881 2772 Excepere
916 2704 1095 2770 Sprot.
1163 2702 1259 2752 ille
1287 2700 1482 2755 zulich.
1593 2700 1696 2754 569
1729 2712 1785 2753 ee
1819 2703 2004 2753 aberat
2039 2700 2282 2757 Oudai-ta
2319 2708 2374 2751 et
2409 2700 2595 2750 melius
2619 2698 2718 2749 ab·—

470 2779 631 2821 esset.
699 2771 807 2822 sed
842 2780 971 2839 quot
1004 2770 1107 2823 alia
1144 2786 1249 2822 non
1286 2779 1461 2822 essent
1496 2770 1758 2837 delenda,
1804 2770 1850 2822 si
1884 2770 2014 2822 haec
2046 2770 2184 2821 ratio
2221 2770 2444 2822 valeret!
2497 2768 2718 2820 Sustulit

1630 2950 1820 2986 amas
1867 2928 2148 2987 Inscma't
2199 2930 2304 3003 xl,
2370 2928 2516 2993 595.
2572 2928 2716 2995 596.

1629 3016 1870 3073 Hastam
1911 3025 2111 3073 autem
2151 3017 2231 3073 sic
2279 3015 2516 3073 missam
2559 3024 2716 3093 puta,

1629 3110 1696 3157 ut
1767 3102 1929 3157 alteri
1986 3101 2166 3158 littori
2235 3120 2301 3157 ea
2359 3100 2714 3178 infigeretur.

1630 3186 1776 3249 568.
1796 3184 2024 3265 Infilix
2037 3209 2060 3258 ;
2103 3188 2200 3245 vel
2227 3196 2490 3265 respectu
2515 3204 2713 3264 praes-

1631 3273 1775 3329 entis
1808 3271 2084 3330 Camillae
2125 3273 2246 3345 fati,
2289 3272 2383 3329 vel
2412 3270 2714 3351 quodiam

1623 3357 1725 3413 illa
1753 3368 1940 3417 aetate
1966 3368 2197 3417 tantum
2223 3360 2374 3417 vitae
2403 3356 2712 3415 discrimen

1625 3440 1828 3501 adiret.

468 2950 609 2987 cum
656 2926 937 3005 vidimus,
1002 2950 1198 2989 ensem
1236 2930 1347 3002 IX,
1387 2930 1544 2994 805·
1528 2973 1546 3004 ‚

457 3014 709 3095 galeam
751 3015 891 3076 ibid.
941 3016 1087 3081 365.
1182 3017 1271 3073 De
1314 3016 1546 3093 alligata

463 3120 637 3181 porro
678 3103 871 3181 puella
926 3102 1225 3180 ingeniose
1276 3120 1333 3159 v.
1400 3102 1545 3165 558.

463 3186 610 3250 659.
667 3198 775 3243 tua
836 3186 963 3252 tela,
1016 3198 1217 3244 tenens
1270 3184 1543 3263 supplex.

462 3274 639 3329 Hasta
670 3283 865 3330 autem
912 3274 1197 3351 illigatum
1224 3270 1453 3351 pondus
1480 3272 1546 3328 in

463 3356 700 3419 alteram
730 3360 919 3438 ripam
945 3360 1294 3432 transmittit,
1325 3369 1391 3416 ut
1418 3360 1541 3437 ipse

460 3448 652 3505 liberis
694 3444 962 3503 manibus
1006 3454 1359 3502 transnatare
1402 3462 1542 3523 pos-

459 3534 532 3591 sit
549 3552 565 3607 3
584 3530 908 3609 famulum
936 3528 1081 3587 dixit
1112 3541 1538 3588 consecratam:

460 3620 596 3698 quia
636 3617 884 3675 ministri
932 3614 1175 3673 deorum
1220 3612 1541 3695 ὑπηρέται,

460 3704 689 3779 δοῦλοι,
724 3700 830 3761 diis
858 3722 921 3761 se
942 3712 1297 3760 consecrant.
1329 3700 1407 3778 (I
1400 3720 1544 3778 pse

448 3798 663 3867 pater,
718 3788 837 3848 vid.
894 3788 964 3859 Q.
1006 3789 1078 3846 V.
1121 3788 1333 3861 XVIII,
1380 3792 1441 3861 2,
1486 3806 1539 3844 c.

467 3874 645 3952 W.)
733 3875 879 3939 560.
937 3872 1138 3931 dubiis
1178 3876 1379 3947 auris,
1436 3892 1542 3952 per

460 3978 603 4041 quas
632 3960 755 4039 ipsa
783 3959 973 4017 infans
1004 3958 1180 4018 dubia
1208 3960 1391 4017 salute
1416 3958 1541 4015 fer-

456 4058 571 4107 tur.
658 4046 804 4110 562.
860 4064 1104 4102 sonuere
1166 4043 1367 4103 undae
1380 4065 1407 4117 ;
1474 4041 1538 4102 h.

460 4152 559 4191 aer
601 4150 773 4211 super
818 4129 988 4189 undis
1006 4176 1023 4205 ,
1087 4131 1253 4188 sibilo
1282 4149 1389 4209 per
1428 4127 1540 4187 ha-

456 4229 609 4277 stam
622 4218 949 4276 ‘traiectam
1002 4216 1177 4274 factu.
1235 4216 1310 4273 cf.
1354 4216 1425 4273 V.
1468 4218 1541 4272 L.

460 4305 561 4363 Sic
587 4305 693 4362 inf.
722 4322 859 4361 cum
888 4303 1025 4381 Opis
1050 4320 1158 4381 per
1183 4319 1379 4358 aerem
1407 4320 1544 4357 cum
1629 4299 1828 4373 offert,
1887 4300 2111 4377 accipit.

1713 3528 1860 3593 565.
1917 3528 2107 3584 victor
2147 3546 2386 3607 compos
2428 3530 2549 3588 voti
2599 3526 2707 3603 (ut

1625 3634 1802 3694 saepe
1823 3659 1841 3688 ,
1869 3632 1926 3671 v.
1959 3634 2010 3671 c.
2041 3614 2192 3687 vm,
2235 3618 2309 3676 61
2335 3618 2400 3691 ),
2443 3614 2560 3679 scil.
2589 3612 2710 3669 flu-

1625 3703 1784 3757 mine
1843 3700 2082 3757 traiecto
2098 3743 2115 3772 ,
2187 3709 2244 3756 et
2302 3700 2420 3756 filia
2467 3709 2709 3758 servata.

1627 3786 1855 3845 donum
1895 3786 2132 3843 Triviae
2149 3826 2170 3853 ,
2213 3802 2287 3841 ex
2315 3795 2486 3859 vot03
2529 3804 2710 3866 quam

1625 3874 1849 3931 Dianae
1865 3882 2134 3929 voverat:
2165 3890 2223 3927 v.
2237 3868 2384 3935 557.
2399 3870 2545 3935 558.
2563 3870 2707 3935 659.

1625 3958 1771 4023 560.
1859 3958 2006 4021 568.
2065 3974 2283 4033 marius
2323 3955 2435 4013 dat
2477 3957 2710 4035 proprie

1624 4046 1808 4102 victus
1829 4090 1846 4117 ‚
1901 4053 2028 4101 tum
2087 4042 2328 4101 omnino
2385 4044 2484 4123 qui
2533 4041 2706 4115 cedit,

1627 4130 1726 4210 qui
1758 4130 2049 4207 placatur,
2077 4126 2139 4187 h.
2169 4129 2210 4185 l:
2239 4128 2374 4208 qui,
2405 4126 2566 4208 quod
2591 4125 2708 4185 lm-

1625 4217 1873 4273 manitas
1927 4215 2174 4271 aliorum
2215 4214 2310 4271 vel
2353 4210 2708 4292 hospitalitas

2214 4300 2310 4355 An
2353 4316 2608 4379 usquam
2634 4297 2706 4355 de

456 4392 681 4469 impetu
724 4386 1055 4461 descendit,
1097 4397 1260 4445 moto
1310 4388 1372 4443 in
1411 4404 1546 4444 aere
1631 4385 1900 4443 manibus
1941 4382 2234 4464 hospitum
2278 4363 2588 4462 iungendis
2615 4384 2710 4441 lo-

454 4477 679 4548 sonitu‚
750 4475 871 4555 ipsa
924 4472 1081 4531 caeli
1126 4470 1379 4549 delapsa
1433 4490 1550 4549 per
1635 4470 1852 4552 quendi
1897 4488 2032 4528 usus
2071 4470 2266 4528 tulerit
2293 4488 2517 4527 numus·
2543 4468 2705 4539 dare,
