3009 5050
764 412 1365 496 AENEIDOS
1415 414 1630 494 LIB.
1671 415 1802 512 XI,
1855 421 2287 496 657--665
2475 421 2624 496 665

382 602 711 682 Pulsant
738 616 818 680 et
841 549 1067 705 pictis
1096 600 1499 680 bellantur
1529 603 1972 678 Amazones
2001 601 2270 679 armis=
2349 657 2356 671 .
2475 607 2627 680 660

387 710 549 785 Seu
585 707 881 784 circum
908 709 1009 784 Hi
1066 705 1434 808 polyten‚
1484 705 1630 800 εἴη]
1663 729 1912 804 quum
1959 729 2045 781 se
2085 703 2360 782 Martia
2393 727 2629 782 curru

252 889 266 900 „
385 810 889 890 Penthesilea
921 833 1011 887 re
1050 823 1210 906 ert,
1262 830 1720 908 magnoque
1767 807 2124 885 ululante
2151 805 2499 885 tumultu

384 915 767 992 Feminea
808 914 1196 992 exsultant
1224 911 1512 988 lunatis
1544 910 1850 1007 agmina
1896 910 2152 1011 peltis.

389 1021 654 1114 Quem
724 1016 889 1096 telo
954 1021 1345 1122 primum,
1426 1037 1674 1117 quem
1739 1027 2239 1113 postremum
2267 1074 2288 1110 ,
2359 1037 2632 1114 aspera

386 1223 725 1301 Deiicis?
816 1235 951 1299 aut
1010 1236 1212 1326 quot
1277 1220 1505 1300 humi
1548 1137 1980 1401 Ξιΐιῖἕέῐιῑίει
2055 1242 2394 1321 corpora
2455 1216 2635 1401 ίέιὲιὸ-

812 1367 817 1376 -
1617 1347 1678 1398 1s

385 1531 637 1602 Apolloni.
670 1533 735 1598 11,
766 1532 888 1588 972.
957 1491 1279 1586 'tentaverat
1312 1530 1560 1583 nonnulla
1595 1531 1650 1582 in
1681 1483 1735 1582 li.
1770 1529 1810 1580 l.
1843 1525 2161 1580 Wakefield.
2195 1527 2332 1580 Silva
2365 1527 2479 1579 crit.
2511 1525 2634 1579 Vol.

386 1602 479 1664 ln,
514 1618 569 1670 p.
602 1601 690 1664 94,
724 1619 857 1671 qnae
890 1609 1067 1654 tamen
1116 1617 1235 1652 mox
1281 1601 1399 1668 ipae
1433 1601 1704 1654 <lamnam
1753 1597 1976 1650 videtur.
2055 1599 2289 1650 Threicii
2321 1597 2492 1650 locum
2533 1597 2635 1648 ha·-

388 1669 613 1736 bui-oet,
647 1671 693 1721 ai
726 1679 889 1741 poeta
922 1671 1025 1723 hoo
1058 1669 1345 1722 maluisset.
1448 1670 1552 1724 662
1586 1685 1948 1740 magnumque
1981 1685 2036 1718 u.
2069 1665 2206 1719 coni.
2235 1666 2634 1735 Cuninghamua.

386 1739 495 1795 663
526 1742 698 1792 scutis
731 1757 795 1792 ex
828 1740 1021 1792 Medio.
1056 1729 1234 1793 laudat
1257 1737 1531 1790 Heinsius:

1567 1739 1660 1790 aed
1695 1756 1725 1789 a
1761 1736 2018 1806 Fogginio
2046 1737 2217 1809 peltis
2251 1737 2515 1806 proditum
2549 1736 2634 1786 vi·-

352 1809 591 1878 ⁴‹leuma-
626 1809 753 1876 (vid.
785 1810 853 1862 V.
887 1811 950 1863 L.
989 1809 1057 1861 ad
1092 1810 1134 1875 1,
1169 1809 1253 1863 63.
1323 1825 1555 1880 agmena
1589 1807 1780 1860 Medio.
1815 1824 1846 1859 a
1877 1825 1944 1858 m.
1980 1823 2061 1874 pr.
2103 1807 2246 1870 Wr.)
2312 1803 2434 1859 ‚664
2452 1809 2636 1878 primo

388 1879 556 1932 Goth.
590 1887 716 1933 tert.
836 1878 943 1936 665
982 1897 1051 1931 m.
1088 1891 1322 1951 pectora
1360 1881 1561 1948 sprot„
1606 1886 1867 1948 perpetuo
1903 1891 2099 1928 errore.

386 2054 663 2134 Apollon.
704 2055 781 2130 11,
826 2056 1193 2123 870—966
1236 2073 1367 2135 sqq.
1413 2064 1473 2112 et

386 2138 569 2200 aohol.
600 2139 747 2206 659.
780 2160 919 2198 eum
948 2139 1227 2218 flumina
1282 2138 1471 2197 Ther-

390 2225 687 2284 modontis
712 2225 969 2304 pulsant
987 2247 1006 2281 .·
1050 2243 1157 2305 pro
1188 2226 1325 2304 ripis
1352 2224 1471 2282 stu-

388 2329 531 2368 men
576 2309 799 2368 dietum
853 2311 1121 2388 opinatur
1174 2307 1363 2367 Corda
1414 2318 1472 2366 et

392 2395 510 2468 alii,
554 2406 621 2453 ut
662 2415 721 2452 v.
765 2415 819 2452 o.
864 2395 1077 2472 Georg.
1119 2393 1209 2468 11,
1241 2397 1343 2456 11.
1376 2397 1476 2457 12.

394 2480 541 2539 aliae
582 2480 815 2538 arborea
842 2497 1089 2556 campos
1122 2487 1181 2533 et
1198 2477 1479 2554 flumina

394 2564 521 2623 late
556 2564 762 2624 Curva
792 2573 1007 2621 tenent.
1090 2560 1237 2619 Mihi
1278 2572 1479 2621 tamen

394 2670 534 2710 eum
580 2652 705 2730 ipsa
748 2670 838 2707 res
881 2647 1221 2728 persuadet,
1265 2649 1359 2726 agi
1406 2645 1480 2705 de

394 2736 641 2795 flumine
668 2736 853 2813 glacie
884 2732 1157 2808 obducto,
1185 2740 1314 2791 tum
1340 2752 1479 2792 vero

396 2824 575 2881 etiam
605 2819 910 2880 Claudiani
936 2820 1199 2893 fluitatio,
1230 2818 1333 2901 qui
1360 2838 1480 2876 non

396 2908 563 2967 aliter
588 2907 939 2965 intellexisse
964 2903 1229 2965 videtur:
1262 2902 1481 2963 adseri-

393 2994 536 3055 bam
558 3004 753 3052 totum
786 2993 985 3051 locum
1022 2992 1188 3049 Pron.
1226 3000 1374 3069 rapt.
1405 2990 1479 3064 11,

396 3083 579 3145 62-
594 3082 679 3145 66
758 3077 975 3154 Qualia
1025 3074 1482 3135 Amazonidum

386 3165 573 3245 peltis
598 3162 863 3223 exardeat
871 3162 1131 3221 adimet}
1149 3162 1256 3239 (ex
1282 3172 1478 3220 nostro

396 3272 461 3311 v.
485 3252 643 3329 668)
689 3248 925 3307 Pulcra
962 3246 1209 3321 eohora;
1252 3248 1481 3327 quotiee

398 3334 639 3394 Arcton
661 3334 965 3413 populata
992 3336 1207 3413 vir-agn
1232 3334 1483 3411 Hfivpo-

400 3418 523 3500 byn
576 3424 787 3480 niveae
848 3419 1019 3479 ducit
1059 3429 1205 3497 poet
1237 3416 1485 3497 praelia

398 3518 635 3567 numae
692 3503 849 3583 (hoo
889 3506 1135 3565 illustrat
1176 3524 1289 3564 vsa.
1336 3508 1483 3569 661.

398 3594 612 3672 662.);
654 3611 762 3651 eeu
786 3610 927 3649 eum
946 3610 1009 3650 ee
1039 3591 1279 3649 Martia
1302 3608 1486 3647 curru

404 3676 791 3737 Penthesilea
816 3676 999 3756 refert
1040 3674 1219 3752 (redit
1259 3694 1335 3733 ex
1361 3694 1480 3755 pu-

402 3780 521 3844 gna
550 3774 610 3823 et
626 3760 867 3846 quidem
888 3762 1132 3836 victri13
1161 3758 1297 3819 hino
1313 3759 1487 3819 exul-

404 3858 541 3905 tant
584 3859 645 3907 et
686 3868 912 3927 magno
954 3844 1219 3905 unnulm
1232 3846 1260 3925 )
1274 3888 1301 3917 ,
1365 3846 1488 3903 Seu

386 3934 605 4013 flavos
632 3944 895 3992 stravere
936 3932 1127 3991 Getae
1141 3974 1167 4002 ,
1194 3950 1300 3989 eeu
1318 3931 1489 4010 forte

402 4020 697 4099 rigentem
764 4018 1299 4077 numdandum
1366 4017 1489 4075 Ta·-

404 4106 577 4164 nalm
607 4104 859 4184 fregere
900 4104 1096 4163 securi
1112 4124 1131 4161 .·
1179 4102 1490 4181 (glaciem,

408 4208 564 4273 quae
604 4191 857 4249 Tanaim
902 4188 1191 4249 obducere
1214 4190 1493 4268 inciperet

404 4286 467 4335 et
519 4276 827 4335 uaieetum
881 4276 1097 4335 ratibus
1136 4270 1491 4353 impediret.)

406 4361 733 4423 Transtulit
758 4358 857 4421 hio
884 4360 1233 4421 Claudianus
1262 4357 1339 4417 ad
1366 4360 1493 4417 Ta-

402 4448 547 4509 nain
562 4490 581 4523 ,
654 4444 819 4529 quod
858 4449 1023 4507 Maro
1074 4445 1149 4507 de
1192 4443 1491 4505 Thermo-

1554 2052 1732 2112 donte
1773 2059 2216 2111 memoraverat.
2309 2049 2492 2108 Porro
2536 2049 2638 2112 Si-

1553 2139 1664 2198 lius
1730 2139 1819 2212 11,
1870 2142 1974 2202 73.
2041 2133 2268 2212 Quales
2333 2135 2639 2193 Threiciae

1555 2222 1892 2300 Rhodopen
1927 2223 2344 2300 Pangaeaque
2376 2219 2642 2279 lustrant

1563 2308 1808 2366 Saxo-ris
1837 2327 2080 2364 nenwra
2109 2305 2242 2364 alta
2275 2307 2465 2384 iugi-5,
2496 2328 2638 2366 cur-

1557 2411 1748 2470 suque
1781 2391 2069 2470 fatigant
2131 2389 2412 2448 Hebrum
2433 2433 2460 2462 ,
2515 2393 2638 2452 soil.

1559 2477 1744 2556 glacie
1800 2475 2122 2536 obductum
2137 2519 2154 2551 ,
2197 2477 2460 2555 innupta
2503 2497 2640 2535 ma-

1561 2582 1697 2619 nue.
1783 2562 1894 2619 mo
1949 2563 2276 2621 Amazones
2323 2561 2400 2620 ad
2442 2560 2642 2621 Thra-

1562 2648 1715 2705 ciam
1744 2656 1804 2705 et
1841 2648 1967 2726 ipse
2005 2644 2264 2707 deduxit.
2321 2646 2641 2724 (paleam,

1560 2752 1776 2811 nempe
1817 2750 2106 2813 equorum
2149 2734 2408 2811 ungulis,
2451 2744 2645 2792 trans-

1561 2820 1857 2876 mittentes
1909 2835 2146 2876 amnem
2207 2819 2392 2896 glaeie
2451 2816 2644 2876 obdu-

1563 2912 1767 2977 etum3
1815 2901 1888 2962 ad
1933 2903 2295 2962 saltationem
2343 2901 2458 2963 hoo
2507 2922 2646 2962 ver-

1565 2990 1709 3047 bum
1736 2988 1910 3047 refert
1937 2986 2236 3047 Heinrich.
2260 2988 2438 3067 W.)
2495 2990 2646 3054 660.

1567 3072 1873 3131 bellantur
1897 3094 2005 3154 pro
2051 3074 2288 3151 bellant,
2329 3085 2397 3134 ut
2425 3074 2555 3163 alia,
2583 3096 2647 3137 v.

1564 3161 1732 3220 Serv.
1817 3160 1920 3219 Sio
1973 3161 2233 3219 nutritor
2278 3180 2385 3240 pro
2427 3162 2646 3220 nutrito

1563 3248 1675 3306 Ge.
1701 3246 1778 3319 11,
1804 3246 1954 3311 425.
2000 3247 2190 3325 pictis
2221 3249 2448 3319 amah,
2501 3264 2646 3308 mro
2690 3242 2700 3257 '

1565 3342 1922 3411 argentoque
1997 3330 2274 3391 distinctis
2289 3377 2306 3407 ,
2387 3334 2648 3392 maxime

1565 3418 1739 3498 pelta.
1783 3418 1860 3476 of.
1903 3436 2030 3497 sup.
2072 3414 2147 3476 ad
2185 3418 2338 3493 vm,
2385 3420 2528 3485 588.
2585 3439 2651 3478 ee

1565 3503 1782 3582 refert,
1827 3502 1980 3561 redit
2032 3499 2129 3583 (v.
2169 3506 2365 3583 paullo
2410 3515 2546 3563 ante
2583 3506 2650 3563 in

1567 3590 1758 3649 verbis
1787 3588 2124 3663 Claudiani,
2165 3590 2376 3649 victrix
2417 3608 2494 3649 ex
2533 3610 2652 3669 pu·-

1569 3693 1686 3755 gna
1703 3674 1766 3751 )ς
1807 3693 1930 3733 non
1957 3684 2026 3733 ut
2054 3675 2220 3733 Serv.
2251 3694 2385 3755 pro,
2429 3696 2491 3735 se
2517 3676 2650 3753 fert,

1569 3760 1763 3818 infert.
1807 3758 2074 3817 tumultu
2105 3756 2411 3837 ululante,
2451 3762 2654 3822 inver-

1569 3847 1642 3905 tit
1662 3890 1678 3920 ‚
1735 3864 1871 3903 cum
1909 3848 2067 3926 ipsae
2105 3846 2332 3905 ululent
2373 3867 2512 3906 oum
2553 3860 2654 3907 tu·

1570 3932 1794 3989 multu:
1839 3950 1946 4011 pro
1987 3934 2245 3991 tumultu
2283 3934 2652 3993 ululantium.

1573 4017 1656 4094 (i.
1699 4036 1752 4077 e.
1809 4018 2142 4077 ovantium:
2195 4018 2418 4077 ululare
2477 4021 2652 4078 etiam

1574 4104 1734 4161 bono
1788 4122 1958 4161 semu
1981 4148 1998 4178 ‚
2060 4114 2126 4161 ut
2181 4096 2504 4176 ὀλολύζειν.
2575 4104 2652 4163 cf.

1575 4186 1906 4247 Hemsterh.
1947 4187 2024 4247 ad
2049 4190 2295 4247 Lucian.
2341 4190 2389 4246 1.
2417 4207 2477 4266 p.
2511 4191 2654 4252 177.

1573 4276 1812 4353 Bipont.
1843 4274 2198 4353 Rukkopsl)
2231 4274 2472 4331 Martia
2487 4273 2656 4331 Pen-

1577 4358 1824 4417 thesilea
1849 4362 2100 4439 proprie.
2147 4359 2350 4417 lustin.
2383 4360 2459 4432 11,
2489 4356 2550 4433 4,
2576 4362 2656 4424 18

1575 4442 1728 4505 duae
1782 4445 2016 4525 reginae
2045 4474 2132 4487 —-
2155 4462 2233 4501 ne
2291 4442 2659 4505 successibus
