3009 5050
593 381 740 456 144
1131 365 2028 446 E-xcURsUs
2134 365 2271 442 111

587 565 862 626 delectari
889 572 1074 643 potest
1105 563 1338 644 aliquis,
1383 563 1486 644 qui
1511 562 1721 622 veteris
1744 562 1943 620 Italiae
1970 570 2184 620 statum
2210 575 2333 618 non
2370 555 2675 616 imbiberit
2720 557 2848 614 ani-

585 669 804 732 moque
833 669 936 708 suo
965 658 1388 728 repraesentare
1413 647 1525 706 sibi
1567 648 1747 706 vitam
1784 648 1949 704 illam
1988 647 2288 725 antiquam
2326 645 2521 722 possit.
2612 643 2846 700 Procli-

588 739 750 796 viore
779 754 1014 818 quoque
1041 733 1232 794 studio
1261 732 1336 792 ad
1365 731 1771 792 declarandam
1796 730 1949 792 hanc
1976 731 2173 788 Italiae
2216 732 2625 810 antiquitatem
2666 727 2841 802 feror,

587 841 708 904 quo
735 822 903 900 plura
949 821 1059 882 viri
1102 817 1260 878 docti
1274 865 1292 894 ,
1351 819 1515 876 nulla
1558 819 1869 877 subtilitate
1908 815 2103 876 iudicii
2144 814 2443 890 (criticam
2486 813 2843 872 historicam

587 903 978 990 appellamus)
1011 903 1266 964 adhibita
1304 903 1692 978 tradiderunt,
1736 922 1971 985 quoque
2008 903 2280 984 pauciora
2318 902 2425 958 rite
2470 910 2529 958 et
2572 897 2651 956 ad
2696 900 2841 958 scri-

585 1005 824 1074 ptonun
849 993 1091 1072 aevique
1117 992 1290 1070 prisci
1317 989 1493 1050 fidem
1520 1009 1863 1070 moremque
1890 997 2025 1048 sunt
2066 987 2363 1066 explorata
2402 995 2459 1044 et
2502 985 2839 1044 constituta.

755 1080 916 1138 Intra
940 1075 1352 1156 Aboriginum
1372 1077 1617 1152 stirpem
1644 1087 1881 1156 poetam
1904 1075 2059 1132 Latii
2084 1094 2173 1132 res
2202 1073 2497 1130 continere
2540 1081 2601 1130 et
2642 1071 2839 1128 inclu-

587 1163 725 1223 dere
751 1159 932 1222 modo
963 1161 1232 1222 diximus.
1320 1161 1434 1232 Qui
1473 1163 1561 1218 illi
1600 1161 1815 1220 fuerint
1832 1205 1850 1234 ,
1894 1161 2151 1240 quaestio
2194 1169 2279 1216 est
2318 1159 2468 1216 inter
2508 1166 2737 1216 veteres
2786 1167 2841 1214 et

585 1252 930 1310 recentiores
955 1251 1122 1308 variis
1149 1245 1338 1308 modis
1367 1248 1599 1326 agitata.
1686 1248 1979 1305 Pouemns
2023 1242 2119 1302 hic
2162 1264 2262 1318 ea,
2306 1263 2485 1324 quae,
2525 1253 2661 1321 post
2702 1239 2841 1300 dili-
2948 1293 2950 1296 Α

585 1347 825 1416 gentem
851 1336 914 1392 in
941 1333 1030 1394 his
1057 1335 1228 1394 rebus
1257 1333 1370 1390 alio
1397 1334 1527 1390 loco
1557 1332 1897 1390 collocatam
1924 1350 2191 1410 operam,
2234 1348 2310 1387 ex
2343 1331 2545 1388 ceteris
2572 1329 2841 1386 maxime
2948 1367 2950 1380 ἢ

585 1423 750 1483 nobis
800 1441 862 1480 se
899 1421 1216 1500 probarunt
1230 1463 1248 1492 ,
1302 1436 1486 1498 eaque
1528 1419 1649 1476 aliis
1688 1417 2003 1476 rationibus
2042 1415 2487 1488 illustr-abimus3
2545 1423 2841 1495 quantum

585 1507 831 1590 quidem
859 1503 935 1564 ad
963 1503 1194 1564 doctam
1221 1513 1428 1583 poetae
1453 1504 1985 1582 interpretationem
2012 1503 2144 1575 satis
2174 1519 2295 1558 esse
2322 1499 2631 1560 videbitur.

755 1594 943 1650 Fuere
971 1589 1338 1668 Aborigines
1361 1609 1440 1646 ex
1466 1589 1873 1670 antiquissimis
1919 1589 2122 1646 veteris
2160 1587 2360 1646 Italiae
2398 1583 2841 1658 habitatoribus,

587 1673 691 1737 sed
708 1687 852 1753 post
891 1673 1144 1734 Umbros
1173 1687 1232 1732 et
1265 1673 1521 1732 Siculbs.
1614 1676 1775 1746 Quae
1802 1673 1876 1732 de
1906 1691 2111 1732 eorum
2136 1673 2360 1752 origine
2399 1672 2577 1750 vulgo
2620 1671 2841 1730 tradita

586 1764 834 1840 legimus
856 1805 873 1834 ,
918 1781 992 1818 ex
1019 1761 1270 1819 nominis
1295 1760 1416 1816 fere
1457 1762 1671 1818 caussis
1704 1779 1915 1840 parum
1956 1759 2195 1817 feliciter
2232 1760 2411 1836 petita
2448 1768 2603 1816 suut.
2692 1757 2841 1816 Mihi

589 1867 728 1904 vero
757 1867 832 1906 ne
863 1844 928 1904 i'd
955 1845 1190 1927 quidem
1215 1847 1435 1927 liquere
1461 1844 1719 1920 videtur,
1762 1865 1839 1904 an
1878 1847 2184 1926 antiqutun
2212 1861 2415 1902 eorum
2440 1861 2663 1900 nomen
2690 1843 2841 1902 illud

590 1933 782 1990 fuerit.
867 1931 924 1988 A
951 1933 1251 1989 serior-ibus
1265 1976 1281 2007 ,
1326 1933 1430 2012 qui
1456 1933 1719 2014 antiquas
1748 1951 1837 1988 res
1878 1933 2161 1991 memoria
2200 1929 2295 1988 vel
2338 1930 2663 1988 litterarum
2702 1949 2841 1988 mo-

589 2017 884 2076 numentis
911 2027 1260 2096 repeterent,
1303 2019 1611 2076 inventum
1634 2036 1851 2078 nomen
1880 2028 2023 2096 puto
2040 2059 2057 2090 ,
2100 2026 2166 2073 ut
2190 2017 2407 2095 primos
2447 2017 2599 2072 Latii
2642 2024 2704 2073 et
2746 2017 2841 2072 lo-

589 2123 796 2162 corum
837 2103 988 2160 circa
1029 2103 1292 2164 Tiberim
1344 2101 1421 2161 ad
1467 2121 1631 2160 mare
1684 2113 2094 2182 properantem
2147 2101 2393 2158 cultores
2449 2099 2840 2179 designarent,

590 2200 893 2270 tamquam
921 2179 1299 2266 αὐτόχθονας
1317 2231 1336 2262 ,
1379 2197 1643 2268 respectu
1672 2187 1747 2246 ad
1776 2187 2025 2246 advenas
2053 2185 2282 2258 habito,
2326 2187 2430 2266 qui
2458 2184 2731 2265 deinceps
2778 2189 2841 2244 in

591 2273 798 2332 eadem
823 2275 950 2331 loca
980 2271 1406 2332 confluxerant.
1486 2273 1851 2332 Oblituerunt
1876 2271 2151 2352 posthaec
2180 2272 2523 2350 Aborigines
2565 2273 2675 2330 sub
2718 2275 2842 2330 La—

590 2361 848 2419 tinorum
889 2361 1156 2432 nomine,
1199 2357 1358 2438 quod
1414 2359 1697 2439 principio
1748 2369 1975 2437 partem
2012 2369 2239 2417 tantum
2288 2359 2519 2438 populi,
2582 2359 2689 2439 qui
2732 2359 2843 2416 sub

589 2463 730 2524 rege
769 2453 917 2518 erat,
990 2443 1341 2522 designasse,
1399 2462 1509 2501 nec
1527 2489 1543 2519 ,
1597 2445 1709 2500 nisi
1768 2445 2127 2502 Albanormn
2186 2462 2394 2521 regum
2452 2445 2843 2502 crescentibus

591 2532 796 2611 opibus
809 2576 828 2606 ‚
883 2532 1050 2589 latius
1091 2542 1287 2609 patere
1327 2532 1583 2609 coepisse
1624 2527 1868 2589 videtur.
1952 2531 2221 2611 Virgilius
2260 2541 2459 2589 tamen
2474 2576 2489 2606 ,
2532 2541 2603 2589 ut
2642 2542 2842 2611 poeta,

589 2620 710 2674 iam
747 2618 982 2673 Aeneae
1021 2628 1284 2695 tempore
1321 2618 1555 2675 Latium
1599 2626 1657 2674 et
1690 2618 1929 2675 Latinos
1976 2636 2052 2675 ex
2092 2617 2459 2698 sequentium
2504 2627 2845 2697 temporum

589 2702 922 2766 conditione
951 2704 1248 2761 aestimare
1274 2704 1484 2782 potuit.

757 2790 1168 2869 Antiquior-um
1197 2799 1500 2847 auctonnn
1516 2834 1533 2863 ,
1571 2806 1716 2868 quos
1744 2788 2053 2868 Dionysius
2082 2787 2377 2867 exscripsit
2392 2832 2407 2861 ,
2444 2784 2563 2845 fide
2592 2798 2843 2861 constat,
2906 2796 2915 2805 “

586 2872 1001 2954 Aboriginum
1025 2875 1343 2933 memoriae
1371 2885 1430 2932 et
1455 2875 1708 2933 nominis
1724 2875 1936 2950 prima
1974 2873 2225 2951 νοειιξςὶα
2252 2875 2405 2931 circa
2434 2874 2612 2930 Reate
2627 2919 2643 2948 ,
2688 2876 2847 2933 ultra
2956 2932 2958 2951 ἓ

586 2962 862 3019 Velinum
887 2962 1082 3019 lacum
1111 2970 1168 3019 et
1196 2961 1442 3019 fluvium
1457 3003 1474 3033 ,
1520 2963 1583 3017 in
1612 2960 1843 3017 Umbris
1874 2978 2192 3017 occurrere.
2277 2960 2374 3017 Ex
2400 2955 2489 3015 his
2526 2960 2669 3017 locis
2704 2980 2849 3018 ver-

584 3066 680 3105 sus
707 3066 870 3103 mare
899 3047 1089 3105 vicina
1119 3065 1384 3126 quaeque
1415 3044 1684 3122 deinceps
1712 3054 2047 3119 tenuerant,
2092 3055 2150 3101 et
2176 3046 2239 3101 in
2265 3042 2473 3103 iisdem
2500 3044 2640 3103 locis
2670 3047 2847 3125 plura

589 3132 722 3189 loca
766 3150 969 3189 eorum
1007 3133 1356 3189 memoriam
1391 3130 1696 3189 servabant
1739 3130 2001 3209 Dionysii
2041 3128 2231 3189 adhuc
2290 3140 2553 3209 tempore
2568 3174 2585 3206 ,
2656 3150 2851 3211 quem

585 3212 722 3273 vide
745 3215 846 3272 lib.
875 3218 922 3288 1,
953 3236 1005 3273 c.
1040 3214 1334 3281 14—17.
1373 3220 1448 3281 18
1477 3234 1615 3275 cum
1642 3215 2113 3273 illustrationibus
2141 3217 2439 3291 locorum3
2486 3234 2631 3296 quas
2679 3216 2851 3275 dedit

597 3299 728 3375 Cap
751 3300 994 3357 Mae-tin
1026 3300 1100 3357 de
1139 3300 1392 3379 Chaupy
1432 3302 1523 3379 (in
1551 3300 1921 3359 Decouverte
1960 3300 2034 3359 de
2078 3300 2145 3357 la
2186 3302 2438 3361 Mais-on
2478 3300 2540 3359 d’
2588 3302 2852 3361 Horace

588 3385 766 3442 Tom.
805 3386 908 3457 111,
953 3406 1012 3463 p.
1063 3389 1184 3450 112
1225 3388 1402 3468 sqq.).
1487 3389 1569 3446 Ut
1613 3385 1759 3445 adeo
1800 3388 2191 3466 Aboriginum
2236 3406 2459 3447 nomen
2514 3386 2591 3445 ad
2648 3408 2853 3447 unum

587 3470 843 3550 aliquem
870 3489 992 3527 non
1019 3469 1186 3529 valde
1211 3482 1515 3550 potentem
1542 3482 1643 3531 aut
1668 3472 1783 3531 late
1824 3470 2185 3531 habitantem
2225 3474 2511 3554 populum
2550 3484 2853 3554 spectasse

585 3574 818 3615 necesse
845 3557 936 3613 sit.
1774 3608 1781 3618 ,

753 3644 978 3699 Mature
1006 3660 1144 3699 cum
1171 3640 1421 3699 barbaris
1447 3642 1558 3700 illis
1584 3644 1913 3722 promiscue
1940 3640 2273 3703 habitarunt
2317 3645 2578 3721 Pelasgi;
2621 3654 2853 3705 terram

585 3747 622 3785 a
659 3728 887 3807 populis
929 3746 1034 3805 per
1073 3724 1407 3785 solitudines
1453 3730 1772 3787 errantibus
1812 3730 1969 3787 male
2008 3727 2325 3788 habitatam
2368 3730 2537 3787 facile
2578 3748 2855 3811 occupa-

585 3824 724 3871 runt
751 3811 1040 3886 advenae,
1081 3823 1150 3871 ut
1175 3813 1382 3869 nostris
1409 3816 1687 3873 aetatibus
1714 3816 2067 3873 Amerinam.
2156 3814 2412 3895 Pelasgi
2450 3834 2569 3895 qua
2612 3819 2855 3895 origine

583 3898 830 3972 fuerint,
856 3894 1124 3957 nondum
1151 3898 1464 3980 quicquam
1489 3902 1625 3957 satis
1654 3901 1935 3979 explorati
1962 3898 2171 3959 habeo.
2256 3903 2353 3959 Ex
2382 3900 2673 3961 Thraciae
2704 3906 2857 3985 qui-

585 3982 722 4041 dem
748 3984 887 4042 locis
920 4004 1015 4042 eos
1043 3986 1104 4043 iu
1135 3985 1438 4043 Graeciam
1468 3983 1826 4045 descendisse
1852 3988 1986 4044 satis
2014 3988 2231 4066 liquet;
2272 3988 2457 4067 liquet
2486 3988 2665 4045 etiam
2693 3986 2853 4049 hoc:

583 4089 618 4127 a
647 4068 1032 4129 Phoenicibus
1063 4090 1158 4129 eos
1189 4067 1454 4130 habuisse
1482 4071 1729 4146 litteras3
1771 4070 1929 4130 unde
1969 4082 2167 4131 tamen
2194 4092 2500 4151 perperam
2530 4074 2857 4152 colligitur,

582 4176 681 4215 eos
709 4153 1026 4214 Phoenicia
1056 4158 1279 4233 origine
1308 4167 1365 4213 et
1389 4158 1542 4236 ipsos
1570 4157 1775 4217 fuisse:
1820 4154 1935 4216 hoc
1973 4160 2123 4215 inter
2167 4160 2413 4215 certiora
2454 4158 2645 4217 refero
2666 4202 2687 4233 ‚
2738 4180 2863 4219 an-

579 4243 898 4324 tiquissimo
929 4243 1048 4301 iam
1075 4253 1336 4322 tempore
1364 4242 1637 4321 Pelasgos
1664 4262 1801 4301 cum
1826 4243 2235 4321 Aboriginibus
2264 4242 2437 4301 finisse
2476 4247 2821 4321 permixtos
2838 4264 2859 4303 z

579 4328 644 4387 id
689 4326 848 4409 quod
891 4329 1238 4407 Dionysium
1287 4325 1559 4400 adduxit,
1604 4347 1741 4387 cum
1782 4329 2125 4406 insigniores
2162 4331 2313 4387 inter
2356 4330 2657 4389 Romanos
2704 4334 2865 4391 scri-

579 4424 772 4493 ptores
803 4414 1086 4473 Catonem
1099 4458 1116 4490 ,
1161 4414 1579 4493 Sempronium
1606 4424 1667 4472 et
1692 4414 1834 4475 alios
1862 4416 2188 4473 Romanam
2216 4414 2502 4493 originem
2548 4414 2627 4475 ad
2658 4418 2865 4479 Grae-
