3009 5050
664 378 1291 458 AENEmos
1344 379 1564 456 Lm.
1613 383 1706 476 X,
1763 385 2206 459 628—637

2413 389 2562 460 527

316 571 537 644 Vana
566 565 811 646 feror.
914 565 1157 661 Quod
1180 579 1272 642 ut
1298 590 1348 641 o
1374 567 1640 666 potius
1669 563 2106 644 formidine
2133 565 2327 643 falsa

314 670 619 766 Ludar‚
675 685 755 748 et
793 672 875 746 in
916 668 1203 746 melius
1243 683 1416 764 tua,
1462 671 1598 770 qui
1631 683 1903 770 poteS‚
1959 696 2132 746 orsa
2164 668 2561 750 reflectas!

196 837 207 849 .
314 778 530 850 Haec
562 774 702 850 ubi
731 772 933 852 dicta
970 771 1193 849 dedit
1212 833 1235 870 ‚
1278 771 1507 848 coelo
1539 797 1626 848 se
1655 787 2040 873 protenus
2069 775 2226 850 alto

314 879 561 971 Misit,
616 901 855 976 agens
887 875 1247 953 hiemem
1276 875 1559 952 nimbo
1595 877 1984 953 succincta
2031 903 2179 978 per
2206 903 2466 971 auras;

315 981 796 1084 Iliacamque
840 981 1090 1057 aciem
1116 993 1199 1056 et
1226 981 1646 1056 Laurentia
1677 993 1922 1056 castra
1955 982 2249 1080 petivit.

2405 992 2557 1061 635

320 1087 535 1160 Tum
566 1084 713 1161 dea
739 1084 959 1161 nube
994 1109 1175 1159 cava
1209 1097 1542 1160 tenuem
1571 1084 1740 1158 sine
1770 1082 2062 1158 viribus
2084 1084 2458 1162 umbram

314 1190 409 1263 In
448 1185 735 1264 faciem
761 1195 1078 1266 Aeneae
1112 1188 1318 1288 (visu
1346 1185 1708 1262 mirabile
1734 1196 2239 1294 monstrum)

420 1377 520 1432 631
539 1375 707 1448 jerat·
732 1375 957 1429 Dorvill.

319 1466 367 1510 o,
406 1455 479 1508 et,
519 1449 661 1513 Quin
698 1461 763 1498 ut
798 1465 847 1507 o,
888 1455 1019 1497 vett.
1060 1446 1179 1496 edd.
1226 1445 1291 1497 cf.
1374 1446 1469 1496 ier.

1030 1375 1189 1443 Quod
1218 1377 1303 1428 uei
1366 1411 1380 1426 .
1409 1376 1547 1428 Gnd.
1620 1375 1763 1442 Quid
1789 1387 1854 1428 ut
1884 1393 1916 1427 o
1945 1375 2040 1428 Ed.
2065 1393 2146 1444 pr.
2179 1377 2356 1428 Burm.
2419 1379 2564 1443 Quin

1543 1449 1686 1514 Quin
1727 1457 1789 1496 ut
1822 1445 1983 1496 Goth.
2022 1462 2104 1514 pr.
2176 1446 2324 1498 ultro
2343 1465 2400 1516 p.
2434 1455 2561 1497 tert.

317 1517 478 1580 Quod
514 1527 577 1568 ut
611 1527 739 1586 opto
788 1517 901 1567 mie
935 1516 1047 1566 Erf.
1124 1515 1229 1582 (—
1256 1514 1379 1568 632.
1412 1517 1625 1568 medius
1663 1514 1870 1578 Medic„
1918 1515 2011 1566 ted
2047 1531 2161 1566 cum
2192 1514 2367 1566 litura.
2409 1517 2562 1584 Wr.)

314 1585 423 1639 634
455 1586 581 1636 Post
614 1585 749 1637 hunc
783 1585 839 1636 in
874 1585 1067 1636 Μαι-οι.
1100 1601 1207 1635 aec.
1242 1593 1499 1636 retractus
1541 1581 1658 1636 erat
1689 1601 1867 1635 vernus
1902 1599 1966 1634 ex
1999 1583 2091 1634 lib.
2131 1585 2230 1649 xl,
2265 1581 2368 1640 144
2395 1585 2564 1636 Ordi-

314 1673 389 1706 ne
404 1657 762 1738 stanuum-um
795 1666 850 1707 σε
884 1654 999 1706 late
1029 1653 1367 1706 discriminat
1399 1671 1584 1725 agr-oe.

314 1723 419 1776 Alii
455 1726 502 1775 I.
538 1741 591 1776 a.
618 1726 763 1805 petie
792 1735 848 1774 et
884 1725 1195 1776 Laurentia
1226 1733 1431 1776 caetra.

316 1793 597 1846 nonnullae
622 1793 944 1846 diabolares.

1689 1652 1790 1706 636
1825 1665 1880 1704 σε
1913 1655 1978 1704 L.
2013 1661 2158 1706 tecta
2179 1653 2385 1722 aliquot
2425 1653 2563 1709 Pier.

1567 1723 1668 1780 637
1701 1720 2006 1774 miserabile
2041 1723 2197 1790 vem,
2228 1724 2408 1794 sicque
2441 1723 2562 1776 edd.

316 1935 389 1994 V.
430 1931 587 1992 laud.
630 1935 688 2005 §-
748 1941 805 1997 1.
859 1932 1053 2010 Wr.)
1152 1935 1298 1992 Mox
1334 1951 1399 1992 se
1478 1934 1652 2012 fugae
1707 1943 1961 1992 mortem
2025 1935 2400 2013 praetulisset.
2485 1934 2562 1994 cf.

316 2023 503 2101 ipsam
512 2029 815 2078 retractat:
844 2021 1181 2094 Enimvero,
1212 2039 1395 2095 nunc,

1480 2019 1646 2078 Serv.
1692 2017 1764 2077 ad
1809 2018 1953 2082 644.
1996 2019 2117 2079 vid.
2143 2021 2248 2078 inf.
2280 2024 2402 2084 666
2433 2039 2562 2102 sqq.

316 2115 519 2164 manet
572 2116 684 2164 etc.
716 2103 743 2180 (
759 2125 935 2162 man
956 2104 1167 2163 eret?
1205 2105 1398 2166 Nunc
1476 2107 1776 2180 Imitatus,
1833 2104 1938 2163 sed
1985 2105 2211 2181 sobrie,
2265 2107 2442 2183 Silius
2481 2108 2562 2181 X,

316 2201 615 2248 manet:
660 2189 781 2250 vid.
810 2192 883 2250 V.
924 2193 995 2250 L.
1026 2189 1104 2249 ad
1128 2191 1200 2265 V,
1234 2195 1397 2267 181„

318 2275 465 2335 adde
493 2274 819 2335 Weichert.
859 2277 961 2334 De
1002 2277 1071 2334 V
1058 2297 1197 2334 eras.
1214 2278 1397 2334 iniur.

318 2381 486 2438 susp.
534 2381 595 2440 p.
638 2363 741 2424 97.
781 2363 917 2419 Not.
969 2361 1157 2438 W‘r.)
1254 2365 1400 2425 630.

320 2449 465 2508 681.
508 2454 620 2501 aut
676 2465 783 2524 ego
834 2447 962 2501 veri
1004 2466 1170 2503 vana
1194 2445 1400 2523 firor,

318 2532 432 2589 nisi
460 2528 780 2589 admodum
805 2530 1007 2604 fallor,
1051 2549 1088 2588 a
1130 2550 1267 2589 vero
1298 2532 1405 2587 ab—

322 2634 472 2674 erro.
514 2636 711 2673 vanus
723 2657 750 2685 ‚
780 2617 883 2695 qui
910 2616 1017 2673 sibi
1043 2634 1193 2675 vana
1222 2626 1279 2673 et
1308 2618 1407 2673 in-

322 2704 453 2760 ania
478 2698 803 2780 persuadet,
834 2720 1033 2758 vanus
1058 2702 1187 2758 veri
1199 2718 1405 2779 graece

323 2786 546 2845 dictum
560 2830 577 2859 ,
621 2796 687 2843 ut
716 2784 897 2843 fallax
924 2786 1047 2844 veri
1062 2829 1080 2860 ,
1110 2782 1401 2864 deceptus,

318 2872 495 2929 falsus
539 2872 664 2929 veri
700 2868 762 2929 h.
799 2889 983 2929 vero:
1018 2869 1186 2947 (veri
1226 2870 1403 2952 effeta

320 2958 447 3033 VII,
488 2954 637 3021 440.
699 2954 840 3014 W.
864 2955 893 3035 )
990 2956 1196 3033 Quod,
1251 2950 1407 3019 καθ’

320 3038 394 3119 ὃ,
441 3062 558 3125 qua
598 3042 662 3101 in
706 3062 767 3100 re
798 3053 995 3101 tamen
1022 3046 1247 3101 utinam
1274 3044 1402 3101 fru-

318 3140 435 3188 stra
462 3138 724 3187 metuam
754 3138 813 3185 et
837 3130 1064 3186 utinam
1102 3139 1167 3185 tu
1211 3132 1405 3187 consi·-

321 3217 467 3272 lium
497 3213 571 3272 de
598 3214 806 3273 Turno
834 3225 1044 3273 mutes.
1132 3210 1263 3289 (De
1290 3234 1403 3273 usu

319 3319 590 3380 pronum.
630 3298 811 3375 Quod
832 3302 893 3357 in
924 3299 1165 3379 optandi
1176 3300 1404 3359 formu-

321 3387 389 3445 lis
439 3384 557 3445 vid.
608 3384 795 3464 Sillig.
838 3384 914 3443 ad
956 3386 1071 3445 Cir.
1112 3406 1195 3444 vs.
1259 3386 1401 3450 149.

326 3475 473 3536 272.
492 3482 549 3529 et
566 3490 709 3552 quos
736 3472 836 3529 ille
859 3470 1077 3530 laudat.
1120 3470 1243 3531 Sed
1272 3468 1333 3529 h.
1360 3472 1403 3529 l.

332 3555 513 3632 Quod
550 3556 735 3615 ludar
762 3558 955 3617 nescio
986 3576 1061 3615 an
1090 3577 1156 3615 ea
1180 3559 1401 3615 ratione

324 3640 545 3699 dictinn
572 3644 661 3715 sit,
700 3639 774 3700 de
804 3662 919 3725 qua
944 3646 1271 3722 expositum
1296 3644 1400 3718 111,

327 3726 430 3791 56.
458 3728 591 3785 Not.
628 3726 805 3805 W.)

409 3814 531 3875 633
561 3832 689 3894 sqq.
730 3815 801 3870 In
829 3813 1135 3871 simulacro
1162 3813 1397 3869 Aeneae

326 3896 631 3955 conflando
677 3896 880 3957 habuit
905 3898 1239 3978 Apollinem
1272 3900 1400 3955 Ho-

326 3983 611 4039 mericum
628 4027 643 4057 ,
687 4003 864 4064 quem
890 3995 1259 4065 sequeretur,
1301 3984 1401 4063 qui

325 4068 561 4125 Aeneae
604 4066 851 4131 εἴδωλον
895 4070 1092 4128 obiicit
1132 4067 1403 4127 Diomedi

322 4150 491 4210 Iliad.
524 4174 571 4225 ε,
601 4150 725 4217 449
752 4174 838 4235 sq.
871 4148 1101 4235 φάσμα.
1185 4157 1403 4212 Inven-

324 4248 453 4296 tum
484 4248 680 4297 autem
708 4236 819 4299 hoc
858 4242 1095 4298 Iunonis
1124 4259 1193 4298 eo
1221 4240 1403 4319 perti-

322 4334 457 4397 net,
516 4322 707 4405 quod,
763 4328 811 4383 si
866 4328 919 4382 ei
964 4336 1159 4405 aperte
1200 4326 1403 4405 fugam

323 4411 615 4485 suasisset,
644 4426 809 4469 more
835 4412 943 4469 viri
970 4412 1133 4471 fortis
1164 4412 1404 4472 Turnus

1481 2193 1564 2256 83
1593 2211 1718 2272 sq„
1773 2201 1832 2248 et
1872 2191 2069 2271 paullo
2109 2181 2415 2271 ping'uius,
2499 2193 2564 2250 in

1482 2275 1688 2333 fraude
1726 2277 2002 2333 Annibali
2045 2297 2080 2334 a
2129 2280 2354 2336 Iunone
2411 2277 2564 2336 facta

1482 2361 1584 2418 lib.
1615 2361 1812 2434 XVII,
1843 2361 1966 2425 528
1981 2363 2388 2442 seqq.-572
2409 2383 2564 2444 seq.;

1482 2446 1548 2500 in
1607 2465 1724 2526 quo
1780 2447 1910 2504 loco
1966 2448 2152 2504 multa
2224 2467 2299 2504 ex
2367 2460 2564 2506 nostro

1488 2548 1774 2608 expressa.
1857 2532 2343 2613 Antiquissimum
2391 2532 2566 2594 huius

1486 2618 1713 2693 generis
1745 2614 2012 2693 εἴδωλον,
2041 2618 2308 2698 Euripidi
2331 2614 2565 2698 φάσμα,

1488 2710 1576 2757 est
1601 2701 1784 2758 nubes
1803 2701 1866 2757 in
1892 2704 2129 2759 Iunonis
2157 2706 2410 2783 speciem
2425 2724 2566 2763 mu-

1484 2794 1604 2842 tata
1633 2796 1690 2843 et
1717 2786 1910 2843 Ixioni
1937 2788 2179 2845 obiecta.
2237 2787 2406 2847 Dicas
2419 2790 2566 2847 sorte

1484 2872 1773 2928 Iunonem
1822 2882 1878 2929 et
1917 2868 1980 2929 h.
2023 2872 2063 2930 1.
2110 2877 2390 2951 sagaciter
2443 2892 2567 2933 esse

1484 2954 1806 3015 adhibitam
1849 2954 1924 3016 ad
1971 2969 2301 3017 meteorum
2360 2979 2568 3019 crean-

1486 3041 1650 3117 dum,
1681 3045 1898 3124 quippe
1925 3063 2076 3124 quae
2095 3045 2240 3103 aeris
2270 3055 2390 3104 erat
2401 3066 2567 3126 sym-

1484 3128 1690 3185 bolum
1731 3132 2004 3210 antiquae
2053 3132 2360 3190 Graeciae:
2405 3130 2564 3190 unde

1484 3214 1588 3271 Iris
1635 3226 1754 3273 erat
1810 3218 1930 3273 eius
1979 3202 2258 3275 ministra.
2355 3215 2475 3277 Sed
2529 3236 2565 3277 a

1482 3300 1726 3357 Marone
1753 3296 1900 3359 haec
1930 3302 2116 3359 aliena
2143 3313 2298 3377 sunt,
2346 3306 2562 3385 quippe

1484 3387 1582 3443 cui
1607 3388 1754 3443 Iuno
1781 3406 2025 3464 persona
2051 3391 2278 3467 poetica
2299 3400 2416 3465 est,
2447 3408 2564 3471 qua

1484 3490 1746 3529 caussam
1787 3472 2134 3531 efficientem
2167 3476 2282 3549 rei,
2337 3476 2565 3555 vulgari

1482 3555 1664 3614 modo
1704 3576 1824 3613 non
1877 3557 2210 3617 tractandae
2229 3604 2248 3635 ,
2315 3562 2562 3638 subiicit,

1484 3641 1921 3701 accommodata
1963 3654 2161 3703 tamen
2199 3644 2274 3704 ad
2321 3644 2565 3729 mytho-

1483 3748 1616 3785 rum
1687 3726 1884 3787 fidem.
1977 3728 2179 3787 nimbo
2235 3733 2562 3809 succincta,

1481 3815 1660 3871 nube.
1714 3812 1965 3871 hiemem
1988 3836 2176 3894 agens
2191 3860 2208 3891 ,
2250 3818 2562 3895 turbinem,

1482 3898 1816 3978 procellam.
1901 3902 2134 3959 Novum
2173 3900 2284 3961 hoc
2315 3902 2391 3962 ad
2419 3902 2564 3963 deae

1481 3988 1864 4063 praesentiam
1894 3984 2328 4066 designandam,
2371 3988 2475 4049 sed
2499 3994 2564 4049 in

1486 4069 1866 4147 ἐπιφανείαις
1915 4068 2159 4131 deorum
2215 4076 2277 4132 in
2334 4076 2564 4156 templis

1486 4176 1606 4213 non
1637 4157 1918 4215 insolens:
1965 4159 2098 4222 vide
2127 4160 2460 4219 Callimach.
2499 4164 2564 4217 in

1485 4242 1678 4321 Apoll.
1709 4262 1798 4322 pr.
1830 4254 1888 4301 et
1914 4244 2105 4325 Intpp.
2153 4244 2338 4303 Cerda
2365 4244 2563 4303 laudat

1488 4346 1568 4385 ex
1607 4328 1795 4388 Valer.
1837 4330 1924 4386 121.
1967 4332 2042 4405 11,
2087 4332 2208 4395 115
2263 4330 2416 4387 Cum
2446 4328 2562 4386 dea

1489 4412 1753 4491 (Venus)
1783 4432 1845 4471 ee
1863 4416 2038 4492 piceo
2060 4434 2166 4494 per
2189 4412 2402 4473 sudum
2427 4423 2562 4473 tm·-
