3009 5050
793 375 1916 454 ADLIBRUMX
2313 385 2462 456 5⁴75

208 587 461 650 pennae,
514 568 743 644 Amor,
784 601 872 612 --
916 567 1099 630 Tibi
1142 579 1201 627 et
1244 569 1840 630 Matri—crimini
1881 580 2130 629 sunt—
2171 569 2250 630 cf.
2293 567 2468 630 ovid.

210 659 451 714 Metam·
492 655 647 728 VIII,
677 652 825 720 240.
854 657 933 728 Χ,
968 658 1112 720 197.
1128 673 1253 730 ——3
1295 666 1361 714 ut
1388 675 1576 714 unum
1603 655 1845 738 quidem
1871 656 2157 714 Amorem
2197 655 2466 736 appellet,

210 753 463 800 matrem
506 751 709 798 tamen
748 740 1041 800 Venerem
1092 760 1329 822 quoque
1366 741 1651 822 intelligat
1669 785 1686 816 ,
1728 753 1796 800 ut
1840 742 1948 816 IX,
1993 741 2139 806 525.
2159 758 2179 799 t
2251 741 2400 812 Vos,
2429 761 2466 798 ο

220 825 526 906 Οαμὶιψε,
554 827 658 884 ubi
686 845 867 884 unam
894 827 1179 901 nominat,
1221 827 1417 906 plures
1444 827 1784 909 alloquitur3
1829 829 1906 887 cf.
1933 827 1980 901 1,
2016 828 2189 900 139.;
2230 835 2468 908 propter

208 931 477 971 amorem
503 922 702 971 autem
725 911 1099 991 illegitimum
1128 912 1313 992 Cycni
1338 914 1403 970 in
1430 911 1860 972 Phaethontem
1887 921 2144 970 mutatus
2171 913 2304 987 ille3
2341 911 2466 972 for-

212 1009 362 1058 tasse
390 999 587 1058 lucem
614 999 745 1058 looo
770 999 1017 1058 obscuro
1048 996 1297 1056 affusam
1316 998 1680 1060 laetaberis.“
1765 1002 1928 1058 Haec
1970 994 2306 1076 Buhkopf.;
2361 995 2464 1058 sed

208 1083 345 1143 vide
372 1085 495 1144 iam
519 1085 591 1144 V.
619 1087 691 1144 Ia.
720 1083 797 1145 ad
822 1083 983 1147 huno
1009 1104 1096 1146 vs.
1152 1083 1333 1162 Wr.)

688 1529 1969 1648 Excunsusll

458 1749 629 1808 De
740 1748 1449 1827 Amyclis
1561 1748 2226 1808 taciti&

376 1937 508 2012 Lib,
538 1937 616 2012 X,
645 1932 771 2002 554
816 1937 1017 1994 tacitis
1055 1939 1340 2016 reg-navit
1376 1935 1686 2016 Amyclis.
1777 1936 1896 1994 Gur
1925 1937 2144 1994 tacitas
2160 1933 2462 2014 Amo-las

203 2021 453 2098 dixerit,
496 2025 656 2084 varia
697 2034 1034 2082 commenta
1074 2023 1245 2082 affert
1288 2025 1524 2084 Servius
1539 2067 1555 2100 ,
1597 2025 1700 2082 τίκ
1727 2019 1904 2102 digna
1931 2041 2082 2104 quae
2109 2031 2463 2101 repetantur.

208 2111 377 2181 Quae
404 2109 781 2190 probabiliter
808 2105 924 2166 dici
950 2111 1191 2190 possint,
1218 2107 1367 2170 haec
1397 2129 1520 2170 esse
1549 2111 1790 2170 arbitror
1805 2127 1824 2166 τ
1854 2109 2263 2168 LocaLucilii:
2295 2107 2467 2166 Mihi

204 2215 441 2254 neccsse
470 2205 557 2254 est
572 2237 597 2265 ,
638 2194 812 2272 loqui
822 2215 844 2250 .·
887 2215 1036 2252 nam
1064 2197 1187 2253 scio
1216 2195 1521 2274 Amyclas
1549 2193 2070 2274 tacendo-periisse
2081 2235 2106 2263 ,
2152 2193 2284 2252 Silii
2308 2195 2462 2270 Vm,

204 2281 335 2348 629
362 2292 421 2340 et
447 2281 723 2358 Pervigil.
751 2280 901 2339 ven.
928 2282 1036 2339 sub
1064 2281 1108 2339 f.
1138 2282 1273 2340 satis
1315 2282 1528 2340 docent
1545 2325 1562 2355 ,
1606 2280 1682 2339 ad
1707 2281 1872 2338 illam
1895 2281 2290 2338 narrationem
2315 2299 2464 2360 poe-

204 2377 333 2426 tam
361 2367 677 2446 respexisse
696 2409 715 2438 ,
761 2384 875 2444 qua
898 2407 917 2438 ,
962 2355 1143 2440 „cum
1166 2366 1501 2448 freq-uenter
1531 2367 1674 2424 falso
1701 2367 2108 2422 nuntiarentur
2135 2363 2359 2441 hostes,
2403 2375 2463 2425 et

208 2496 249 2527 „
261 2452 425 2508 inani
448 2462 666 2510 terrore
694 2450 891 2506 civitas
913 2449 1313 2530 quassaretur,
1357 2453 1471 2510 lata
1496 2452 1628 2530 lege
1655 2460 1894 2509 cautum
1923 2460 2036 2509 est:
2078 2469 2157 2507 ne
2187 2453 2316 2533 quis
2343 2467 2463 2508 un·-

208 2582 249 2612 „
265 2556 447 2619 quam
474 2534 651 2595 hostis
676 2536 971 2593 nuntiaret
996 2534 1334 2595 adveutum.
1416 2540 1628 2595 Postea
1671 2556 1809 2595 cum
1833 2556 1970 2595 vere
2011 2532 2190 2595 hostis
2217 2539 2462 2613 veniret,

209 2668 251 2701 „
268 2624 435 2681 nullo
500 2621 808 2679 nuntiante
823 2663 842 2692 ,
910 2638 986 2677 ex
1026 2622 1341 2701 improviso
1379 2623 1580 2681 civitas
1620 2632 1788 2700 capta
1831 2631 1950 2681 estz
2023 2621 2184 2679 unde
2242 2624 2464 2680 tac-item

208 2752 250 2785 „
265 2706 571 2787 Amyclae
628 2704 816 2764 dictae
856 2714 1021 2780 sunt,
1100 2704 1260 2787 quod
1304 2708 1526 2785 periere
1565 2706 1813 2765 silentio.
1828 2708 1865 2738 “
1962 2708 2142 2765 Recte
2183 2704 2330 2765 haec
2383 2708 2462 2767 ab

206 2796 399 2873 Aspro
414 2838 433 2868 ,
476 2812 617 2851 nam
646 2794 693 2851 is
722 2800 925 2849 auctor
951 2809 986 2850 a
1011 2792 1162 2850 Iulio
1190 2792 1416 2855 Sabina
1434 2788 1730 2873 proditur,
1776 2789 1986 2850 tradita
2013 2790 2286 2850 videntur
2299 2836 2314 2866 ,
2357 2790 2462 2851 sed

207 2880 355 2939 falso
384 2878 461 2939 ad
487 2877 595 2937 has
623 2880 935 2936 Ausonum
958 2876 1237 2959 Amyclas
1264 2889 1534 2938 revocata
1549 2920 1568 2953 ,
1609 2896 1762 2959 quae
1789 2896 1824 2938 a
1851 2878 2210 2957 serpentibus
2237 2875 2464 2937 deletae
2575 2890 2582 2897 ·

208 2968 409 3041 fliere3
453 2986 513 3032 v.
548 2966 763 3023 Notam
780 2982 799 3021 z
842 2983 981 3023 cum
1022 2982 1093 3025 ea
1138 2962 1215 3024 ad
1240 2965 1516 3044 Amyclas
1545 2965 1870 3023 Laconicae
1894 2971 2217 3043 spectarent
2233 3006 2250 3037 ,
2319 2982 2462 3043 quas

208 3072 245 3111 a
273 3051 648 3111 Doriensibus
678 3048 893 3109 deletas
927 3070 1051 3109 esse
1066 3095 1084 3125 ,
1126 3048 1427 3131 proditum
1454 3052 1796 3131 reperimus.
1855 3052 2024 3124 Nam,
2053 3050 2462 3128 Peloponneso

208 3158 245 3197 a
284 3138 658 3197 Doriensibus
705 3146 765 3195 et
806 3135 1125 3195 Heraclidis
1154 3146 1437 3217 occupata
1452 3182 1468 3211 ,
1515 3134 1730 3216 oppida
1757 3136 1977 3217 aliquot
2003 3136 2327 3194 Laconicae
2354 3154 2466 3215 per

213 3222 489 3283 ducentos
519 3220 711 3282 adhuc
738 3242 923 3287 annos
950 3234 1259 3281 tenuerant
1284 3220 1540 3297 Achaei,
1594 3219 1780 3280 donec
1793 3266 1826 3297 ,.
1851 3222 2046 3301 paullo
2076 3232 2210 3279 ante
2239 3221 2460 3281 bellum

209 3310 564 3369 Messeniam
588 3309 847 3389 primum
861 3353 878 3384 ,
921 3312 1071 3389 regis
1100 3310 1325 3368 Telecli
1355 3306 1535 3367 ductu
1551 3352 1568 3383 ,
1599 3310 1906 3365 Dorienses
1932 3327 2036 3365 seu
2064 3304 2460 3366 Lacedaemo-

210 3396 294 3454 nii
338 3415 407 3454 ea
452 3396 583 3453 loca
623 3405 956 3474 expugnata
989 3396 1113 3454 solo
1160 3405 1501 3495 aequarunt.
1579 3395 1740 3451 Inter
1781 3412 1931 3474 quae
1969 3393 2131 3451 fuere
2157 3394 2459 3474 Amyclae,

214 3502 363 3564 quae
394 3484 601 3540 acriter
626 3482 955 3539 restiterunt
977 3524 995 3555 ,
1050 3500 1163 3539 nec
1204 3482 1317 3539 msi
1355 3480 1491 3540 belli
1535 3474 1908 3538 diuturnitate
1935 3480 2159 3538 attritae
2193 3481 2256 3537 in
2287 3478 2461 3539 ditio-

210 3586 351 3626 nem
401 3576 712 3627 cesserunt.
798 3566 1141 3645 Tropaeum
1189 3564 1264 3625 de
1312 3567 1381 3624 iis
1432 3576 1692 3625 erectum
1729 3584 1836 3644 pro
1866 3576 2207 3643 argumento
2236 3566 2462 3625 virtutis

212 3672 449 3727 eorum,
492 3652 596 3734 qui
625 3651 761 3710 victi
790 3661 989 3726 erant,
1032 3647 1385 3710 habebatur:
1427 3652 1679 3709 Pausan.
1707 3652 1810 3725 111,
1833 3654 1895 3725 2,
1933 3672 1994 3731 p.
2023 3654 2148 3716 208
2181 3660 2238 3709 et
2271 3671 2323 3711 c.
2359 3656 2460 3727 12,

211 3760 273 3819 p.
304 3741 449 3801 237.
533 3736 817 3817 Amyclae
866 3756 1097 3796 eversae
1135 3740 1251 3797 vici
1290 3738 1544 3795 formam
1569 3756 1677 3817 per
1703 3738 1888 3794 multa
1926 3746 2192 3816 tempora
2233 3732 2462 3795 habue-

211 3833 382 3898 runt,
427 3822 613 3881 clarae
638 3823 902 3903 inprimis
932 3820 1029 3880 dei
1055 3823 1359 3903 Amyclaei
1384 3823 1604 3901 templo
1647 3833 1706 3881 et
1734 3820 1966 3881 throno.
2007 3820 2128 3883 vid.
2168 3821 2310 3881 ibid.
2355 3824 2460 3896 111,

218 3911 298 3973 19
330 3918 387 3965 et
422 3911 519 3981 18,
572 3906 645 3966 de
690 3927 805 3990 quo
848 3906 1203 3989 disputatum
1242 3918 1325 3969 est
1354 3928 1387 3966 a
1414 3908 1582 3967 nobis
1608 3911 1673 3967 in
1701 3908 2038 3987 Antiquar.
2067 3906 2394 3967 Ablmndl.
2425 3908 2472 3967 I

220 3990 432 4051 Stiiek.
517 3993 606 4050 De
636 3997 1066 4073 expugnatione
1094 3996 1191 4053 illa
1203 3995 1586 4077 Amyclarum
1613 4013 1648 4052 a
1675 3996 1872 4073 priscis
1900 3994 2266 4074 scriptoribus
2293 3995 2464 4075 plura

208 4080 387 4138 fuisse
412 4090 642 4137 narrata
663 4123 681 4153 ,
723 4089 852 4137 tum
894 4100 973 4138 ex
1012 4080 1299 4139 Pausania
1317 4123 1342 4151 ‚
1384 4090 1516 4139 tum
1556 4100 1635 4138 ex
1665 4078 1906 4139 Pindari
1931 4080 2072 4139 locis
2100 4078 2304 4139 Isthm.
2331 4080 2458 4153 vn,

216 4166 519 4229 18—22.
602 4160 777 4245 Pyth.
819 4166 879 4240 1,
915 4163 1055 4229 124.
1104 4164 1245 4230 125.
1280 4168 1399 4231 126
1446 4175 1637 4246 patet:
1693 4164 1852 4225 unde
1878 4167 2246 4246 intelligitur,
2289 4166 2462 4222 fiiisse

206 4247 569 4329 Aegidarum
584 4293 602 4325 ,
656 4269 807 4331 quae
844 4250 1089 4331 Spartae
1130 4252 1313 4311 tribus
1350 4262 1471 4309 erat
1520 4250 1742 4311 Thebis
1781 4250 2028 4313 oriunda
2046 4293 2072 4323 ,
2122 4252 2460 4331 praecipuas

206 4338 273 4395 in
316 4356 388 4395 eo
429 4335 583 4395 bello
618 4346 809 4416 partes
849 4336 1241 4420 Amyclasque
1288 4338 1400 4397 illis
1427 4332 1772 4399 habitandas
1811 4357 1934 4399 esse
1976 4338 2308 4415 assignatas.
2391 4332 2462 4393 Si
