3009 5050
475 399 572 472 94

955 391 1037 466 P.
1091 385 1617 465 VIRGILII
1666 384 2224 466 MARONIS

477 578 634 674 Qui
658 575 877 654 bello
909 573 1134 651 exciti
1165 595 1426 672 reges,
1483 597 1689 674 quae
1716 595 2123 674 quemque
2148 585 2465 654 secutae

611 763 715 822 642
748 765 908 818 acciti
938 763 1126 816 Medic.
1161 765 1331 819 Colot.
1368 774 1425 817 et
1457 767 1625 818 Burin.
1658 765 1933 832 Excerpta.
1977 764 2211 818 Alterum
2244 763 2480 820 doctius:
2518 763 2682 814 excisi
2692 779 2707 824 ς

477 845 534 888 et
563 834 702 889 bello
717 873 734 902 ,
769 833 837 886 ad
869 833 1080 889 bellum.
1150 851 1516 906 quemcunque
1550 834 1682 886 Gud.
1717 853 1748 885 a
1776 851 1843 884 m.
1874 851 1959 903 pr.
2021 851 2175 904 quem
2208 849 2455 906 quaeque
2488 831 2710 884 Dorviu.

473 992 658 1067 cati03
701 1001 760 1050 et
785 1001 970 1066 recte,
1014 1000 1314 1074 tamquam
1351 993 1414 1050 in
1455 1011 1553 1050 re·-

473 1079 582 1136 bus
623 1097 662 1134 a
702 1078 888 1156 prisca
939 1081 1224 1137 memoria
1279 1079 1551 1157 repetitis.

475 1163 982 1241 Comparationem
1008 1165 1158 1220 inter
1180 1163 1553 1220 Homericam

479 1259 538 1306 et
580 1249 953 1326 virgilianam
993 1251 1276 1308 rationem
1330 1267 1365 1305 a
1420 1250 1553 1306 Ma-

476 1333 671 1394 crobio
699 1332 836 1391 inde
867 1334 989 1392 Sat.
1017 1333 1088 1406 V,
1118 1354 1172 1391 c.
1218 1334 1297 1398 15
1339 1335 1551 1412 passim

474 1419 842 1476 instituerunt
879 1419 990 1476 viri
1033 1417 1217 1494 docti,
1271 1417 1374 1476 sed
1413 1437 1553 1497 par-

474 1505 623 1562 tium
676 1505 797 1561 fere
854 1502 1042 1562 studio
1099 1514 1158 1562 et
1229 1504 1553 1560 alterutrius

474 1600 680 1669 poetae
709 1607 904 1646 amore
944 1590 1183 1668 abrepti.
1265 1589 1442 1646 Nobis
1485 1607 1554 1645 ea

473 1685 701 1732 notasse
767 1673 977 1732 sufficit
1007 1718 1024 1746 ,
1102 1693 1251 1753 quae
1313 1673 1553 1752 Virgilio

475 1760 706 1838 propria
733 1769 886 1816 sunt.
971 1758 1121 1816 Cum
1147 1761 1342 1839 itaque
1367 1761 1553 1816 Grae-

478 1863 679 1902 carum
703 1844 936 1901 urbium
954 1853 1010 1901 et
1025 1845 1376 1922 populorum
1403 1861 1555 1900 enu-

476 1930 720 1986 meratio
738 1973 754 2003 ,
811 1938 1111 2009 tamquam
1163 1931 1226 1986 in
1282 1948 1345 1987 re
1387 1947 1555 1987 com-

475 2016 644 2076 muni
673 2014 946 2072 Graeciae
975 2033 1256 2072 consensu
1293 2023 1555 2093 suscepta

475 2110 780 2180 gestaque,
841 2097 917 2156 ad
967 2099 1326 2177 singulorum
1381 2101 1554 2178 oppi-

478 2183 686 2243 dorum
712 2181 950 2242 laudem
978 2192 1034 2242 et
1059 2185 1305 2262 gloriam
1337 2187 1554 2242 avitam

475 2271 764 2349 pertinere
805 2267 1096 2326 videretur
1123 2313 1138 2344 ,
1197 2271 1382 2328 multa
1423 2271 1554 2326 Ho-

475 2375 672 2412 merus
723 2355 1057 2435 simpliciter
1104 2353 1342 2414 nom'ine
1399 2353 1554 2412 desi-

477 2459 656 2519 gnare
712 2442 920 2519 potuit.
1032 2441 1112 2498 At
1179 2443 1330 2498 Latii
1383 2441 1554 2500 urbes

476 2526 786 2606 pleraeque
815 2536 916 2585 aut
939 2526 1061 2585 solo
1091 2538 1254 2585 erant
1273 2536 1551 2607 aequatae

478 2622 592 2669 aut·
607 2614 844 2693 antiquo
873 2610 1176 2690 splendore
1198 2611 1550 2671 exciderant.

476 2698 718 2755 Necesse
759 2698 934 2775 igitur
987 2696 1094 2755 fuit
1136 2708 1339 2777 poetae
1384 2716 1553 2756 com-

475 2801 798 2842 memorare
816 2801 1027 2861 paucas
1057 2793 1116 2840 et
1141 2782 1551 2843 commendare

477 2888 571 2925 eas
599 2887 636 2926 a
661 2880 852 2928 vetere
879 2868 1036 2927 fama
1077 2880 1136 2927 et
1176 2871 1422 2950 antiquis
1458 2869 1552 2926 fa-

475 2952 654 3029 bulis,
697 2956 958 3033 inprimis
1007 2952 1078 3011 de
1132 2956 1240 3027 iis,
1296 2956 1398 3034 qui
1455 2972 1551 3011 eas

475 3037 874 3097 condiderant.
927 3039 1172 3097 Fabulas
1197 3049 1397 3096 autem
1423 3038 1554 3115 ple·-

475 3142 723 3203 rumque
779 3122 855 3180 ad
897 3124 1279 3199 Graecanicae
1323 3122 1554 3179 fabulae

473 3218 744 3265 naturam
785 3206 1244 3266 accommodavit
1257 3253 1274 3281 ‚
1331 3209 1555 3285 origine

477 3310 711 3371 quoque
728 3292 962 3350 urbium
975 3294 1302 3351 Italicarum
1315 3313 1349 3350 a
1368 3294 1555 3353 Grae-

476 3379 556 3434 cis
583 3378 842 3455 repetita.
931 3378 1056 3447 Qua
1097 3376 1170 3434 de
1214 3398 1278 3435 re
1316 3398 1376 3437 v.
1423 3379 1554 3435 Ex-

475 3481 624 3519 curs.
655 3462 788 3519 VIII
815 3459 892 3518 ad
929 3459 992 3519 h.
1031 3462 1160 3519 libr.
1247 3463 1398 3521 Cum
1437 3465 1553 3521 ita·-

477 3566 592 3627 que
617 3548 888 3625 Virgilius
930 3546 1165 3603 urbium
1206 3557 1264 3605 et
1300 3548 1553 3626 populo-

475 3652 608 3691 rum
621 3634 894 3691 varietate
921 3633 1299 3713 locorumque
1327 3642 1386 3691 et
1409 3652 1551 3691 mo·-

475 3736 610 3775 rum
637 3716 960 3777 diversitate
986 3717 1220 3775 inferior
1248 3729 1394 3777 esset
1421 3720 1551 3775 Ho-

473 3822 636 3859 mero
651 3848 668 3876 ‚
734 3801 1174 3861 delectationem
1227 3822 1304 3861 ex
1342 3804 1549 3861 fabulis

345 3892 362 3905 ⁰
474 3888 671 3966 priscis
742 3899 896 3947 recte
969 3890 1264 3969 quaesivit.
1379 3887 1551 3960 Quod

474 3973 793 4031 Troianam
821 3975 1004 4031 aciem
1031 3993 1152 4031 non
1193 3974 1400 4033 adiecit
1413 4020 1429 4049 ,
1473 3972 1551 4032 ad

474 4058 851 4116 Homericum
907 4061 1242 4139 exemplum
1269 4104 1284 4133 ,
1371 4078 1550 4117 nemo

471 4145 639 4201 facile
667 4145 938 4218 miretur3
969 4164 1144 4225 quam
1173 4146 1332 4203 enim
1357 4148 1553 4204 varie-

469 4239 652 4287 tatem
697 4240 754 4287 et
802 4228 1240 4287 delectationem
1283 4250 1352 4287 ea
1397 4250 1549 4289 enu-

469 4317 713 4374 meratio
827 4317 1162 4394 promittere
1275 4324 1500 4395 poterat
1516 4310 1549 4373 Ρ

469 4402 846 4460 Etruscormn
873 4402 1092 4460 auxilia
1134 4418 1398 4461 enarrare
1427 4418 1550 4461 non

1636 992 1845 1050 oblitus
1884 1001 1970 1049 est
2010 991 2115 1050 inf.
2156 991 2255 1050 lib.
2298 991 2375 1064 X,
2422 993 2543 1056 163
2582 1009 2713 1072 seq.

1633 1077 1816 1134 Erant
1847 1078 2005 1134 enim
2032 1077 2094 1134 in
2122 1095 2335 1154 genere
2370 1071 2485 1132 hoc
2514 1095 2713 1134 rerum

1634 1159 2088 1242 hominumque,
2136 1181 2284 1242 quae
2313 1161 2577 1218 animum
2617 1171 2713 1218 te-

1632 1267 1771 1304 nere
1798 1256 2049 1327 possent.
2125 1244 2295 1317 Quod
2323 1242 2397 1303 ad
2424 1243 2710 1320 ordinem,

1635 1351 1750 1414 quo
1779 1333 1949 1390 urbes
1978 1343 2235 1390 recenset
2258 1341 2459 1412 poeta,
2489 1333 2710 1404 attinet,

1636 1421 1743 1476 etsi
1767 1437 1919 1476 vana
1960 1437 2030 1476 ea
2075 1415 2147 1474 de
2191 1417 2255 1476 r'e
2296 1418 2556 1475 virorum
2598 1414 2715 1474 do-

1634 1514 1861 1561 ctorum
1890 1513 1973 1560 est
2000 1503 2277 1560 subtilitas
2291 1544 2307 1573 ,
2353 1501 2427 1558 cf.
2455 1502 2714 1562 Macrob-

1633 1589 1677 1646 1.
1707 1609 1759 1646 c.
1776 1631 1793 1662 ,
1843 1607 1965 1644 non
1993 1597 2190 1644 tamen
2216 1585 2486 1646 videntur
2512 1587 2715 1644 obser-

1634 1692 1814 1748 vasse,
1844 1675 1915 1730 ab
1947 1671 2243 1730 occidente
2258 1673 2408 1729 Latii
2426 1669 2501 1730 ad
2516 1673 2713 1730 orien-

1634 1759 1777 1818 tales
1806 1778 1989 1838 usque
2016 1757 2159 1816 fines
2189 1777 2327 1814 eum
2350 1754 2641 1837 progredi.

1722 1841 2101 1908 641-—646.
2144 1842 2299 1914 Quid
2326 1853 2411 1900 est
2438 1841 2715 1919 pandere

1634 1927 1992 1986 Heliconem
2005 1926 2038 1983 ?
2063 1939 2131 1986 ut
2157 1927 2342 1986 aditus
2369 1937 2577 2006 poetae
2600 1947 2715 2006 pa-

1632 2008 1798 2072 teat?
1838 2025 2020 2094 utque
2051 2033 2145 2072 eas
2174 2024 2443 2073 canentes
2472 2007 2715 2072 audiat?

1634 2109 1700 2156 ut
1726 2099 1845 2158 fere
1868 2097 2053 2156 Cerda
2082 2101 2350 2178 exponit,
2393 2109 2451 2156 et
2480 2109 2564 2156 est
2592 2100 2713 2155 uti-

1636 2202 1752 2265 que
1793 2187 2094 2264 proprium
2148 2183 2221 2241 de
2272 2182 2432 2243 aditu
2487 2184 2715 2262 patefa-

1641 2269 1849 2328 ciendo
1894 2265 1960 2332 τὸ
2006 2269 2281 2346 pandere
2297 2291 2323 2341 ;
2392 2270 2551 2350 atqui
2591 2269 2715 2326 iam

1638 2365 1772 2414 ante
1800 2373 1903 2434 per
1928 2363 2122 2413 totum
2150 2373 2381 2412 carmen
2400 2356 2461 2412 in
2478 2355 2715 2412 Helico-

1634 2461 1738 2514 ne,
1784 2443 1933 2498 inter
1974 2441 2165 2499 Musas
2223 2442 2439 2498 versari
2480 2439 2711 2514 debuit3

1638 2538 1695 2585 et
1722 2528 1923 2585 Musae
1950 2528 2071 2583 iam
2096 2546 2421 2584 memorare
2462 2523 2713 2585 debuere

1635 2630 1857 2671 caussas
1885 2614 2103 2669 irarum
2129 2613 2364 2669 Iunonis
2403 2632 2540 2669 cmn
2576 2613 2714 2691 ipsis

1637 2696 1783 2757 odiis
1832 2716 2152 2777 eorumque
2212 2695 2459 2773 effectis3
2529 2714 2605 2755 an
2646 2706 2716 2753 ut

1634 2784 1833 2841 Musae
1890 2802 1993 2841 seu
2050 2780 2403 2841 descendant
2421 2825 2438 2855 ,
2490 2801 2596 2841 seu
2650 2784 2713 2841 iu

1636 2878 2011 2946 conspectum
2048 2862 2331 2925 veniant?
2380 2877 2449 2925 ut
2486 2869 2550 2924 in
2588 2868 2715 2924 He-

1635 2951 1783 3011 siodi
1811 2950 2041 3030 Theog.
2070 2970 2159 3033 pr.
2238 2952 2597 3011 Probabilius
2624 2953 2713 3011 al-

1636 3048 1829 3095 terum
1857 3034 2003 3095 hoc:
2048 3048 2116 3095 ut
2154 3058 2281 3095 rem
2320 3056 2562 3113 novam,
2606 3058 2713 3096 ve-

1635 3132 1821 3181 tustae
1860 3124 2177 3181 memoriae
2194 3166 2209 3197 ,
2250 3124 2359 3183 sibi
2398 3133 2713 3203 exponant.

1637 3210 1740 3265 Est
1768 3218 1947 3282 certe,
1993 3206 2187 3267 adeste
2214 3218 2274 3267 et
2298 3208 2489 3267 dicite.
2542 3207 2711 3271 lowe-

1635 3314 1699 3353 τε
1730 3296 1847 3353 νῦν
1876 3315 2009 3371 μοι,
2045 3297 2323 3355 Μοῦσαι.
2410 3292 2507 3353 Ad
2535 3295 2715 3352 Clau-

1638 3376 1879 3435 dianum
1905 3378 2002 3452 IV,
2038 3386 2069 3442 1
2114 3380 2437 3437 Gesner-um
2476 3379 2548 3437 de
2588 3382 2713 3438 He-

1634 3464 1823 3521 licone
1866 3474 2169 3544 tamquam
2222 3484 2394 3523 scena
2432 3468 2711 3544 cogitasse

1635 3546 1837 3607 video:
1871 3549 2029 3630 quod
2050 3552 2235 3609 nolim
2254 3552 2493 3609 factum.
2536 3551 2616 3629 (V
2616 3570 2713 3609 er·-

1634 3634 1781 3692 bum
1807 3636 2081 3710 pandere
2095 3676 2119 3705 ‚
2162 3646 2227 3693 ut
2276 3646 2529 3710 constat,
2571 3654 2711 3716 pro—

1631 3721 1755 3798 prie
1786 3718 1992 3777 dicitur
2034 3718 2107 3779 de
2148 3722 2317 3779 rebus
2359 3722 2711 3801 complicatis

1633 3806 1728 3863 vel
1773 3804 2005 3879 clausis;
2052 3802 2191 3863 hinc
2248 3808 2585 3867 transfertur
2634 3805 2711 3865 ad

1634 3910 1723 3947 res
1754 3891 2019 3949 obscuras
2056 3894 2365 3973 minusque
2406 3904 2569 3951 notas
2584 3936 2600 3966 ,
2642 3902 2711 3950 ut

1636 3994 1730 4054 ap.
1760 3976 1919 4054 Virg.
1948 3978 2098 4034 Aen.
2126 3978 2224 4051 VI,
2270 3982 2451 4043 262:
2511 3979 2712 4052 „Pau-

1636 4059 1772 4119 dere
1826 4081 1916 4119 res
1975 4064 2091 4119 alta
2142 4072 2295 4120 terra
2352 4074 2411 4121 et
2464 4064 2711 4142 caligine

1632 4150 1909 4204 mersas.“
2010 4146 2155 4205 Inde
2203 4150 2515 4207 oracula
2556 4168 2713 4229 pan-

1636 4230 1881 4306 duntur,
1924 4232 2075 4291 Aen.
2115 4234 2215 4305 III,
2252 4234 2397 4299 252.
2427 4232 2607 4306 479„
2652 4246 2715 4293 et

1635 4336 1669 4374 o
1687 4336 1720 4373 a
1733 4336 1839 4375 rm
1853 4320 1929 4374 in
1944 4336 1978 4373 a
2006 4336 2094 4374 res
2125 4318 2389 4377 obscuras
2415 4320 2715 4379 illustran-

1632 4403 1748 4479 tia,
1784 4412 1851 4461 ut
1876 4421 1971 4482 ap.
1996 4404 2229 4461 Lucret.
2258 4405 2355 4478 IV,
2384 4409 2482 4469 8.:.
2522 4406 2715 4480 „ob-
