<?xml version="1.0" encoding="UTF-8"?>
<!DOCTYPE html PUBLIC "-//W3C//DTD XHTML 1.0 Transitional//EN"
    "http://www.w3.org/TR/xhtml1/DTD/xhtml1-transitional.dtd">
<html xmlns="http://www.w3.org/1999/xhtml" xml:lang="en" lang="en">
 <head>
  <title>
</title>
<meta http-equiv="Content-Type" content="text/html;charset=utf-8" />
  <meta name='ocr-system' content='tesseract 3.04.00' />
  <meta name='ocr-capabilities' content='ocr_page ocr_carea ocr_par ocr_line ocrx_word'/>
</head>
<body>
  <div class='ocr_page' id='page_1' title='image "./pvblivsvirgiliv00unkngoog_0098.png"; bbox 0 0 3009 5050; ppageno 0'>
   <div class='ocr_carea' id='block_1_1' title="bbox 613 387 2179 485">
    <p class='ocr_par' dir='ltr' id='par_1_1' title="bbox 613 387 2179 485">
     <span class='ocr_line' id='line_1_1' title="bbox 613 387 2179 485; baseline 0.003 -19"><span class='ocrx_word' id='word_1_1' title='bbox 613 387 1220 467; x_wconf 79' lang='lat' dir='ltr'><strong>AENmnos</strong></span> <span class='ocrx_word' id='word_1_2' title='bbox 1268 389 1474 465; x_wconf 77' lang='lat' dir='ltr'><strong>Lm.</strong></span> <span class='ocrx_word' id='word_1_3' title='bbox 1526 387 1697 485; x_wconf 86' lang='lat' dir='ltr'><strong>vn,</strong></span> <span class='ocrx_word' id='word_1_4' title='bbox 1748 391 2179 470; x_wconf 54' lang='grc' dir='ltr'><strong>(ευ-649</strong></span> 
     </span>
    </p>
   </div>
   <div class='ocr_carea' id='block_1_2' title="bbox 284 553 1410 774">
    <p class='ocr_par' dir='ltr' id='par_1_2' title="bbox 284 553 1410 774">
     <span class='ocr_line' id='line_1_2' title="bbox 289 553 1388 676; baseline -0.006 -20"><span class='ocrx_word' id='word_1_5' title='bbox 289 553 775 676; x_wconf 86' lang='lat' dir='ltr'><strong>Conplerint·</strong></span> <span class='ocrx_word' id='word_1_6' title='bbox 795 597 1120 675; x_wconf 88' lang='lat' dir='ltr'><strong>campos</strong></span> <span class='ocrx_word' id='word_1_7' title='bbox 1153 573 1388 668; x_wconf 85' lang='lat' dir='ltr'><strong>acies;</strong></span> 
     </span>
     <span class='ocr_line' id='line_1_3' title="bbox 284 677 1410 774; baseline -0.007 -15"><span class='ocrx_word' id='word_1_8' title='bbox 284 679 683 760; x_wconf 83' lang='lat' dir='ltr'><strong>Floruerit</strong></span> <span class='ocrx_word' id='word_1_9' title='bbox 711 692 922 754; x_wconf 86' lang='lat' dir='ltr'><strong>terra</strong></span> <span class='ocrx_word' id='word_1_10' title='bbox 955 677 1162 753; x_wconf 86' lang='lat' dir='ltr'><strong>alma</strong></span> <span class='ocrx_word' id='word_1_11' title='bbox 1187 678 1368 752; x_wconf 86' lang='lat' dir='ltr'><strong>viris</strong></span> <span class='ocrx_word' id='word_1_12' title='bbox 1388 737 1410 774; x_wconf 85' lang='lat'>‚</span> 
     </span>
    </p>
   </div>
   <div class='ocr_carea' id='block_1_3' title="bbox 2418 399 2519 472">
    <p class='ocr_par' dir='ltr' id='par_1_3' title="bbox 2418 399 2519 472">
     <span class='ocr_line' id='line_1_4' title="bbox 2418 399 2519 472; baseline -0.04 0"><span class='ocrx_word' id='word_1_13' title='bbox 2418 399 2519 472; x_wconf 82' lang='lat'><strong>95</strong></span> 
     </span>
    </p>
   </div>
   <div class='ocr_carea' id='block_1_4' title="bbox 1443 572 2341 780">
    <p class='ocr_par' dir='ltr' id='par_1_4' title="bbox 1443 572 2341 780">
     <span class='ocr_line' id='line_1_5' title="bbox 1443 572 2334 674; baseline 0.003 -25"><span class='ocrx_word' id='word_1_14' title='bbox 1443 572 1731 674; x_wconf 84' lang='lat' dir='ltr'><strong>quibus</strong></span> <span class='ocrx_word' id='word_1_15' title='bbox 1758 572 1947 650; x_wconf 85' lang='lat' dir='ltr'><strong>Itala</strong></span> <span class='ocrx_word' id='word_1_16' title='bbox 1978 575 2135 650; x_wconf 89' lang='lat' dir='ltr'><strong>iam</strong></span> <span class='ocrx_word' id='word_1_17' title='bbox 2158 587 2334 652; x_wconf 84' lang='lat' dir='ltr'><strong>tum</strong></span> 
     </span>
     <span class='ocr_line' id='line_1_6' title="bbox 1465 678 2341 780; baseline 0.008 -28"><span class='ocrx_word' id='word_1_18' title='bbox 1465 678 1751 780; x_wconf 87' lang='lat' dir='ltr'><strong>quibus</strong></span> <span class='ocrx_word' id='word_1_19' title='bbox 1782 678 2054 754; x_wconf 80' lang='lat' dir='ltr'><strong>arserit</strong></span> <span class='ocrx_word' id='word_1_20' title='bbox 2086 679 2341 760; x_wconf 83' lang='lat' dir='ltr'><strong>armis.</strong></span> 
     </span>
    </p>
   </div>
   <div class='ocr_carea' id='block_1_5' title="bbox 265 779 2525 884">
    <p class='ocr_par' dir='ltr' id='par_1_5' title="bbox 265 779 2525 884">
     <span class='ocr_line' id='line_1_7' title="bbox 265 779 2525 884; baseline -0 -24"><span class='ocrx_word' id='word_1_21' title='bbox 265 787 390 868; x_wconf 59' lang='lat' dir='ltr'><strong>,Et</strong></span> <span class='ocrx_word' id='word_1_22' title='bbox 449 781 922 863; x_wconf 83' lang='lat' dir='ltr'><strong>meministis</strong></span> <span class='ocrx_word' id='word_1_23' title='bbox 989 782 1204 858; x_wconf 89' lang='lat' dir='ltr'><strong>enim</strong></span> <span class='ocrx_word' id='word_1_24' title='bbox 1234 839 1256 878; x_wconf 91' lang='lat'>‚</span> <span class='ocrx_word' id='word_1_25' title='bbox 1311 779 1534 856; x_wconf 86' lang='lat' dir='ltr'><strong>divae</strong></span> <span class='ocrx_word' id='word_1_26' title='bbox 1561 840 1583 878; x_wconf 94' lang='lat'>,</span> <span class='ocrx_word' id='word_1_27' title='bbox 1637 793 1719 858; x_wconf 84' lang='lat' dir='ltr'><strong>et</strong></span> <span class='ocrx_word' id='word_1_28' title='bbox 1778 805 2235 859; x_wconf 88' lang='lat' dir='ltr'><strong>memorare</strong></span> <span class='ocrx_word' id='word_1_29' title='bbox 2290 793 2525 884; x_wconf 87' lang='lat' dir='ltr'><strong>pote-</strong></span> 
     </span>
    </p>
   </div>
   <div class='ocr_carea' id='block_1_6' title="bbox 1444 883 1611 961">
    <p class='ocr_par' dir='ltr' id='par_1_6' title="bbox 1444 883 1611 961">
     <span class='ocr_line' id='line_1_8' title="bbox 1444 883 1611 961; baseline 0.018 -3"><span class='ocrx_word' id='word_1_30' title='bbox 1444 883 1577 959; x_wconf 83' lang='lat' dir='ltr'><strong>stis</strong></span> <span class='ocrx_word' id='word_1_31' title='bbox 1592 917 1611 961; x_wconf 74' lang='lat' dir='ltr'><strong>t</strong></span> 
     </span>
    </p>
   </div>
   <div class='ocr_carea' id='block_1_7' title="bbox 2370 893 2520 966">
    <p class='ocr_par' dir='ltr' id='par_1_7' title="bbox 2370 893 2520 966">
     <span class='ocr_line' id='line_1_9' title="bbox 2370 893 2520 966; baseline 0 0"><span class='ocrx_word' id='word_1_32' title='bbox 2370 893 2520 966; x_wconf 87' lang='lat'><strong>645</strong></span> 
     </span>
    </p>
   </div>
   <div class='ocr_carea' id='block_1_8' title="bbox 285 983 2410 1398">
    <p class='ocr_par' dir='ltr' id='par_1_8' title="bbox 285 983 2001 1088">
     <span class='ocr_line' id='line_1_10' title="bbox 285 983 2001 1088; baseline -0.002 -20"><span class='ocrx_word' id='word_1_33' title='bbox 285 988 410 1068; x_wconf 90' lang='lat' dir='ltr'><strong>Ad</strong></span> <span class='ocrx_word' id='word_1_34' title='bbox 435 1012 584 1064; x_wconf 90' lang='lat' dir='ltr'><strong>nos</strong></span> <span class='ocrx_word' id='word_1_35' title='bbox 613 987 736 1064; x_wconf 84' lang='lat' dir='ltr'><strong>vix</strong></span> <span class='ocrx_word' id='word_1_36' title='bbox 765 987 1026 1064; x_wconf 84' lang='lat' dir='ltr'><strong>tenuis</strong></span> <span class='ocrx_word' id='word_1_37' title='bbox 1054 985 1314 1062; x_wconf 87' lang='lat' dir='ltr'><strong>famae</strong></span> <span class='ocrx_word' id='word_1_38' title='bbox 1339 983 1773 1088; x_wconf 78' lang='lat' dir='ltr'>perlabitur</span> <span class='ocrx_word' id='word_1_39' title='bbox 1798 1011 2001 1066; x_wconf 86' lang='lat' dir='ltr'><strong>aura.</strong></span> 
     </span>
    </p>

    <p class='ocr_par' dir='ltr' id='par_1_9' title="bbox 286 1087 2410 1398">
     <span class='ocr_line' id='line_1_11' title="bbox 390 1087 2237 1190; baseline -0.003 -20"><span class='ocrx_word' id='word_1_40' title='bbox 390 1093 702 1170; x_wconf 86' lang='lat' dir='ltr'><strong>Primus</strong></span> <span class='ocrx_word' id='word_1_41' title='bbox 730 1091 876 1166; x_wconf 88' lang='lat' dir='ltr'><strong>init</strong></span> <span class='ocrx_word' id='word_1_42' title='bbox 900 1087 1206 1166; x_wconf 89' lang='lat' dir='ltr'><strong>bellum</strong></span> <span class='ocrx_word' id='word_1_43' title='bbox 1235 1089 1663 1187; x_wconf 86' lang='lat' dir='ltr'><strong>Tyrrhenis</strong></span> <span class='ocrx_word' id='word_1_44' title='bbox 1692 1113 1919 1190; x_wconf 81' lang='lat' dir='ltr'><strong>asper</strong></span> <span class='ocrx_word' id='word_1_45' title='bbox 1947 1090 2043 1165; x_wconf 86' lang='lat' dir='ltr'><strong>ab</strong></span> <span class='ocrx_word' id='word_1_46' title='bbox 2076 1090 2237 1167; x_wconf 86' lang='lat' dir='ltr'><strong>oris</strong></span> 
     </span>
     <span class='ocr_line' id='line_1_12' title="bbox 291 1191 2410 1294; baseline -0.001 -20"><span class='ocrx_word' id='word_1_47' title='bbox 291 1199 771 1274; x_wconf 81' lang='lat' dir='ltr'><strong>Contemtor</strong></span> <span class='ocrx_word' id='word_1_48' title='bbox 804 1191 1078 1269; x_wconf 88' lang='lat' dir='ltr'><strong>divom</strong></span> <span class='ocrx_word' id='word_1_49' title='bbox 1105 1195 1545 1270; x_wconf 85' lang='lat' dir='ltr'><strong>Mezentius</strong></span> <span class='ocrx_word' id='word_1_50' title='bbox 1564 1253 1585 1290; x_wconf 92' lang='lat'>,</span> <span class='ocrx_word' id='word_1_51' title='bbox 1638 1193 2110 1294; x_wconf 83' lang='lat' dir='ltr'><strong>agminaque</strong></span> <span class='ocrx_word' id='word_1_52' title='bbox 2140 1207 2410 1272; x_wconf 86' lang='lat' dir='ltr'><strong>armat.</strong></span> 
     </span>
     <span class='ocr_line' id='line_1_13' title="bbox 286 1295 2169 1398; baseline -0.002 -22"><span class='ocrx_word' id='word_1_53' title='bbox 286 1299 527 1376; x_wconf 85' lang='lat' dir='ltr'><strong>Filius</strong></span> <span class='ocrx_word' id='word_1_54' title='bbox 566 1297 751 1373; x_wconf 90' lang='lat' dir='ltr'><strong>huic</strong></span> <span class='ocrx_word' id='word_1_55' title='bbox 782 1298 985 1372; x_wconf 80' lang='lat' dir='ltr'><strong>iuxta</strong></span> <span class='ocrx_word' id='word_1_56' title='bbox 1015 1301 1346 1394; x_wconf 78' lang='lat' dir='ltr'><strong>LauSUS‚</strong></span> <span class='ocrx_word' id='word_1_57' title='bbox 1400 1320 1563 1398; x_wconf 88' lang='lat' dir='ltr'><strong>quo</strong></span> <span class='ocrx_word' id='word_1_58' title='bbox 1589 1295 1943 1398; x_wconf 85' lang='lat' dir='ltr'><strong>pulcrior</strong></span> <span class='ocrx_word' id='word_1_59' title='bbox 1973 1295 2169 1374; x_wconf 86' lang='lat' dir='ltr'><strong>alter</strong></span> 
     </span>
    </p>
   </div>
   <div class='ocr_carea' id='block_1_9' title="bbox 291 1501 2531 1918">
    <p class='ocr_par' dir='ltr' id='par_1_10' title="bbox 291 1501 2531 1918">
     <span class='ocr_line' id='line_1_14' title="bbox 429 1501 2525 1575; baseline -0.002 -15"><span class='ocrx_word' id='word_1_60' title='bbox 429 1505 533 1560; x_wconf 76' lang='lat'><strong>643</strong></span> <span class='ocrx_word' id='word_1_61' title='bbox 563 1504 902 1575; x_wconf 67' lang='lat' dir='ltr'><strong>complerunt</strong></span> <span class='ocrx_word' id='word_1_62' title='bbox 943 1505 1096 1557; x_wconf 80' lang='lat' dir='ltr'><strong>Rom.</strong></span> <span class='ocrx_word' id='word_1_63' title='bbox 1141 1514 1196 1556; x_wconf 86' lang='lat' dir='ltr'><strong>et</strong></span> <span class='ocrx_word' id='word_1_64' title='bbox 1237 1513 1366 1556; x_wconf 77' lang='lat' dir='ltr'><strong>vett.</strong></span> <span class='ocrx_word' id='word_1_65' title='bbox 1412 1519 1442 1556; x_wconf 86' lang='lat' dir='ltr'><strong>a</strong></span> <span class='ocrx_word' id='word_1_66' title='bbox 1481 1502 1553 1555; x_wconf 81' lang='lat' dir='ltr'><strong>nd</strong></span> <span class='ocrx_word' id='word_1_67' title='bbox 1588 1502 1725 1556; x_wconf 77' lang='lat' dir='ltr'><strong>Pier.</strong></span> <span class='ocrx_word' id='word_1_68' title='bbox 1772 1515 1826 1556; x_wconf 81' lang='lat' dir='ltr'><strong>et</strong></span> <span class='ocrx_word' id='word_1_69' title='bbox 1854 1519 1977 1573; x_wconf 77' lang='lat' dir='ltr'><strong>pars</strong></span> <span class='ocrx_word' id='word_1_70' title='bbox 2010 1504 2181 1556; x_wconf 75' lang='lat' dir='ltr'><strong>Burin.</strong></span> <span class='ocrx_word' id='word_1_71' title='bbox 2226 1521 2340 1556; x_wconf 87' lang='lat' dir='ltr'><strong>cum</strong></span> <span class='ocrx_word' id='word_1_72' title='bbox 2384 1501 2525 1556; x_wconf 81' lang='lat' dir='ltr'><strong>binis</strong></span> 
     </span>
     <span class='ocr_line' id='line_1_15' title="bbox 291 1571 2523 1643; baseline -0.001 -16"><span class='ocrx_word' id='word_1_73' title='bbox 291 1575 486 1638; x_wconf 76' lang='lat' dir='ltr'><strong>Goth.;</strong></span> <span class='ocrx_word' id='word_1_74' title='bbox 522 1583 578 1626; x_wconf 82' lang='lat' dir='ltr'><strong>et</strong></span> <span class='ocrx_word' id='word_1_75' title='bbox 609 1574 716 1626; x_wconf 83' lang='lat' dir='ltr'><strong>hoe</strong></span> <span class='ocrx_word' id='word_1_76' title='bbox 745 1571 913 1638; x_wconf 69' lang='lat' dir='ltr'><strong>magis</strong></span> <span class='ocrx_word' id='word_1_77' title='bbox 949 1573 1170 1642; x_wconf 80' lang='lat' dir='ltr'><strong>epicum.</strong></span> <span class='ocrx_word' id='word_1_78' title='bbox 1231 1573 1342 1643; x_wconf 84' lang='lat' dir='ltr'><strong>(qui</strong></span> <span class='ocrx_word' id='word_1_79' title='bbox 1373 1572 1426 1624; x_wconf 78' lang='lat' dir='ltr'><strong>vi</strong></span> <span class='ocrx_word' id='word_1_80' title='bbox 1471 1589 1566 1626; x_wconf 77' lang='lat' dir='ltr'><strong>osa</strong></span> <span class='ocrx_word' id='word_1_81' title='bbox 1600 1573 1769 1625; x_wconf 79' lang='lat' dir='ltr'><strong>oratio</strong></span> <span class='ocrx_word' id='word_1_82' title='bbox 1804 1573 1969 1642; x_wconf 76' lang='lat' dir='ltr'><strong>magis</strong></span> <span class='ocrx_word' id='word_1_83' title='bbox 2004 1571 2152 1636; x_wconf 81' lang='lat' dir='ltr'><strong>epica</strong></span> <span class='ocrx_word' id='word_1_84' title='bbox 2188 1589 2303 1624; x_wconf 84' lang='lat' dir='ltr'><strong>esse</strong></span> <span class='ocrx_word' id='word_1_85' title='bbox 2336 1572 2523 1640; x_wconf 84' lang='lat' dir='ltr'><strong>possit,</strong></span> 
     </span>
     <span class='ocr_line' id='line_1_16' title="bbox 292 1641 2525 1714; baseline -0.001 -18"><span class='ocrx_word' id='word_1_86' title='bbox 292 1661 446 1714; x_wconf 81' lang='lat' dir='ltr'><strong>quam</strong></span> <span class='ocrx_word' id='word_1_87' title='bbox 480 1653 625 1695; x_wconf 82' lang='lat' dir='ltr'><strong>reeta</strong></span> <span class='ocrx_word' id='word_1_88' title='bbox 661 1653 713 1694; x_wconf 86' lang='lat' dir='ltr'><strong>et</strong></span> <span class='ocrx_word' id='word_1_89' title='bbox 744 1641 960 1704; x_wconf 82' lang='lat' dir='ltr'><strong>sincera,</strong></span> <span class='ocrx_word' id='word_1_90' title='bbox 995 1643 1051 1694; x_wconf 89' lang='lat' dir='ltr'><strong>id</strong></span> <span class='ocrx_word' id='word_1_91' title='bbox 1072 1657 1178 1694; x_wconf 84' lang='lat' dir='ltr'><strong>nou</strong></span> <span class='ocrx_word' id='word_1_92' title='bbox 1210 1641 1480 1712; x_wconf 74' lang='lat' dir='ltr'><strong>intelli303</strong></span> <span class='ocrx_word' id='word_1_93' title='bbox 1517 1641 1847 1694; x_wconf 77' lang='lat' dir='ltr'><strong>commendat</strong></span> <span class='ocrx_word' id='word_1_94' title='bbox 1876 1653 2047 1694; x_wconf 80' lang='lat' dir='ltr'><strong>tamen</strong></span> <span class='ocrx_word' id='word_1_95' title='bbox 2082 1643 2299 1694; x_wconf 85' lang='lat' dir='ltr'><strong>eandem</strong></span> <span class='ocrx_word' id='word_1_96' title='bbox 2328 1641 2525 1694; x_wconf 82' lang='lat' dir='ltr'><strong>lectio-</strong></span> 
     </span>
     <span class='ocr_line' id='line_1_17' title="bbox 293 1709 2529 1779; baseline -0.001 -14"><span class='ocrx_word' id='word_1_97' title='bbox 293 1731 412 1766; x_wconf 85' lang='lat' dir='ltr'><strong>nem</strong></span> <span class='ocrx_word' id='word_1_98' title='bbox 435 1713 578 1765; x_wconf 84' lang='lat' dir='ltr'><strong>Cort.</strong></span> <span class='ocrx_word' id='word_1_99' title='bbox 615 1713 682 1764; x_wconf 83' lang='lat' dir='ltr'><strong>ad</strong></span> <span class='ocrx_word' id='word_1_100' title='bbox 711 1712 899 1762; x_wconf 82' lang='lat' dir='ltr'><strong>Lucan.</strong></span> <span class='ocrx_word' id='word_1_101' title='bbox 924 1713 1016 1776; x_wconf 81' lang='lat' dir='ltr'><strong>lv,</strong></span> <span class='ocrx_word' id='word_1_102' title='bbox 1049 1711 1169 1766; x_wconf 74' lang='lat'><strong>426.</strong></span> <span class='ocrx_word' id='word_1_103' title='bbox 1235 1711 1449 1764; x_wconf 78' lang='lat' dir='ltr'><strong>Scilicet</strong></span> <span class='ocrx_word' id='word_1_104' title='bbox 1481 1728 1580 1779; x_wconf 87' lang='lat' dir='ltr'><strong>pro</strong></span> <span class='ocrx_word' id='word_1_105' title='bbox 1606 1711 1943 1764; x_wconf 78' lang='lat' dir='ltr'><strong>Coniunctivo</strong></span> <span class='ocrx_word' id='word_1_106' title='bbox 1977 1709 2205 1762; x_wconf 76' lang='lat' dir='ltr'><strong>Pexfeoti</strong></span> <span class='ocrx_word' id='word_1_107' title='bbox 2241 1721 2296 1762; x_wconf 85' lang='lat' dir='ltr'><strong>et</strong></span> <span class='ocrx_word' id='word_1_108' title='bbox 2329 1712 2529 1764; x_wconf 76' lang='lat' dir='ltr'><strong>Futuro</strong></span> 
     </span>
     <span class='ocr_line' id='line_1_18' title="bbox 294 1778 2527 1850; baseline -0.001 -15"><span class='ocrx_word' id='word_1_109' title='bbox 294 1793 475 1836; x_wconf 79' lang='lat' dir='ltr'><strong>exacto</strong></span> <span class='ocrx_word' id='word_1_110' title='bbox 509 1799 775 1850; x_wconf 73' lang='lat' dir='ltr'><strong>syncopen</strong></span> <span class='ocrx_word' id='word_1_111' title='bbox 809 1796 966 1850; x_wconf 82' lang='lat' dir='ltr'><strong>passo</strong></span> <span class='ocrx_word' id='word_1_112' title='bbox 996 1780 1198 1833; x_wconf 82' lang='lat' dir='ltr'><strong>librarii</strong></span> <span class='ocrx_word' id='word_1_113' title='bbox 1229 1782 1342 1832; x_wconf 83' lang='lat' dir='ltr'><strong>fere</strong></span> <span class='ocrx_word' id='word_1_114' title='bbox 1377 1779 1714 1848; x_wconf 79' lang='lat' dir='ltr'><strong>Indicativum</strong></span> <span class='ocrx_word' id='word_1_115' title='bbox 1748 1779 1970 1832; x_wconf 70' lang='lat' dir='ltr'><strong>Pei-fecti</strong></span> <span class='ocrx_word' id='word_1_116' title='bbox 2004 1778 2089 1832; x_wconf 78' lang='lat' dir='ltr'><strong>vel</strong></span> <span class='ocrx_word' id='word_1_117' title='bbox 2120 1779 2527 1850; x_wconf 78' lang='lat' dir='ltr'><strong>Plusqusmper-</strong></span> 
     </span>
     <span class='ocr_line' id='line_1_19' title="bbox 291 1844 2531 1918; baseline -0.001 -14"><span class='ocrx_word' id='word_1_118' title='bbox 291 1844 424 1904; x_wconf 70' lang='lat' dir='ltr'><strong>fecti</strong></span> <span class='ocrx_word' id='word_1_119' title='bbox 466 1851 804 1902; x_wconf 78' lang='lat' dir='ltr'><strong>substituunt.</strong></span> <span class='ocrx_word' id='word_1_120' title='bbox 857 1853 940 1904; x_wconf 89' lang='lat' dir='ltr'><em>W</em></span> <span class='ocrx_word' id='word_1_121' title='bbox 933 1851 1000 1916; x_wconf 80' lang='lat' dir='ltr'><strong>r.)</strong></span> <span class='ocrx_word' id='word_1_122' title='bbox 1083 1849 1442 1918; x_wconf 68' lang='lat' dir='ltr'><strong>compulerint</strong></span> <span class='ocrx_word' id='word_1_123' title='bbox 1486 1849 1677 1901; x_wconf 82' lang='lat' dir='ltr'><strong>alicubi</strong></span> <span class='ocrx_word' id='word_1_124' title='bbox 1722 1848 1829 1917; x_wconf 79' lang='lat' dir='ltr'><strong>legi</strong></span> <span class='ocrx_word' id='word_1_125' title='bbox 1877 1848 2075 1901; x_wconf 80' lang='lat' dir='ltr'><strong>Pierius</strong></span> <span class='ocrx_word' id='word_1_126' title='bbox 2122 1860 2315 1902; x_wconf 77' lang='lat' dir='ltr'><strong>narrat.</strong></span> <span class='ocrx_word' id='word_1_127' title='bbox 2384 1852 2531 1902; x_wconf 65' lang='lat' dir='ltr'><strong>acies</strong></span> 
     </span>
    </p>
   </div>
   <div class='ocr_carea' id='block_1_10' title="bbox 294 1917 2633 2058">
    <p class='ocr_par' dir='ltr' id='par_1_11' title="bbox 294 1917 2633 2058">
     <span class='ocr_line' id='line_1_20' title="bbox 294 1917 2633 1990; baseline -0.001 -16"><span class='ocrx_word' id='word_1_128' title='bbox 294 1939 410 1974; x_wconf 80' lang='lat' dir='ltr'><strong>cam</strong></span> <span class='ocrx_word' id='word_1_129' title='bbox 449 1938 514 1972; x_wconf 70' lang='lat' dir='ltr'><strong>os</strong></span> <span class='ocrx_word' id='word_1_130' title='bbox 542 1922 664 1972; x_wconf 77' lang='lat' dir='ltr'><strong>Exc.</strong></span> <span class='ocrx_word' id='word_1_131' title='bbox 705 1921 875 1970; x_wconf 80' lang='lat' dir='ltr'><strong>Burm-</strong></span> <span class='ocrx_word' id='word_1_132' title='bbox 941 1921 1113 1980; x_wconf 81' lang='lat' dir='ltr'><strong>acies,</strong></span> <span class='ocrx_word' id='word_1_133' title='bbox 1159 1917 1355 1990; x_wconf 73' lang='lat' dir='ltr'><strong>quibua</strong></span> <span class='ocrx_word' id='word_1_134' title='bbox 1399 1920 1602 1973; x_wconf 69' lang='lat' dir='ltr'><strong>arserit</strong></span> <span class='ocrx_word' id='word_1_135' title='bbox 1643 1921 1811 1970; x_wconf 79' lang='lat' dir='ltr'><strong>armis</strong></span> <span class='ocrx_word' id='word_1_136' title='bbox 1844 1919 2020 1981; x_wconf 67' lang='lat' dir='ltr'><strong>Wite,</strong></span> <span class='ocrx_word' id='word_1_137' title='bbox 2088 1917 2291 1970; x_wconf 79' lang='lat' dir='ltr'><strong>librarii</strong></span> <span class='ocrx_word' id='word_1_138' title='bbox 2324 1919 2527 1972; x_wconf 78' lang='lat' dir='ltr'><strong>fraude.</strong></span> <span class='ocrx_word' id='word_1_139' title='bbox 2616 1955 2633 1972; x_wconf 68' lang='lat'><strong>.</strong></span> 
     </span>
     <span class='ocr_line' id='line_1_21' title="bbox 622 1985 2529 2058; baseline -0.001 -17"><span class='ocrx_word' id='word_1_140' title='bbox 622 2009 670 2058; x_wconf 83' lang='lat' dir='ltr'><strong>q.</strong></span> <span class='ocrx_word' id='word_1_141' title='bbox 703 1991 751 2040; x_wconf 89' lang='lat'><strong>1.</strong></span> <span class='ocrx_word' id='word_1_142' title='bbox 787 2001 1002 2040; x_wconf 72' lang='lat' dir='ltr'><strong>tantum</strong></span> <span class='ocrx_word' id='word_1_143' title='bbox 1033 1989 1120 2040; x_wconf 85' lang='lat' dir='ltr'><strong>Fl.</strong></span> <span class='ocrx_word' id='word_1_144' title='bbox 1157 1988 1365 2056; x_wconf 81' lang='lat' dir='ltr'><strong>vulgata</strong></span> <span class='ocrx_word' id='word_1_145' title='bbox 1402 1988 1576 2056; x_wconf 83' lang='lat' dir='ltr'><strong>aliqua</strong></span> <span class='ocrx_word' id='word_1_146' title='bbox 1608 1997 1729 2040; x_wconf 85' lang='lat' dir='ltr'><strong>ante</strong></span> <span class='ocrx_word' id='word_1_147' title='bbox 1752 1987 1890 2041; x_wconf 87' lang='lat' dir='ltr'><strong>Pier.</strong></span> <span class='ocrx_word' id='word_1_148' title='bbox 1924 1987 2073 2056; x_wconf 77' lang='lat' dir='ltr'><strong>legit.</strong></span> <span class='ocrx_word' id='word_1_149' title='bbox 2178 1985 2281 2040; x_wconf 87' lang='grc'><strong>644</strong></span> <span class='ocrx_word' id='word_1_150' title='bbox 2312 1988 2529 2040; x_wconf 71' lang='lat' dir='ltr'><strong>adserit</strong></span> 
     </span>
    </p>
   </div>
   <div class='ocr_carea' id='block_1_11' title="bbox 288 2053 2522 2256">
    <p class='ocr_par' dir='ltr' id='par_1_12' title="bbox 288 2053 2522 2256">
     <span class='ocr_line' id='line_1_22' title="bbox 1272 2053 2522 2124; baseline -0.002 -13"><span class='ocrx_word' id='word_1_151' title='bbox 1272 2053 1376 2111; x_wconf 84' lang='lat'><strong>646</strong></span> <span class='ocrx_word' id='word_1_152' title='bbox 1409 2061 1484 2109; x_wconf 72' lang='lat' dir='ltr'><strong>At</strong></span> <span class='ocrx_word' id='word_1_153' title='bbox 1518 2067 1626 2108; x_wconf 86' lang='lat' dir='ltr'><strong>tres</strong></span> <span class='ocrx_word' id='word_1_154' title='bbox 1663 2057 1805 2124; x_wconf 78' lang='lat' dir='ltr'><strong>apud</strong></span> <span class='ocrx_word' id='word_1_155' title='bbox 1836 2059 2005 2108; x_wconf 75' lang='lat' dir='ltr'><strong>Burin.</strong></span> <span class='ocrx_word' id='word_1_156' title='bbox 2052 2073 2165 2108; x_wconf 82' lang='lat' dir='ltr'><strong>eum</strong></span> <span class='ocrx_word' id='word_1_157' title='bbox 2201 2066 2322 2109; x_wconf 78' lang='lat' dir='ltr'><strong>tert.</strong></span> <span class='ocrx_word' id='word_1_158' title='bbox 2360 2057 2522 2109; x_wconf 84' lang='lat' dir='ltr'><strong>Goth.</strong></span> 
     </span>
     <span class='ocr_line' id='line_1_23' title="bbox 288 2125 1813 2199; baseline -0.004 -17"><span class='ocrx_word' id='word_1_159' title='bbox 288 2126 449 2199; x_wconf 80' lang='lat' dir='ltr'><strong>fama</strong></span> <span class='ocrx_word' id='word_1_160' title='bbox 484 2128 648 2179; x_wconf 73' lang='lat' dir='ltr'><strong>Oudai</strong></span> <span class='ocrx_word' id='word_1_161' title='bbox 659 2137 698 2180; x_wconf 84' lang='lat' dir='ltr'><strong>t.</strong></span> <span class='ocrx_word' id='word_1_162' title='bbox 770 2125 1034 2179; x_wconf 55' lang='lat' dir='ltr'><strong>dilabitur</strong></span> <span class='ocrx_word' id='word_1_163' title='bbox 1067 2125 1270 2178; x_wconf 76' lang='lat' dir='ltr'><strong>anich.</strong></span> <span class='ocrx_word' id='word_1_164' title='bbox 1339 2145 1445 2178; x_wconf 67' lang='lat' dir='ltr'><strong>vox</strong></span> <span class='ocrx_word' id='word_1_165' title='bbox 1485 2125 1620 2178; x_wconf 78' lang='lat' dir='ltr'><strong>alter</strong></span> <span class='ocrx_word' id='word_1_166' title='bbox 1653 2126 1813 2176; x_wconf 82' lang='lat' dir='ltr'><strong>Goth.</strong></span> 
     </span>
     <span class='ocr_line' id='line_1_24' title="bbox 293 2195 1533 2256; baseline -0.004 -3"><span class='ocrx_word' id='word_1_167' title='bbox 293 2197 398 2252; x_wconf 73' lang='lat'><strong>648</strong></span> <span class='ocrx_word' id='word_1_168' title='bbox 433 2198 766 2249; x_wconf 63' lang='lat' dir='ltr'><strong>Mauritius</strong></span> <span class='ocrx_word' id='word_1_169' title='bbox 811 2195 994 2247; x_wconf 76' lang='lat' dir='ltr'><strong>scribit</strong></span> <span class='ocrx_word' id='word_1_170' title='bbox 1041 2195 1232 2247; x_wconf 83' lang='lat' dir='ltr'><strong>Medic.</strong></span> <span class='ocrx_word' id='word_1_171' title='bbox 1280 2205 1334 2246; x_wconf 82' lang='lat' dir='ltr'><strong>et</strong></span> <span class='ocrx_word' id='word_1_172' title='bbox 1366 2196 1533 2256; x_wconf 66' lang='lat' dir='ltr'><strong>Rom„</strong></span> 
     </span>
    </p>
   </div>
   <div class='ocr_carea' id='block_1_12' title="bbox 291 2007 1114 2126">
    <p class='ocr_par' dir='ltr' id='par_1_13' title="bbox 291 2007 1114 2126">
     <span class='ocr_line' id='line_1_25' title="bbox 293 2007 550 2042; baseline 0.008 -2"><span class='ocrx_word' id='word_1_173' title='bbox 293 2009 344 2042; x_wconf 80' lang='lat' dir='ltr'><strong>v.</strong></span> <span class='ocrx_word' id='word_1_174' title='bbox 423 2007 550 2042; x_wconf 85' lang='lat' dir='ltr'><strong>urm.</strong></span> 
     </span>
     <span class='ocr_line' id='line_1_26' title="bbox 291 2057 1114 2126; baseline -0.006 -13"><span class='ocrx_word' id='word_1_175' title='bbox 291 2061 445 2113; x_wconf 74' lang='lat' dir='ltr'><strong>Rom.</strong></span> <span class='ocrx_word' id='word_1_176' title='bbox 504 2058 692 2126; x_wconf 80' lang='lat' dir='ltr'><strong>(etiam</strong></span> <span class='ocrx_word' id='word_1_177' title='bbox 740 2058 930 2108; x_wconf 84' lang='lat' dir='ltr'><strong>Medic.</strong></span> <span class='ocrx_word' id='word_1_178' title='bbox 971 2057 1114 2122; x_wconf 75' lang='lat' dir='ltr'><strong>Wr.)</strong></span> 
     </span>
    </p>
   </div>
   <div class='ocr_carea' id='block_1_13' title="bbox 1595 2125 2529 2263">
    <p class='ocr_par' dir='ltr' id='par_1_14' title="bbox 1595 2125 2529 2263">
     <span class='ocr_line' id='line_1_27' title="bbox 1950 2125 2527 2181; baseline -0.005 -2"><span class='ocrx_word' id='word_1_179' title='bbox 1950 2125 2053 2181; x_wconf 90' lang='grc'><strong>647</strong></span> <span class='ocrx_word' id='word_1_180' title='bbox 2084 2127 2145 2177; x_wconf 84' lang='lat' dir='ltr'><strong>in</strong></span> <span class='ocrx_word' id='word_1_181' title='bbox 2176 2125 2235 2176; x_wconf 80' lang='lat' dir='ltr'><strong>id</strong></span> <span class='ocrx_word' id='word_1_182' title='bbox 2270 2125 2527 2177; x_wconf 65' lang='lat' dir='ltr'><strong>Montani.</strong></span> 
     </span>
     <span class='ocr_line' id='line_1_28' title="bbox 1595 2193 2529 2263; baseline 0 -17"><span class='ocrx_word' id='word_1_183' title='bbox 1595 2193 1737 2263; x_wconf 84' lang='lat' dir='ltr'><strong>qnod</strong></span> <span class='ocrx_word' id='word_1_184' title='bbox 1768 2195 1837 2246; x_wconf 79' lang='lat' dir='ltr'><strong>ad</strong></span> <span class='ocrx_word' id='word_1_185' title='bbox 1867 2193 2090 2262; x_wconf 79' lang='lat' dir='ltr'><strong>legentis</strong></span> <span class='ocrx_word' id='word_1_186' title='bbox 2122 2193 2393 2246; x_wconf 79' lang='lat' dir='ltr'><strong>fastidium</strong></span> <span class='ocrx_word' id='word_1_187' title='bbox 2426 2195 2529 2246; x_wconf 87' lang='lat' dir='ltr'><strong>de-</strong></span> 
     </span>
    </p>
   </div>
   <div class='ocr_carea' id='block_1_14' title="bbox 291 2263 2529 2472">
    <p class='ocr_par' dir='ltr' id='par_1_15' title="bbox 291 2263 2529 2472">
     <span class='ocr_line' id='line_1_29' title="bbox 291 2263 2529 2332; baseline -0.001 -14"><span class='ocrx_word' id='word_1_188' title='bbox 291 2265 465 2320; x_wconf 76' lang='lat' dir='ltr'><strong>fendit</strong></span> <span class='ocrx_word' id='word_1_189' title='bbox 497 2265 712 2318; x_wconf 82' lang='lat' dir='ltr'><strong>Pierius.</strong></span> <span class='ocrx_word' id='word_1_190' title='bbox 748 2264 874 2332; x_wconf 83' lang='lat' dir='ltr'><strong>(vid.</strong></span> <span class='ocrx_word' id='word_1_191' title='bbox 909 2266 976 2316; x_wconf 81' lang='lat' dir='ltr'><strong>V.</strong></span> <span class='ocrx_word' id='word_1_192' title='bbox 1011 2264 1074 2314; x_wconf 89' lang='lat' dir='ltr'><strong>L.</strong></span> <span class='ocrx_word' id='word_1_193' title='bbox 1107 2264 1176 2315; x_wconf 85' lang='lat' dir='ltr'><strong>ad</strong></span> <span class='ocrx_word' id='word_1_194' title='bbox 1209 2265 1274 2328; x_wconf 83' lang='grc' dir='ltr'><strong>ΙΙ,</strong></span> <span class='ocrx_word' id='word_1_195' title='bbox 1306 2263 1424 2318; x_wconf 81' lang='grc'><strong>763.</strong></span> <span class='ocrx_word' id='word_1_196' title='bbox 1464 2267 1550 2318; x_wconf 86' lang='lat' dir='ltr'><em>W</em></span> <span class='ocrx_word' id='word_1_197' title='bbox 1543 2265 1611 2328; x_wconf 75' lang='grc' dir='ltr'><strong>ν.)</strong></span> <span class='ocrx_word' id='word_1_198' title='bbox 1676 2265 1983 2316; x_wconf 67' lang='lat' dir='ltr'><strong>Mauricius</strong></span> <span class='ocrx_word' id='word_1_199' title='bbox 2013 2263 2192 2327; x_wconf 83' lang='lat' dir='ltr'><strong>Witt.,</strong></span> <span class='ocrx_word' id='word_1_200' title='bbox 2225 2273 2280 2316; x_wconf 86' lang='lat' dir='ltr'><strong>et</strong></span> <span class='ocrx_word' id='word_1_201' title='bbox 2302 2267 2529 2316; x_wconf 75' lang='lat' dir='ltr'><strong>Mezen·-</strong></span> 
     </span>
     <span class='ocr_line' id='line_1_30' title="bbox 293 2331 2529 2399; baseline -0.001 -11"><span class='ocrx_word' id='word_1_202' title='bbox 293 2337 413 2388; x_wconf 74' lang='lat' dir='ltr'><strong>cius·</strong></span> <span class='ocrx_word' id='word_1_203' title='bbox 446 2336 550 2388; x_wconf 85' lang='lat' dir='ltr'><strong>duo</strong></span> <span class='ocrx_word' id='word_1_204' title='bbox 599 2337 765 2386; x_wconf 78' lang='lat' dir='ltr'><strong>Bnrm.</strong></span> <span class='ocrx_word' id='word_1_205' title='bbox 852 2335 1190 2385; x_wconf 75' lang='lat' dir='ltr'><strong>Medenu&#39;um</strong></span> <span class='ocrx_word' id='word_1_206' title='bbox 1238 2342 1442 2384; x_wconf 75' lang='lat' dir='ltr'><strong>veteres</strong></span> <span class='ocrx_word' id='word_1_207' title='bbox 1487 2331 1712 2396; x_wconf 78' lang='lat' dir='ltr'><strong>dixisse,</strong></span> <span class='ocrx_word' id='word_1_208' title='bbox 1770 2333 2091 2399; x_wconf 72' lang='lat' dir='ltr'><strong>Priscianus,</strong></span> <span class='ocrx_word' id='word_1_209' title='bbox 2154 2335 2529 2397; x_wconf 68' lang='lat' dir='ltr'><strong>Mes-sentium,</strong></span> 
     </span>
     <span class='ocr_line' id='line_1_31' title="bbox 293 2401 2528 2472; baseline -0.001 -18"><span class='ocrx_word' id='word_1_210' title='bbox 293 2404 477 2455; x_wconf 82' lang='lat' dir='ltr'><strong>Velius</strong></span> <span class='ocrx_word' id='word_1_211' title='bbox 511 2405 721 2470; x_wconf 83' lang='lat' dir='ltr'><strong>Longus</strong></span> <span class='ocrx_word' id='word_1_212' title='bbox 749 2402 951 2454; x_wconf 76' lang='lat' dir='ltr'><strong>traditi.</strong></span> <span class='ocrx_word' id='word_1_213' title='bbox 1022 2403 1217 2454; x_wconf 85' lang='lat' dir='ltr'><strong>Totum</strong></span> <span class='ocrx_word' id='word_1_214' title='bbox 1251 2401 1665 2454; x_wconf 80' lang='lat' dir='ltr'><strong>hemistichium:</strong></span> <span class='ocrx_word' id='word_1_215' title='bbox 1718 2403 2021 2454; x_wconf 73' lang='lat' dir='ltr'><strong>Mezentius</strong></span> <span class='ocrx_word' id='word_1_216' title='bbox 2052 2404 2377 2472; x_wconf 78' lang='lat' dir='ltr'><strong>agminaque</strong></span> <span class='ocrx_word' id='word_1_217' title='bbox 2426 2419 2528 2454; x_wconf 83' lang='lat' dir='ltr'><strong>ar-</strong></span> 
     </span>
    </p>
   </div>
   <div class='ocr_carea' id='block_1_15' title="bbox 293 2471 1106 2527">
    <p class='ocr_par' dir='ltr' id='par_1_16' title="bbox 293 2471 1106 2527">
     <span class='ocr_line' id='line_1_32' title="bbox 293 2471 1106 2527; baseline -0.006 0"><span class='ocrx_word' id='word_1_218' title='bbox 293 2485 410 2527; x_wconf 67' lang='lat' dir='ltr'><strong>mat</strong></span> <span class='ocrx_word' id='word_1_219' title='bbox 443 2491 475 2526; x_wconf 83' lang='lat' dir='ltr'><strong>a</strong></span> <span class='ocrx_word' id='word_1_220' title='bbox 509 2473 667 2524; x_wconf 82' lang='lat' dir='ltr'><strong>Goth.</strong></span> <span class='ocrx_word' id='word_1_221' title='bbox 702 2471 870 2523; x_wconf 84' lang='lat' dir='ltr'><strong>altero</strong></span> <span class='ocrx_word' id='word_1_222' title='bbox 906 2471 1106 2522; x_wconf 83' lang='lat' dir='ltr'><strong>aberat.</strong></span> 
     </span>
    </p>
   </div>
   <div class='ocr_carea' id='block_1_16' title="bbox 1243 2463 2528 2539">
    <p class='ocr_par' dir='ltr' id='par_1_17' title="bbox 1243 2463 2528 2539">
     <span class='ocr_line' id='line_1_33' title="bbox 1243 2463 2528 2539; baseline 0.001 -15"><span class='ocrx_word' id='word_1_223' title='bbox 1243 2470 1344 2524; x_wconf 82' lang='lat'><strong>649</strong></span> <span class='ocrx_word' id='word_1_224' title='bbox 1379 2471 1527 2523; x_wconf 77' lang='lat' dir='ltr'><strong>hune</strong></span> <span class='ocrx_word' id='word_1_225' title='bbox 1561 2463 1717 2523; x_wconf 59' lang='lat' dir='ltr'><strong>iuxia</strong></span> <span class='ocrx_word' id='word_1_226' title='bbox 1750 2471 1937 2523; x_wconf 81' lang='lat' dir='ltr'><strong>Medic.</strong></span> <span class='ocrx_word' id='word_1_227' title='bbox 1974 2488 2005 2521; x_wconf 81' lang='lat' dir='ltr'><strong>a</strong></span> <span class='ocrx_word' id='word_1_228' title='bbox 2037 2487 2107 2523; x_wconf 89' lang='lat' dir='ltr'><strong>m.</strong></span> <span class='ocrx_word' id='word_1_229' title='bbox 2146 2488 2225 2539; x_wconf 87' lang='lat' dir='ltr'><strong>pr.</strong></span> <span class='ocrx_word' id='word_1_230' title='bbox 2265 2480 2319 2522; x_wconf 87' lang='lat' dir='ltr'><strong>et</strong></span> <span class='ocrx_word' id='word_1_231' title='bbox 2338 2473 2528 2526; x_wconf 78' lang='lat' dir='ltr'><strong>venet.</strong></span> 
     </span>
    </p>
   </div>
   <div class='ocr_carea' id='block_1_17' title="bbox 296 2539 2531 2681">
    <p class='ocr_par' dir='ltr' id='par_1_18' title="bbox 296 2539 2531 2681">
     <span class='ocr_line' id='line_1_34' title="bbox 296 2539 2531 2611; baseline -0 -17"><span class='ocrx_word' id='word_1_232' title='bbox 296 2546 402 2611; x_wconf 78' lang='lat' dir='ltr'><strong>(est</strong></span> <span class='ocrx_word' id='word_1_233' title='bbox 437 2559 503 2593; x_wconf 77' lang='lat' dir='ltr'><strong>ea</strong></span> <span class='ocrx_word' id='word_1_234' title='bbox 535 2542 682 2609; x_wconf 85' lang='lat' dir='ltr'><strong>prior</strong></span> <span class='ocrx_word' id='word_1_235' title='bbox 712 2540 870 2593; x_wconf 85' lang='lat' dir='ltr'><strong>lectio</strong></span> <span class='ocrx_word' id='word_1_236' title='bbox 905 2540 1094 2591; x_wconf 84' lang='lat' dir='ltr'><strong>Medic.</strong></span> <span class='ocrx_word' id='word_1_237' title='bbox 1136 2540 1282 2607; x_wconf 76' lang='lat' dir='ltr'><strong>Wr.)</strong></span> <span class='ocrx_word' id='word_1_238' title='bbox 1351 2542 1498 2593; x_wconf 76' lang='lat' dir='ltr'><strong>hunc</strong></span> <span class='ocrx_word' id='word_1_239' title='bbox 1529 2543 1752 2593; x_wconf 71' lang='lat' dir='ltr'><strong>Lausus</strong></span> <span class='ocrx_word' id='word_1_240' title='bbox 1780 2543 1955 2604; x_wconf 73' lang='lat' dir='ltr'><strong>iuxta,</strong></span> <span class='ocrx_word' id='word_1_241' title='bbox 1988 2548 2046 2591; x_wconf 84' lang='lat' dir='ltr'><strong>et</strong></span> <span class='ocrx_word' id='word_1_242' title='bbox 2078 2539 2419 2610; x_wconf 71' lang='lat' dir='ltr'><strong>huicfuerae</strong></span> <span class='ocrx_word' id='word_1_243' title='bbox 2442 2542 2531 2607; x_wconf 75' lang='lat'><strong>12„</strong></span> 
     </span>
     <span class='ocr_line' id='line_1_35' title="bbox 299 2608 2235 2681; baseline -0.001 -18"><span class='ocrx_word' id='word_1_244' title='bbox 299 2620 358 2663; x_wconf 77' lang='lat' dir='ltr'><strong>et</strong></span> <span class='ocrx_word' id='word_1_245' title='bbox 387 2612 494 2661; x_wconf 78' lang='lat' dir='ltr'><strong>huc</strong></span> <span class='ocrx_word' id='word_1_246' title='bbox 526 2612 684 2661; x_wconf 78' lang='lat' dir='ltr'><strong>iuxta</strong></span> <span class='ocrx_word' id='word_1_247' title='bbox 716 2609 808 2661; x_wconf 84' lang='lat' dir='ltr'><strong>alii</strong></span> <span class='ocrx_word' id='word_1_248' title='bbox 839 2608 984 2677; x_wconf 76' lang='lat' dir='ltr'><strong>apud</strong></span> <span class='ocrx_word' id='word_1_249' title='bbox 1011 2608 1152 2661; x_wconf 84' lang='lat' dir='ltr'><strong>Pier.</strong></span> <span class='ocrx_word' id='word_1_250' title='bbox 1231 2610 1318 2660; x_wconf 74' lang='lat' dir='ltr'><strong>Iu’e</strong></span> <span class='ocrx_word' id='word_1_251' title='bbox 1351 2610 1512 2661; x_wconf 69' lang='lat' dir='ltr'><strong>iuxta</strong></span> <span class='ocrx_word' id='word_1_252' title='bbox 1545 2609 1795 2661; x_wconf 80' lang='lat' dir='ltr'><strong>Rottend.</strong></span> <span class='ocrx_word' id='word_1_253' title='bbox 1830 2618 1949 2661; x_wconf 74' lang='lat' dir='ltr'><strong>tert.</strong></span> <span class='ocrx_word' id='word_1_254' title='bbox 1984 2626 2017 2661; x_wconf 83' lang='lat' dir='ltr'><strong>a</strong></span> <span class='ocrx_word' id='word_1_255' title='bbox 2048 2626 2118 2661; x_wconf 86' lang='lat' dir='ltr'><strong>m.</strong></span> <span class='ocrx_word' id='word_1_256' title='bbox 2152 2626 2235 2681; x_wconf 82' lang='lat' dir='ltr'><strong>pr.</strong></span> 
     </span>
    </p>
   </div>
   <div class='ocr_carea' id='block_1_18' title="bbox 291 2780 1382 4485">
    <p class='ocr_par' dir='ltr' id='par_1_19' title="bbox 291 2780 1382 4485">
     <span class='ocr_line' id='line_1_36' title="bbox 296 2780 1374 2860; baseline -0.006 -15"><span class='ocrx_word' id='word_1_257' title='bbox 296 2801 524 2845; x_wconf 78' lang='lat' dir='ltr'><strong>scura</strong></span> <span class='ocrx_word' id='word_1_258' title='bbox 551 2782 628 2843; x_wconf 83' lang='lat' dir='ltr'><strong>de</strong></span> <span class='ocrx_word' id='word_1_259' title='bbox 651 2802 717 2841; x_wconf 83' lang='lat' dir='ltr'><strong>re</strong></span> <span class='ocrx_word' id='word_1_260' title='bbox 743 2794 868 2843; x_wconf 80' lang='lat' dir='ltr'><strong>tam</strong></span> <span class='ocrx_word' id='word_1_261' title='bbox 894 2780 1088 2840; x_wconf 82' lang='lat' dir='ltr'><strong>lucida</strong></span> <span class='ocrx_word' id='word_1_262' title='bbox 1125 2780 1374 2860; x_wconf 87' lang='lat' dir='ltr'><strong>pando</strong></span> 
     </span>
     <span class='ocr_line' id='line_1_37' title="bbox 299 2866 1374 2945; baseline -0.006 -16"><span class='ocrx_word' id='word_1_263' title='bbox 299 2871 713 2929; x_wconf 82' lang='lat' dir='ltr'><strong>Carmina.“</strong></span> <span class='ocrx_word' id='word_1_264' title='bbox 795 2869 900 2926; x_wconf 88' lang='lat' dir='ltr'><strong>ubi</strong></span> <span class='ocrx_word' id='word_1_265' title='bbox 963 2866 1084 2925; x_wconf 79' lang='lat' dir='ltr'><strong>vid.</strong></span> <span class='ocrx_word' id='word_1_266' title='bbox 1139 2866 1374 2945; x_wconf 81' lang='lat' dir='ltr'><strong>Forbig.</strong></span> 
     </span>
     <span class='ocr_line' id='line_1_38' title="bbox 291 2949 1376 3035; baseline -0.006 -20"><span class='ocrx_word' id='word_1_267' title='bbox 291 2959 425 3015; x_wconf 81' lang='lat' dir='ltr'><strong>lam</strong></span> <span class='ocrx_word' id='word_1_268' title='bbox 449 2958 576 3035; x_wconf 83' lang='lat' dir='ltr'><strong>ipsa</strong></span> <span class='ocrx_word' id='word_1_269' title='bbox 599 2956 832 3035; x_wconf 84' lang='lat' dir='ltr'><strong>propria</strong></span> <span class='ocrx_word' id='word_1_270' title='bbox 858 2949 1032 3011; x_wconf 81' lang='lat' dir='ltr'><strong>huius</strong></span> <span class='ocrx_word' id='word_1_271' title='bbox 1057 2952 1219 3011; x_wconf 78' lang='lat' dir='ltr'><strong>verbi</strong></span> <span class='ocrx_word' id='word_1_272' title='bbox 1259 2968 1376 3009; x_wconf 85' lang='lat' dir='ltr'><strong>no·-</strong></span> 
     </span>
     <span class='ocr_line' id='line_1_39' title="bbox 295 3034 1375 3120; baseline -0.006 -20"><span class='ocrx_word' id='word_1_273' title='bbox 295 3044 380 3101; x_wconf 86' lang='lat' dir='ltr'><strong>tio</strong></span> <span class='ocrx_word' id='word_1_274' title='bbox 407 3042 578 3099; x_wconf 79' lang='lat' dir='ltr'><strong>facile</strong></span> <span class='ocrx_word' id='word_1_275' title='bbox 604 3042 794 3120; x_wconf 81' lang='lat' dir='ltr'><strong>potuit</strong></span> <span class='ocrx_word' id='word_1_276' title='bbox 833 3040 1154 3116; x_wconf 77' lang='lat' dir='ltr'><strong>imaginem</strong></span> <span class='ocrx_word' id='word_1_277' title='bbox 1196 3034 1375 3095; x_wconf 80' lang='lat' dir='ltr'><strong>clausi</strong></span> 
     </span>
     <span class='ocr_line' id='line_1_40' title="bbox 297 3125 1376 3205; baseline -0.006 -18"><span class='ocrx_word' id='word_1_278' title='bbox 297 3128 538 3187; x_wconf 72' lang='lat' dir='ltr'><strong>alicuius</strong></span> <span class='ocrx_word' id='word_1_279' title='bbox 565 3146 670 3205; x_wconf 86' lang='lat' dir='ltr'><strong>per</strong></span> <span class='ocrx_word' id='word_1_280' title='bbox 695 3135 890 3205; x_wconf 80' lang='lat' dir='ltr'><strong>portas</strong></span> <span class='ocrx_word' id='word_1_281' title='bbox 915 3125 1143 3181; x_wconf 82' lang='lat' dir='ltr'><strong>sacrarii</strong></span> <span class='ocrx_word' id='word_1_282' title='bbox 1166 3133 1376 3201; x_wconf 81' lang='lat' dir='ltr'><strong>poeta-</strong></span> 
     </span>
     <span class='ocr_line' id='line_1_41' title="bbox 297 3206 1376 3283; baseline -0.006 -11"><span class='ocrx_word' id='word_1_283' title='bbox 297 3230 433 3272; x_wconf 81' lang='lat' dir='ltr'><strong>rum</strong></span> <span class='ocrx_word' id='word_1_284' title='bbox 479 3215 674 3271; x_wconf 82' lang='lat' dir='ltr'><strong>animo</strong></span> <span class='ocrx_word' id='word_1_285' title='bbox 719 3210 998 3283; x_wconf 85' lang='lat' dir='ltr'><strong>obiicere3</strong></span> <span class='ocrx_word' id='word_1_286' title='bbox 1051 3206 1192 3265; x_wconf 84' lang='lat' dir='ltr'><strong>hinc</strong></span> <span class='ocrx_word' id='word_1_287' title='bbox 1229 3206 1376 3266; x_wconf 90' lang='lat' dir='ltr'><strong>illud</strong></span> 
     </span>
     <span class='ocr_line' id='line_1_42' title="bbox 297 3292 1378 3375; baseline -0.005 -19"><span class='ocrx_word' id='word_1_288' title='bbox 297 3298 604 3357; x_wconf 80' lang='lat' dir='ltr'><strong>Helicona</strong></span> <span class='ocrx_word' id='word_1_289' title='bbox 616 3294 890 3375; x_wconf 69' lang='lat' dir='ltr'><strong>pandere</strong></span> <span class='ocrx_word' id='word_1_290' title='bbox 902 3336 930 3365; x_wconf 80' lang='lat'><em>,</em></span> <span class='ocrx_word' id='word_1_291' title='bbox 973 3292 1130 3351; x_wconf 86' lang='lat' dir='ltr'><strong>unde</strong></span> <span class='ocrx_word' id='word_1_292' title='bbox 1145 3336 1162 3367; x_wconf 85' lang='lat'><strong>,</strong></span> <span class='ocrx_word' id='word_1_293' title='bbox 1207 3312 1378 3373; x_wconf 82' lang='lat' dir='ltr'><strong>aper-</strong></span> 
     </span>
     <span class='ocr_line' id='line_1_43' title="bbox 299 3380 1378 3465; baseline -0.006 -23"><span class='ocrx_word' id='word_1_294' title='bbox 299 3387 374 3443; x_wconf 78' lang='lat' dir='ltr'><strong>tis</strong></span> <span class='ocrx_word' id='word_1_295' title='bbox 401 3386 562 3465; x_wconf 83' lang='lat' dir='ltr'><strong>quasi</strong></span> <span class='ocrx_word' id='word_1_296' title='bbox 589 3383 798 3461; x_wconf 81' lang='lat' dir='ltr'><strong>portis,</strong></span> <span class='ocrx_word' id='word_1_297' title='bbox 843 3380 1098 3439; x_wconf 83' lang='lat' dir='ltr'><strong>carmina</strong></span> <span class='ocrx_word' id='word_1_298' title='bbox 1147 3398 1237 3437; x_wconf 84' lang='lat' dir='ltr'><strong>res</strong></span> <span class='ocrx_word' id='word_1_299' title='bbox 1280 3398 1378 3436; x_wconf 86' lang='lat' dir='ltr'><strong>re-</strong></span> 
     </span>
     <span class='ocr_line' id='line_1_44' title="bbox 300 3464 1380 3529; baseline -0.006 0"><span class='ocrx_word' id='word_1_300' title='bbox 300 3468 560 3529; x_wconf 79' lang='lat' dir='ltr'><strong>conditas</strong></span> <span class='ocrx_word' id='word_1_301' title='bbox 587 3469 682 3526; x_wconf 79' lang='lat' dir='ltr'><strong>vel</strong></span> <span class='ocrx_word' id='word_1_302' title='bbox 707 3468 872 3525; x_wconf 86' lang='lat' dir='ltr'><strong>tenui</strong></span> <span class='ocrx_word' id='word_1_303' title='bbox 898 3476 1126 3525; x_wconf 79' lang='lat' dir='ltr'><strong>tantum</strong></span> <span class='ocrx_word' id='word_1_304' title='bbox 1167 3474 1227 3521; x_wconf 88' lang='lat' dir='ltr'><strong>et</strong></span> <span class='ocrx_word' id='word_1_305' title='bbox 1267 3464 1380 3523; x_wconf 86' lang='lat' dir='ltr'><strong>ob·-</strong></span> 
     </span>
     <span class='ocr_line' id='line_1_45' title="bbox 298 3550 1380 3633; baseline -0.007 -18"><span class='ocrx_word' id='word_1_306' title='bbox 298 3572 466 3615; x_wconf 79' lang='lat' dir='ltr'><strong>scura</strong></span> <span class='ocrx_word' id='word_1_307' title='bbox 492 3554 650 3611; x_wconf 83' lang='lat' dir='ltr'><strong>fama</strong></span> <span class='ocrx_word' id='word_1_308' title='bbox 676 3562 1016 3633; x_wconf 82' lang='lat' dir='ltr'><strong>propagatas</strong></span> <span class='ocrx_word' id='word_1_309' title='bbox 1032 3550 1380 3629; x_wconf 72' lang='lat' dir='ltr'><strong>explicantia</strong></span> 
     </span>
     <span class='ocr_line' id='line_1_46' title="bbox 299 3638 1382 3719; baseline -0.006 -21"><span class='ocrx_word' id='word_1_310' title='bbox 299 3650 576 3719; x_wconf 85' lang='lat' dir='ltr'><strong>petuntur</strong></span> <span class='ocrx_word' id='word_1_311' title='bbox 601 3658 636 3695; x_wconf 87' lang='lat' dir='ltr'><strong>a</strong></span> <span class='ocrx_word' id='word_1_312' title='bbox 662 3640 866 3717; x_wconf 58' lang='lat' dir='ltr'><strong>poeti&amp;</strong></span> <span class='ocrx_word' id='word_1_313' title='bbox 950 3638 1070 3695; x_wconf 84' lang='lat' dir='ltr'><strong>Nec</strong></span> <span class='ocrx_word' id='word_1_314' title='bbox 1096 3646 1382 3695; x_wconf 81' lang='lat' dir='ltr'><strong>novatum</strong></span> 
     </span>
     <span class='ocr_line' id='line_1_47' title="bbox 299 3720 1378 3800; baseline -0.006 -16"><span class='ocrx_word' id='word_1_315' title='bbox 299 3724 416 3784; x_wconf 82' lang='lat' dir='ltr'><strong>hoc</strong></span> <span class='ocrx_word' id='word_1_316' title='bbox 465 3744 587 3781; x_wconf 87' lang='lat' dir='ltr'><strong>esse</strong></span> <span class='ocrx_word' id='word_1_317' title='bbox 627 3740 662 3779; x_wconf 83' lang='lat' dir='ltr'><strong>a</strong></span> <span class='ocrx_word' id='word_1_318' title='bbox 701 3722 941 3800; x_wconf 85' lang='lat' dir='ltr'><strong>Virgilio</strong></span> <span class='ocrx_word' id='word_1_319' title='bbox 958 3766 974 3793; x_wconf 91' lang='lat'>‚</span> <span class='ocrx_word' id='word_1_320' title='bbox 1032 3720 1378 3799; x_wconf 84' lang='lat' dir='ltr'><strong>persuadere</strong></span> 
     </span>
     <span class='ocr_line' id='line_1_48' title="bbox 300 3804 1380 3891; baseline -0.006 -22"><span class='ocrx_word' id='word_1_321' title='bbox 300 3819 576 3891; x_wconf 83' lang='lat' dir='ltr'><strong>poterunt</strong></span> <span class='ocrx_word' id='word_1_322' title='bbox 645 3809 822 3865; x_wconf 81' lang='lat' dir='ltr'><strong>verba</strong></span> <span class='ocrx_word' id='word_1_323' title='bbox 906 3804 1270 3885; x_wconf 83' lang='lat' dir='ltr'><strong>Bacchylidis</strong></span> <span class='ocrx_word' id='word_1_324' title='bbox 1345 3825 1380 3863; x_wconf 84' lang='lat' dir='ltr'><strong>a</strong></span> 
     </span>
     <span class='ocr_line' id='line_1_49' title="bbox 305 3890 1380 3952; baseline -0.005 0"><span class='ocrx_word' id='word_1_325' title='bbox 305 3894 588 3952; x_wconf 84' lang='lat' dir='ltr'><strong>Clement.</strong></span> <span class='ocrx_word' id='word_1_326' title='bbox 629 3893 800 3951; x_wconf 82' lang='lat' dir='ltr'><strong>Alex.</strong></span> <span class='ocrx_word' id='word_1_327' title='bbox 844 3902 1063 3950; x_wconf 80' lang='lat' dir='ltr'><strong>servata</strong></span> <span class='ocrx_word' id='word_1_328' title='bbox 1104 3890 1380 3951; x_wconf 88' lang='lat' dir='ltr'><strong>Stromat.</strong></span> 
     </span>
     <span class='ocr_line' id='line_1_50' title="bbox 302 3968 1382 4058; baseline -0.002 -21"><span class='ocrx_word' id='word_1_329' title='bbox 302 3980 346 4037; x_wconf 88' lang='lat'><strong>1.</strong></span> <span class='ocrx_word' id='word_1_330' title='bbox 390 3980 462 4037; x_wconf 89' lang='lat' dir='ltr'><strong>V.</strong></span> <span class='ocrx_word' id='word_1_331' title='bbox 502 3999 562 4058; x_wconf 88' lang='lat' dir='ltr'><strong>p.</strong></span> <span class='ocrx_word' id='word_1_332' title='bbox 605 3974 753 4043; x_wconf 76' lang='lat'><strong>423.</strong></span> <span class='ocrx_word' id='word_1_333' title='bbox 793 3978 869 4034; x_wconf 88' lang='lat' dir='ltr'><strong>D.</strong></span> <span class='ocrx_word' id='word_1_334' title='bbox 925 3977 1125 4057; x_wconf 84' lang='lat' dir='ltr'><strong>sylb.:</strong></span> <span class='ocrx_word' id='word_1_335' title='bbox 1193 3968 1382 4051; x_wconf 60' lang='lat' dir='ltr'><strong>„midi</strong></span> 
     </span>
     <span class='ocr_line' id='line_1_51' title="bbox 301 4054 1381 4225; baseline -0.009 -14"><span class='ocrx_word' id='word_1_336' title='bbox 301 4054 927 4225; x_wconf 45' lang='lat' dir='ltr'><strong>zinzaniis&amp;</strong></span> <span class='ocrx_word' id='word_1_337' title='bbox 941 4058 1163 4203; x_wconf 44' lang='grc' dir='ltr'><strong>ἔξιτέ</strong></span> <span class='ocrx_word' id='word_1_338' title='bbox 1178 4056 1381 4222; x_wconf 57' lang='lat' dir='ltr'><strong>&#39;zia‘</strong></span> 
     </span>
     <span class='ocr_line' id='line_1_52' title="bbox 305 4226 1380 4310; baseline -0.006 -21"><span class='ocrx_word' id='word_1_339' title='bbox 305 4235 416 4291; x_wconf 86' lang='lat' dir='ltr'><strong>erit</strong></span> <span class='ocrx_word' id='word_1_340' title='bbox 468 4250 605 4290; x_wconf 85' lang='lat' dir='ltr'><strong>cum</strong></span> <span class='ocrx_word' id='word_1_341' title='bbox 645 4230 970 4310; x_wconf 74' lang='lat' dir='ltr'><strong>Virgilianis</strong></span> <span class='ocrx_word' id='word_1_342' title='bbox 1028 4226 1380 4289; x_wconf 85' lang='lat' dir='ltr'><strong>contendere</strong></span> 
     </span>
     <span class='ocr_line' id='line_1_53' title="bbox 301 4312 1376 4392; baseline -0.008 -15"><span class='ocrx_word' id='word_1_343' title='bbox 301 4316 608 4377; x_wconf 75' lang='lat' dir='ltr'><strong>Pindarico</strong></span> <span class='ocrx_word' id='word_1_344' title='bbox 664 4314 754 4375; x_wconf 85' lang='lat'><strong>01.</strong></span> <span class='ocrx_word' id='word_1_345' title='bbox 822 4316 918 4391; x_wconf 84' lang='lat' dir='ltr'><strong>Vl,</strong></span> <span class='ocrx_word' id='word_1_346' title='bbox 987 4312 1089 4379; x_wconf 83' lang='lat'><strong>45.</strong></span> <span class='ocrx_word' id='word_1_347' title='bbox 1147 4314 1376 4392; x_wconf 77' lang='lat' dir='ltr'><strong>Heyn.t</strong></span> 
     </span>
     <span class='ocr_line' id='line_1_54' title="bbox 303 4390 1382 4485; baseline -0.006 -21"><span class='ocrx_word' id='word_1_348' title='bbox 303 4396 467 4485; x_wconf 49' lang='grc' dir='ltr'><strong>,ἄραρ’</strong></span> <span class='ocrx_word' id='word_1_349' title='bbox 497 4401 707 4465; x_wconf 70' lang='grc' dir='ltr'><strong><em>τοίνυν</em></strong></span> <span class='ocrx_word' id='word_1_350' title='bbox 733 4393 931 4475; x_wconf 75' lang='grc' dir='ltr'><strong><em>πύλας</em></strong></span> <span class='ocrx_word' id='word_1_351' title='bbox 971 4392 1186 4480; x_wconf 70' lang='grc' dir='ltr'><strong><em>ὕμνων</em></strong></span> <span class='ocrx_word' id='word_1_352' title='bbox 1233 4390 1382 4459; x_wconf 76' lang='grc' dir='ltr'><strong><em>οἴνα-</em></strong></span> 
     </span>
    </p>
   </div>
   <div class='ocr_carea' id='block_1_19' title="bbox 1455 2775 2543 4460">
    <p class='ocr_par' dir='ltr' id='par_1_20' title="bbox 1455 2775 2543 4460">
     <span class='ocr_line' id='line_1_55' title="bbox 1455 2775 2531 2859; baseline 0.002 -19"><span class='ocrx_word' id='word_1_353' title='bbox 1455 2775 1747 2859; x_wconf 75' lang='grc' dir='ltr'><em>πιτνᾶμεν</em></span> <span class='ocrx_word' id='word_1_354' title='bbox 1806 2775 2080 2858; x_wconf 68' lang='grc' dir='ltr'><strong>αὕταῖς.“</strong></span> <span class='ocrx_word' id='word_1_355' title='bbox 2178 2785 2371 2842; x_wconf 82' lang='lat' dir='ltr'><strong>Facile</strong></span> <span class='ocrx_word' id='word_1_356' title='bbox 2420 2804 2531 2842; x_wconf 84' lang='lat' dir='ltr'><strong>au-</strong></span> 
     </span>
     <span class='ocr_line' id='line_1_56' title="bbox 1455 2866 2532 2949; baseline 0.003 -26"><span class='ocrx_word' id='word_1_357' title='bbox 1455 2875 1576 2923; x_wconf 88' lang='lat' dir='ltr'><strong>tem</strong></span> <span class='ocrx_word' id='word_1_358' title='bbox 1604 2866 1723 2923; x_wconf 88' lang='lat' dir='ltr'><strong>iam</strong></span> <span class='ocrx_word' id='word_1_359' title='bbox 1748 2868 1953 2925; x_wconf 81' lang='lat' dir='ltr'><strong>senties</strong></span> <span class='ocrx_word' id='word_1_360' title='bbox 1967 2910 1984 2940; x_wconf 89' lang='lat'>,</span> <span class='ocrx_word' id='word_1_361' title='bbox 2014 2886 2193 2949; x_wconf 84' lang='lat' dir='ltr'><strong>quam</strong></span> <span class='ocrx_word' id='word_1_362' title='bbox 2220 2866 2532 2926; x_wconf 84' lang='lat' dir='ltr'><strong>commode</strong></span> 
     </span>
     <span class='ocr_line' id='line_1_57' title="bbox 1455 2946 2531 3010; baseline 0.002 -3"><span class='ocrx_word' id='word_1_363' title='bbox 1455 2952 1653 3008; x_wconf 84' lang='lat' dir='ltr'><strong>iuncta</strong></span> <span class='ocrx_word' id='word_1_364' title='bbox 1680 2946 1825 3009; x_wconf 85' lang='lat' dir='ltr'><strong>haec</strong></span> <span class='ocrx_word' id='word_1_365' title='bbox 1852 2953 1995 3009; x_wconf 81' lang='lat' dir='ltr'><strong>sint:</strong></span> <span class='ocrx_word' id='word_1_366' title='bbox 2041 2950 2307 3010; x_wconf 78' lang='lat' dir='ltr'><strong>Pandite</strong></span> <span class='ocrx_word' id='word_1_367' title='bbox 2341 2952 2531 3009; x_wconf 63' lang='lat' dir='ltr'><strong>Heln·-</strong></span> 
     </span>
     <span class='ocr_line' id='line_1_58' title="bbox 1456 3038 2529 3105; baseline 0.003 -13"><span class='ocrx_word' id='word_1_368' title='bbox 1456 3056 1611 3093; x_wconf 82' lang='lat' dir='ltr'><strong>eona</strong></span> <span class='ocrx_word' id='word_1_369' title='bbox 1654 3047 1711 3093; x_wconf 90' lang='lat' dir='ltr'><strong>et</strong></span> <span class='ocrx_word' id='word_1_370' title='bbox 1751 3047 1967 3093; x_wconf 69' lang='lat' dir='ltr'><strong>cannes</strong></span> <span class='ocrx_word' id='word_1_371' title='bbox 2028 3046 2291 3105; x_wconf 72' lang='grc' dir='ltr'><strong>ηωνειε,</strong></span> <span class='ocrx_word' id='word_1_372' title='bbox 2346 3038 2388 3095; x_wconf 88' lang='lat' dir='ltr'><strong>i.</strong></span> <span class='ocrx_word' id='word_1_373' title='bbox 2440 3056 2529 3095; x_wconf 86' lang='lat' dir='ltr'><strong>e.:</strong></span> 
     </span>
     <span class='ocr_line' id='line_1_59' title="bbox 1455 3119 2533 3201; baseline 0.004 -22"><span class='ocrx_word' id='word_1_374' title='bbox 1455 3119 1701 3179; x_wconf 82' lang='lat' dir='ltr'><strong>Pandite</strong></span> <span class='ocrx_word' id='word_1_375' title='bbox 1729 3122 2009 3201; x_wconf 79' lang='lat' dir='ltr'><strong>Helicona</strong></span> <span class='ocrx_word' id='word_1_376' title='bbox 2026 3167 2042 3195; x_wconf 89' lang='lat'>‚</span> <span class='ocrx_word' id='word_1_377' title='bbox 2084 3133 2152 3181; x_wconf 89' lang='lat' dir='ltr'><strong>ut</strong></span> <span class='ocrx_word' id='word_1_378' title='bbox 2190 3123 2533 3201; x_wconf 80' lang='lat' dir='ltr'><strong>proveniant</strong></span> 
     </span>
     <span class='ocr_line' id='line_1_60' title="bbox 1455 3204 2533 3281; baseline 0 -14"><span class='ocrx_word' id='word_1_379' title='bbox 1455 3204 1595 3267; x_wconf 78' lang='lat' dir='ltr'><strong>inde</strong></span> <span class='ocrx_word' id='word_1_380' title='bbox 1624 3210 1911 3281; x_wconf 78' lang='lat' dir='ltr'><strong>cannina3</strong></span> <span class='ocrx_word' id='word_1_381' title='bbox 1950 3207 2069 3266; x_wconf 78' lang='lat' dir='ltr'><strong>vid.</strong></span> <span class='ocrx_word' id='word_1_382' title='bbox 2108 3210 2283 3267; x_wconf 86' lang='lat' dir='ltr'><strong>etiam</strong></span> <span class='ocrx_word' id='word_1_383' title='bbox 2326 3210 2533 3267; x_wconf 89' lang='lat' dir='ltr'><strong>Burm.</strong></span> 
     </span>
     <span class='ocr_line' id='line_1_61' title="bbox 1458 3290 2535 3367; baseline 0.002 -17"><span class='ocrx_word' id='word_1_384' title='bbox 1458 3290 1537 3350; x_wconf 78' lang='lat' dir='ltr'><strong>ad</strong></span> <span class='ocrx_word' id='word_1_385' title='bbox 1561 3292 1749 3351; x_wconf 70' lang='lat' dir='ltr'><strong>Voles.</strong></span> <span class='ocrx_word' id='word_1_386' title='bbox 1773 3292 1845 3367; x_wconf 84' lang='lat' dir='ltr'><strong>V,</strong></span> <span class='ocrx_word' id='word_1_387' title='bbox 1881 3298 2021 3357; x_wconf 88' lang='grc'><strong>100.</strong></span> <span class='ocrx_word' id='word_1_388' title='bbox 2101 3294 2373 3351; x_wconf 84' lang='lat' dir='ltr'><strong>Ceterum</strong></span> <span class='ocrx_word' id='word_1_389' title='bbox 2398 3296 2535 3353; x_wconf 79' lang='lat' dir='ltr'><strong>satis</strong></span> 
     </span>
     <span class='ocr_line' id='line_1_62' title="bbox 1460 3378 2537 3457; baseline 0.003 -22"><span class='ocrx_word' id='word_1_390' title='bbox 1460 3386 1716 3451; x_wconf 86' lang='lat' dir='ltr'><strong>constat,</strong></span> <span class='ocrx_word' id='word_1_391' title='bbox 1771 3380 1954 3457; x_wconf 84' lang='lat' dir='ltr'><strong>repeti</strong></span> <span class='ocrx_word' id='word_1_392' title='bbox 1994 3380 2056 3436; x_wconf 86' lang='lat' dir='ltr'><strong>in</strong></span> <span class='ocrx_word' id='word_1_393' title='bbox 2098 3378 2361 3457; x_wconf 86' lang='lat' dir='ltr'><strong>longiore</strong></span> <span class='ocrx_word' id='word_1_394' title='bbox 2404 3398 2537 3438; x_wconf 84' lang='lat' dir='ltr'><strong>car-</strong></span> 
     </span>
     <span class='ocr_line' id='line_1_63' title="bbox 1459 3464 2537 3524; baseline 0.003 -3"><span class='ocrx_word' id='word_1_395' title='bbox 1459 3464 1620 3521; x_wconf 85' lang='lat' dir='ltr'><strong>mine</strong></span> <span class='ocrx_word' id='word_1_396' title='bbox 1663 3464 2091 3523; x_wconf 80' lang='lat' dir='ltr'><strong>invocationem</strong></span> <span class='ocrx_word' id='word_1_397' title='bbox 2144 3466 2443 3523; x_wconf 80' lang='lat' dir='ltr'><strong>Musarum</strong></span> <span class='ocrx_word' id='word_1_398' title='bbox 2498 3484 2537 3524; x_wconf 82' lang='lat' dir='ltr'><strong>a</strong></span> 
     </span>
     <span class='ocr_line' id='line_1_64' title="bbox 1457 3550 2537 3637; baseline 0.003 -31"><span class='ocrx_word' id='word_1_399' title='bbox 1457 3550 1643 3629; x_wconf 81' lang='lat' dir='ltr'><strong>poetis</strong></span> <span class='ocrx_word' id='word_1_400' title='bbox 1672 3592 1689 3621; x_wconf 90' lang='lat'>‚</span> <span class='ocrx_word' id='word_1_401' title='bbox 1759 3550 1863 3607; x_wconf 86' lang='lat' dir='ltr'><strong>ubi</strong></span> <span class='ocrx_word' id='word_1_402' title='bbox 1930 3568 2211 3637; x_wconf 73' lang='lat' dir='ltr'><strong>maguam</strong></span> <span class='ocrx_word' id='word_1_403' title='bbox 2278 3551 2537 3632; x_wconf 84' lang='lat' dir='ltr'><strong>aliquam</strong></span> 
     </span>
     <span class='ocr_line' id='line_1_65' title="bbox 1461 3630 2538 3710; baseline 0.002 -19"><span class='ocrx_word' id='word_1_404' title='bbox 1461 3654 1589 3691; x_wconf 79' lang='lat' dir='ltr'><strong>rem</strong></span> <span class='ocrx_word' id='word_1_405' title='bbox 1634 3644 1692 3693; x_wconf 91' lang='lat' dir='ltr'><strong>et</strong></span> <span class='ocrx_word' id='word_1_406' title='bbox 1736 3630 2031 3693; x_wconf 83' lang='lat' dir='ltr'><strong>difficilem</strong></span> <span class='ocrx_word' id='word_1_407' title='bbox 2075 3634 2377 3693; x_wconf 84' lang='lat' dir='ltr'><strong>ordiuntur</strong></span> <span class='ocrx_word' id='word_1_408' title='bbox 2393 3680 2409 3710; x_wconf 94' lang='lat'><strong>,</strong></span> <span class='ocrx_word' id='word_1_409' title='bbox 2469 3646 2538 3693; x_wconf 89' lang='lat' dir='ltr'><strong>ut</strong></span> 
     </span>
     <span class='ocr_line' id='line_1_66' title="bbox 1462 3719 2537 3800; baseline 0.002 -23"><span class='ocrx_word' id='word_1_410' title='bbox 1462 3720 1536 3777; x_wconf 84' lang='lat' dir='ltr'><strong>ab</strong></span> <span class='ocrx_word' id='word_1_411' title='bbox 1562 3720 1820 3780; x_wconf 86' lang='lat' dir='ltr'><strong>Homero</strong></span> <span class='ocrx_word' id='word_1_412' title='bbox 1848 3723 1911 3778; x_wconf 84' lang='lat' dir='ltr'><strong>in</strong></span> <span class='ocrx_word' id='word_1_413' title='bbox 1942 3719 2150 3779; x_wconf 83' lang='lat' dir='ltr'><strong>eodem</strong></span> <span class='ocrx_word' id='word_1_414' title='bbox 2195 3727 2537 3800; x_wconf 83' lang='lat' dir='ltr'><strong>argumento</strong></span> 
     </span>
     <span class='ocr_line' id='line_1_67' title="bbox 1459 3804 2539 3886; baseline 0.003 -24"><span class='ocrx_word' id='word_1_415' title='bbox 1459 3804 1683 3863; x_wconf 77' lang='lat' dir='ltr'><strong>factum</strong></span> <span class='ocrx_word' id='word_1_416' title='bbox 1708 3805 1775 3863; x_wconf 90' lang='lat' dir='ltr'><strong>Il.</strong></span> <span class='ocrx_word' id='word_1_417' title='bbox 1816 3808 1889 3878; x_wconf 91' lang='lat'><strong>11,</strong></span> <span class='ocrx_word' id='word_1_418' title='bbox 1928 3804 2075 3870; x_wconf 82' lang='lat'><strong>484.</strong></span> <span class='ocrx_word' id='word_1_419' title='bbox 2126 3805 2303 3886; x_wconf 85' lang='lat' dir='ltr'><strong>Wr.)</strong></span> <span class='ocrx_word' id='word_1_420' title='bbox 2390 3804 2539 3870; x_wconf 81' lang='lat'><strong>643.</strong></span> 
     </span>
     <span class='ocr_line' id='line_1_68' title="bbox 1463 3888 2539 3965; baseline -0.002 -16"><span class='ocrx_word' id='word_1_421' title='bbox 1463 3888 1617 3951; x_wconf 87' lang='lat' dir='ltr'><strong>Sunt</strong></span> <span class='ocrx_word' id='word_1_422' title='bbox 1674 3888 1819 3947; x_wconf 87' lang='lat' dir='ltr'><strong>haec</strong></span> <span class='ocrx_word' id='word_1_423' title='bbox 1872 3891 1936 3947; x_wconf 88' lang='lat' dir='ltr'><strong>in</strong></span> <span class='ocrx_word' id='word_1_424' title='bbox 1990 3888 2254 3948; x_wconf 81' lang='lat' dir='ltr'><strong>laudibus</strong></span> <span class='ocrx_word' id='word_1_425' title='bbox 2320 3891 2539 3965; x_wconf 75' lang='lat' dir='ltr'><strong>Italiae,</strong></span> 
     </span>
     <span class='ocr_line' id='line_1_69' title="bbox 1465 3974 2541 4055; baseline 0.001 -24"><span class='ocrx_word' id='word_1_426' title='bbox 1465 3994 1606 4055; x_wconf 85' lang='lat' dir='ltr'><strong>quas</strong></span> <span class='ocrx_word' id='word_1_427' title='bbox 1634 3996 1693 4035; x_wconf 83' lang='lat' dir='ltr'><strong>v.</strong></span> <span class='ocrx_word' id='word_1_428' title='bbox 1722 3978 1829 4033; x_wconf 81' lang='lat' dir='ltr'><strong>Ge.</strong></span> <span class='ocrx_word' id='word_1_429' title='bbox 1859 3976 1932 4048; x_wconf 78' lang='grc' dir='ltr'><strong>Π,</strong></span> <span class='ocrx_word' id='word_1_430' title='bbox 1981 3978 2103 4039; x_wconf 89' lang='grc'><strong>167</strong></span> <span class='ocrx_word' id='word_1_431' title='bbox 2130 3996 2252 4055; x_wconf 63' lang='lat' dir='ltr'><strong>sq„</strong></span> <span class='ocrx_word' id='word_1_432' title='bbox 2292 3976 2397 4033; x_wconf 91' lang='lat' dir='ltr'><strong>ubi</strong></span> <span class='ocrx_word' id='word_1_433' title='bbox 2440 3974 2541 4033; x_wconf 82' lang='lat' dir='ltr'><strong>illa</strong></span> 
     </span>
     <span class='ocr_line' id='line_1_70' title="bbox 1469 4058 2541 4138; baseline -0.009 -15"><span class='ocrx_word' id='word_1_434' title='bbox 1469 4059 1589 4123; x_wconf 85' lang='lat'><strong>174</strong></span> <span class='ocrx_word' id='word_1_435' title='bbox 1618 4078 1848 4137; x_wconf 73' lang='lat' dir='ltr'><strong>paren-9</strong></span> <span class='ocrx_word' id='word_1_436' title='bbox 1884 4078 2115 4138; x_wconf 82' lang='lat' dir='ltr'><strong>magna</strong></span> <span class='ocrx_word' id='word_1_437' title='bbox 2144 4062 2362 4117; x_wconf 72' lang='lat' dir='ltr'><strong>virum.</strong></span> <span class='ocrx_word' id='word_1_438' title='bbox 2414 4058 2541 4114; x_wconf 83' lang='lat' dir='ltr'><strong>iam</strong></span> 
     </span>
     <span class='ocr_line' id='line_1_71' title="bbox 1463 4139 2538 4223; baseline -0.002 -24"><span class='ocrx_word' id='word_1_439' title='bbox 1463 4153 1593 4201; x_wconf 78' lang='lat' dir='ltr'><strong>tum</strong></span> <span class='ocrx_word' id='word_1_440' title='bbox 1606 4184 1635 4213; x_wconf 88' lang='lat'><em>,</em></span> <span class='ocrx_word' id='word_1_441' title='bbox 1661 4144 1951 4223; x_wconf 85' lang='lat' dir='ltr'><strong>praeclare</strong></span> <span class='ocrx_word' id='word_1_442' title='bbox 1982 4144 2129 4203; x_wconf 81' lang='lat' dir='ltr'><strong>dixit</strong></span> <span class='ocrx_word' id='word_1_443' title='bbox 2144 4190 2161 4218; x_wconf 87' lang='lat'><strong>,</strong></span> <span class='ocrx_word' id='word_1_444' title='bbox 2201 4144 2275 4203; x_wconf 85' lang='lat' dir='ltr'><strong>ad</strong></span> <span class='ocrx_word' id='word_1_445' title='bbox 2302 4139 2538 4201; x_wconf 86' lang='lat' dir='ltr'><strong>laudem</strong></span> 
     </span>
     <span class='ocr_line' id='line_1_72' title="bbox 1461 4227 2540 4310; baseline -0.004 -25"><span class='ocrx_word' id='word_1_446' title='bbox 1461 4229 1551 4285; x_wconf 84' lang='lat' dir='ltr'><strong>sui</strong></span> <span class='ocrx_word' id='word_1_447' title='bbox 1590 4230 1747 4304; x_wconf 77' lang='lat' dir='ltr'><strong>aevi,</strong></span> <span class='ocrx_word' id='word_1_448' title='bbox 1788 4232 1960 4287; x_wconf 80' lang='lat' dir='ltr'><strong>tacita</strong></span> <span class='ocrx_word' id='word_1_449' title='bbox 2010 4227 2247 4310; x_wconf 89' lang='lat' dir='ltr'><strong>quidem</strong></span> <span class='ocrx_word' id='word_1_450' title='bbox 2298 4242 2540 4301; x_wconf 86' lang='lat' dir='ltr'><strong>compa-</strong></span> 
     </span>
     <span class='ocr_line' id='line_1_73' title="bbox 1464 4308 2540 4393; baseline -0.003 -24"><span class='ocrx_word' id='word_1_451' title='bbox 1464 4314 1703 4371; x_wconf 85' lang='lat' dir='ltr'><strong>ratione.</strong></span> <span class='ocrx_word' id='word_1_452' title='bbox 1746 4346 1833 4357; x_wconf 90' lang='lat'>—</span> <span class='ocrx_word' id='word_1_453' title='bbox 1916 4311 2061 4377; x_wconf 79' lang='grc'><strong>644.</strong></span> <span class='ocrx_word' id='word_1_454' title='bbox 2106 4332 2250 4393; x_wconf 89' lang='lat' dir='ltr'><strong>quos</strong></span> <span class='ocrx_word' id='word_1_455' title='bbox 2293 4308 2540 4388; x_wconf 81' lang='lat' dir='ltr'><strong>populos</strong></span> 
     </span>
     <span class='ocr_line' id='line_1_74' title="bbox 1461 4390 2543 4460; baseline -0.004 -5"><span class='ocrx_word' id='word_1_456' title='bbox 1461 4398 1739 4455; x_wconf 80' lang='lat' dir='ltr'><strong>bellantes</strong></span> <span class='ocrx_word' id='word_1_457' title='bbox 1764 4395 2047 4457; x_wconf 81' lang='lat' dir='ltr'><strong>habuerit.</strong></span> <span class='ocrx_word' id='word_1_458' title='bbox 2132 4393 2279 4460; x_wconf 83' lang='lat'><strong>645.</strong></span> <span class='ocrx_word' id='word_1_459' title='bbox 2295 4390 2441 4459; x_wconf 82' lang='lat'><strong>646.</strong></span> <span class='ocrx_word' id='word_1_460' title='bbox 2463 4410 2543 4451; x_wconf 81' lang='lat' dir='ltr'><strong>ex</strong></span> 
     </span>
    </p>
   </div>
  </div>
 </body>
</html>
