<?xml version="1.0" encoding="UTF-8"?>
<!DOCTYPE html PUBLIC "-//W3C//DTD XHTML 1.0 Transitional//EN"
    "http://www.w3.org/TR/xhtml1/DTD/xhtml1-transitional.dtd">
<html xmlns="http://www.w3.org/1999/xhtml" xml:lang="en" lang="en">
 <head>
  <title>
</title>
<meta http-equiv="Content-Type" content="text/html;charset=utf-8" />
  <meta name='ocr-system' content='tesseract 3.04.00' />
  <meta name='ocr-capabilities' content='ocr_page ocr_carea ocr_par ocr_line ocrx_word'/>
</head>
<body>
  <div class='ocr_page' id='page_1' title='image "./pvblivsvirgiliv00unkngoog_0460.png"; bbox 0 0 3009 5050; ppageno 0'>
   <div class='ocr_carea' id='block_1_1' title="bbox 668 407 2504 558">
    <p class='ocr_par' dir='ltr' id='par_1_1' title="bbox 668 407 2504 558">
     <span class='ocr_line' id='line_1_1' title="bbox 668 407 2504 558; baseline 0.006 -62"><span class='ocrx_word' id='word_1_1' title='bbox 668 421 1277 499; x_wconf 85' lang='lat' dir='ltr'><strong>AENEIDOS</strong></span> <span class='ocrx_word' id='word_1_2' title='bbox 1335 421 1547 500; x_wconf 73' lang='grc' dir='ltr'><strong>ΜΒ.</strong></span> <span class='ocrx_word' id='word_1_3' title='bbox 1595 427 1686 558; x_wconf 62' lang='lat' dir='ltr'><strong>X?</strong></span> <span class='ocrx_word' id='word_1_4' title='bbox 1721 407 2152 505; x_wconf 78' lang='lat'><strong>362-‘377</strong></span> <span class='ocrx_word' id='word_1_5' title='bbox 2359 433 2504 507; x_wconf 87' lang='lat'><strong>491</strong></span> 
     </span>
    </p>
   </div>
   <div class='ocr_carea' id='block_1_2' title="bbox 264 611 2522 1552">
    <p class='ocr_par' dir='ltr' id='par_1_2' title="bbox 264 611 2522 1552">
     <span class='ocr_line' id='line_1_2' title="bbox 271 611 2512 787; baseline 0.002 -101"><span class='ocrx_word' id='word_1_6' title='bbox 271 612 679 712; x_wconf 83' lang='lat' dir='ltr'>Spemque</span> <span class='ocrx_word' id='word_1_7' title='bbox 724 633 1030 708; x_wconf 84' lang='lat' dir='ltr'><strong>meam,</strong></span> <span class='ocrx_word' id='word_1_8' title='bbox 1094 611 1393 710; x_wconf 79' lang='lat' dir='ltr'><strong>patriae</strong></span> <span class='ocrx_word' id='word_1_9' title='bbox 1424 633 1638 787; x_wconf 72' lang='lat' dir='ltr'><strong>lquae</strong></span> <span class='ocrx_word' id='word_1_10' title='bbox 1681 633 1899 688; x_wconf 88' lang='lat' dir='ltr'><strong>nunc</strong></span> <span class='ocrx_word' id='word_1_11' title='bbox 1942 613 2156 689; x_wconf 88' lang='lat' dir='ltr'><strong>subit</strong></span> <span class='ocrx_word' id='word_1_12' title='bbox 2201 614 2512 691; x_wconf 86' lang='lat' dir='ltr'><strong>aemula</strong></span> 
     </span>
     <span class='ocr_line' id='line_1_3' title="bbox 264 713 2357 918; baseline 0.002 -26"><span class='ocrx_word' id='word_1_13' title='bbox 264 815 524 892; x_wconf 84' lang='lat' dir='ltr'><strong>Fidite</strong></span> <span class='ocrx_word' id='word_1_14' title='bbox 552 840 659 892; x_wconf 87' lang='lat' dir='ltr'><strong>ne</strong></span> <span class='ocrx_word' id='word_1_15' title='bbox 688 815 1047 916; x_wconf 82' lang='lat' dir='ltr'><strong>pedibus,</strong></span> <span class='ocrx_word' id='word_1_16' title='bbox 1150 821 1399 892; x_wconf 83' lang='lat' dir='ltr'>Ferro</span> <span class='ocrx_word' id='word_1_17' title='bbox 1434 713 1886 917; x_wconf 47' lang='lat' dir='ltr'><strong>lngllgzenda</strong></span> <span class='ocrx_word' id='word_1_18' title='bbox 1921 841 2069 918; x_wconf 87' lang='lat' dir='ltr'><strong>per</strong></span> <span class='ocrx_word' id='word_1_19' title='bbox 2108 817 2357 896; x_wconf 86' lang='lat' dir='ltr'><strong>hostis</strong></span> 
     </span>
     <span class='ocr_line' id='line_1_4' title="bbox 266 919 2514 1024; baseline 0.003 -28"><span class='ocrx_word' id='word_1_20' title='bbox 266 922 407 996; x_wconf 90' lang='lat' dir='ltr'><strong>Est</strong></span> <span class='ocrx_word' id='word_1_21' title='bbox 433 920 579 998; x_wconf 77' lang='lat' dir='ltr'><strong>via.</strong></span> <span class='ocrx_word' id='word_1_22' title='bbox 688 924 861 1018; x_wconf 81' lang='lat' dir='ltr'><strong>Qua</strong></span> <span class='ocrx_word' id='word_1_23' title='bbox 888 919 1175 1018; x_wconf 84' lang='lat' dir='ltr'>globus</span> <span class='ocrx_word' id='word_1_24' title='bbox 1206 919 1341 997; x_wconf 88' lang='lat' dir='ltr'><strong>ille</strong></span> <span class='ocrx_word' id='word_1_25' title='bbox 1370 921 1630 996; x_wconf 83' lang='lat' dir='ltr'><strong>virum</strong></span> <span class='ocrx_word' id='word_1_26' title='bbox 1657 919 2166 998; x_wconf 88' lang='lat' dir='ltr'><strong>densissimus</strong></span> <span class='ocrx_word' id='word_1_27' title='bbox 2193 937 2514 1024; x_wconf 80' lang='lat' dir='ltr'><strong>urguet:</strong></span> 
     </span>
     <span class='ocr_line' id='line_1_5' title="bbox 265 1022 2280 1124; baseline 0.001 -25"><span class='ocrx_word' id='word_1_28' title='bbox 265 1027 429 1099; x_wconf 87' lang='lat' dir='ltr'><strong>Hac</strong></span> <span class='ocrx_word' id='word_1_29' title='bbox 463 1045 603 1098; x_wconf 82' lang='lat' dir='ltr'><strong>vos</strong></span> <span class='ocrx_word' id='word_1_30' title='bbox 635 1037 714 1099; x_wconf 91' lang='lat' dir='ltr'><strong>et</strong></span> <span class='ocrx_word' id='word_1_31' title='bbox 752 1023 1093 1100; x_wconf 82' lang='lat' dir='ltr'><strong>Pallanta</strong></span> <span class='ocrx_word' id='word_1_32' title='bbox 1140 1023 1431 1101; x_wconf 87' lang='lat' dir='ltr'><strong>ducem</strong></span> <span class='ocrx_word' id='word_1_33' title='bbox 1460 1023 1707 1124; x_wconf 85' lang='lat' dir='ltr'><strong>patria</strong></span> <span class='ocrx_word' id='word_1_34' title='bbox 1737 1022 1888 1098; x_wconf 84' lang='lat' dir='ltr'><strong>alta</strong></span> <span class='ocrx_word' id='word_1_35' title='bbox 1915 1027 2280 1124; x_wconf 86' lang='lat' dir='ltr'><strong>reposcit.</strong></span> 
     </span>
     <span class='ocr_line' id='line_1_6' title="bbox 267 1125 2513 1312; baseline 0 -108"><span class='ocrx_word' id='word_1_36' title='bbox 267 1127 613 1204; x_wconf 88' lang='lat' dir='ltr'><strong>Numina</strong></span> <span class='ocrx_word' id='word_1_37' title='bbox 683 1125 917 1263; x_wconf 36' lang='lat' dir='ltr'><strong>‘nulla</strong></span> <span class='ocrx_word' id='word_1_38' title='bbox 1002 1141 1477 1305; x_wconf 35' lang='lat' dir='ltr'><strong>preinqunt:h</strong></span> <span class='ocrx_word' id='word_1_39' title='bbox 1525 1125 1845 1304; x_wconf 46' lang='lat' dir='ltr'><strong>niortali</strong></span> <span class='ocrx_word' id='word_1_40' title='bbox 1917 1129 2513 1312; x_wconf 50' lang='lat' dir='ltr'><strong>urguemurgglg</strong></span> 
     </span>
     <span class='ocr_line' id='line_1_7' title="bbox 269 1254 2522 1435; baseline 0.002 -26"><span class='ocrx_word' id='word_1_41' title='bbox 269 1332 679 1423; x_wconf 81' lang='lat' dir='ltr'><strong>Mortales3</strong></span> <span class='ocrx_word' id='word_1_42' title='bbox 728 1332 1072 1410; x_wconf 81' lang='lat' dir='ltr'><strong>totidem</strong></span> <span class='ocrx_word' id='word_1_43' title='bbox 1099 1333 1335 1409; x_wconf 89' lang='lat' dir='ltr'><strong>nobis</strong></span> <span class='ocrx_word' id='word_1_44' title='bbox 1367 1254 1838 1434; x_wconf 47' lang='lat' dir='ltr'><strong>aniffiaique</strong></span> <span class='ocrx_word' id='word_1_45' title='bbox 1869 1356 2336 1435; x_wconf 85' lang='lat' dir='ltr'><strong>manusque.</strong></span> <span class='ocrx_word' id='word_1_46' title='bbox 2518 1393 2522 1397; x_wconf 87' lang='lat'><em>-</em></span> 
     </span>
     <span class='ocr_line' id='line_1_8' title="bbox 264 1435 2295 1552; baseline 0 -40"><span class='ocrx_word' id='word_1_47' title='bbox 264 1439 474 1513; x_wconf 87' lang='lat' dir='ltr'><strong>Ecce</strong></span> <span class='ocrx_word' id='word_1_48' title='bbox 497 1497 517 1534; x_wconf 90' lang='lat'>,</span> <span class='ocrx_word' id='word_1_49' title='bbox 569 1438 809 1514; x_wconf 88' lang='lat' dir='ltr'><strong>maris</strong></span> <span class='ocrx_word' id='word_1_50' title='bbox 836 1460 1123 1535; x_wconf 86' lang='lat' dir='ltr'><strong>magna</strong></span> <span class='ocrx_word' id='word_1_51' title='bbox 1154 1437 1449 1515; x_wconf 84' lang='lat' dir='ltr'><strong>claudit</strong></span> <span class='ocrx_word' id='word_1_52' title='bbox 1475 1461 1628 1514; x_wconf 88' lang='lat' dir='ltr'><strong>nos</strong></span> <span class='ocrx_word' id='word_1_53' title='bbox 1669 1435 1927 1552; x_wconf 82' lang='lat' dir='ltr'><strong>obiice</strong></span> <span class='ocrx_word' id='word_1_54' title='bbox 1958 1450 2295 1536; x_wconf 65' lang='lat' dir='ltr'><strong>pontusg</strong></span> 
     </span>
    </p>
   </div>
   <div class='ocr_carea' id='block_1_3' title="bbox 265 1590 2522 2290">
    <p class='ocr_par' dir='ltr' id='par_1_3' title="bbox 265 1590 2522 2290">
     <span class='ocr_line' id='line_1_9' title="bbox 266 1590 2518 1665; baseline -0.001 -19"><span class='ocrx_word' id='word_1_55' title='bbox 266 1593 601 1656; x_wconf 75' lang='lat' dir='ltr'><strong>mutandum3</strong></span> <span class='ocrx_word' id='word_1_56' title='bbox 664 1592 834 1660; x_wconf 78' lang='lat' dir='ltr'><strong>ipsum</strong></span> <span class='ocrx_word' id='word_1_57' title='bbox 878 1593 1164 1664; x_wconf 80' lang='lat' dir='ltr'><strong>repetitum</strong></span> <span class='ocrx_word' id='word_1_58' title='bbox 1210 1611 1312 1665; x_wconf 80' lang='lat' dir='ltr'><strong>per</strong></span> <span class='ocrx_word' id='word_1_59' title='bbox 1356 1592 1580 1664; x_wconf 83' lang='lat' dir='ltr'><strong>copulae</strong></span> <span class='ocrx_word' id='word_1_60' title='bbox 1619 1592 1736 1644; x_wconf 78' lang='lat' dir='ltr'><strong>vice</strong></span> <span class='ocrx_word' id='word_1_61' title='bbox 1783 1590 2044 1660; x_wconf 61' lang='lat' dir='ltr'><strong>fungis-n</strong></span> <span class='ocrx_word' id='word_1_62' title='bbox 2107 1592 2215 1644; x_wconf 81' lang='lat' dir='ltr'><strong>vid.</strong></span> <span class='ocrx_word' id='word_1_63' title='bbox 2249 1593 2319 1646; x_wconf 78' lang='lat' dir='ltr'><strong>V.</strong></span> <span class='ocrx_word' id='word_1_64' title='bbox 2355 1592 2416 1644; x_wconf 78' lang='lat'><strong>1..</strong></span> <span class='ocrx_word' id='word_1_65' title='bbox 2449 1591 2518 1644; x_wconf 86' lang='lat' dir='ltr'><strong>ad</strong></span> 
     </span>
     <span class='ocr_line' id='line_1_10' title="bbox 266 1660 2520 1730; baseline -0.002 -14"><span class='ocrx_word' id='word_1_66' title='bbox 266 1663 379 1717; x_wconf 68' lang='lat'><strong>1301.</strong></span> <span class='ocrx_word' id='word_1_67' title='bbox 416 1664 511 1728; x_wconf 80' lang='lat' dir='ltr'><strong>iv,</strong></span> <span class='ocrx_word' id='word_1_68' title='bbox 543 1663 599 1719; x_wconf 88' lang='lat'><strong>6.</strong></span> <span class='ocrx_word' id='word_1_69' title='bbox 632 1672 690 1716; x_wconf 77' lang='lat' dir='ltr'><strong>ct</strong></span> <span class='ocrx_word' id='word_1_70' title='bbox 722 1663 791 1714; x_wconf 83' lang='lat' dir='ltr'><strong>ad</strong></span> <span class='ocrx_word' id='word_1_71' title='bbox 823 1665 923 1726; x_wconf 81' lang='lat' dir='ltr'><strong>xl,</strong></span> <span class='ocrx_word' id='word_1_72' title='bbox 961 1666 1078 1719; x_wconf 84' lang='grc'><strong>171.</strong></span> <span class='ocrx_word' id='word_1_73' title='bbox 1146 1664 1391 1716; x_wconf 80' lang='lat' dir='ltr'><strong>Ceterum</strong></span> <span class='ocrx_word' id='word_1_74' title='bbox 1420 1664 1490 1716; x_wconf 75' lang='lat' dir='ltr'><strong>ef.</strong></span> <span class='ocrx_word' id='word_1_75' title='bbox 1527 1662 1728 1714; x_wconf 79' lang='lat' dir='ltr'><strong>Tibuu.</strong></span> <span class='ocrx_word' id='word_1_76' title='bbox 1763 1662 1853 1727; x_wconf 83' lang='lat' dir='ltr'><strong>iv,</strong></span> <span class='ocrx_word' id='word_1_77' title='bbox 1887 1660 1938 1724; x_wconf 83' lang='lat'><strong>5,</strong></span> <span class='ocrx_word' id='word_1_78' title='bbox 1972 1662 2056 1716; x_wconf 83' lang='lat'><strong>7.=</strong></span> <span class='ocrx_word' id='word_1_79' title='bbox 2105 1677 2240 1730; x_wconf 79' lang='lat' dir='ltr'><strong>„pei-</strong></span> <span class='ocrx_word' id='word_1_80' title='bbox 2273 1671 2348 1712; x_wconf 83' lang='lat' dir='ltr'><strong>te</strong></span> <span class='ocrx_word' id='word_1_81' title='bbox 2391 1661 2520 1712; x_wconf 80' lang='lat' dir='ltr'><strong>dul-</strong></span> 
     </span>
     <span class='ocr_line' id='line_1_11' title="bbox 269 1731 2518 1803; baseline -0 -18"><span class='ocrx_word' id='word_1_82' title='bbox 269 1732 478 1786; x_wconf 73' lang='lat' dir='ltr'><strong>ciscima</strong></span> <span class='ocrx_word' id='word_1_83' title='bbox 512 1733 685 1796; x_wconf 76' lang='lat' dir='ltr'><strong>furta,</strong></span> <span class='ocrx_word' id='word_1_84' title='bbox 728 1733 933 1803; x_wconf 85' lang='lat' dir='ltr'><strong>Perque</strong></span> <span class='ocrx_word' id='word_1_85' title='bbox 968 1743 1087 1786; x_wconf 77' lang='lat' dir='ltr'><strong>tuos</strong></span> <span class='ocrx_word' id='word_1_86' title='bbox 1124 1733 1337 1797; x_wconf 85' lang='lat' dir='ltr'><strong>oeulos,</strong></span> <span class='ocrx_word' id='word_1_87' title='bbox 1384 1749 1481 1802; x_wconf 86' lang='lat' dir='ltr'><strong>pei·</strong></span> <span class='ocrx_word' id='word_1_88' title='bbox 1516 1731 1838 1800; x_wconf 76' lang='lat' dir='ltr'><strong>Geniumque</strong></span> <span class='ocrx_word' id='word_1_89' title='bbox 1869 1734 2080 1798; x_wconf 78' lang='lat' dir='ltr'><strong>rogo;“</strong></span> <span class='ocrx_word' id='word_1_90' title='bbox 2130 1742 2184 1782; x_wconf 86' lang='lat' dir='ltr'><strong>et</strong></span> <span class='ocrx_word' id='word_1_91' title='bbox 2259 1749 2356 1784; x_wconf 76' lang='lat' dir='ltr'><strong>uae</strong></span> <span class='ocrx_word' id='word_1_92' title='bbox 2383 1747 2518 1784; x_wconf 86' lang='lat' dir='ltr'><strong>oon·-</strong></span> 
     </span>
     <span class='ocr_line' id='line_1_12' title="bbox 269 1800 2518 1868; baseline -0 -15"><span class='ocrx_word' id='word_1_93' title='bbox 269 1803 437 1868; x_wconf 70' lang='lat' dir='ltr'><strong>gessit</strong></span> <span class='ocrx_word' id='word_1_94' title='bbox 468 1802 742 1854; x_wconf 78' lang='lat' dir='ltr'>Ruhnken.</span> <span class='ocrx_word' id='word_1_95' title='bbox 776 1802 833 1854; x_wconf 87' lang='lat' dir='ltr'><strong>in</strong></span> <span class='ocrx_word' id='word_1_96' title='bbox 866 1803 1059 1854; x_wconf 80' lang='lat' dir='ltr'><strong>Dictat.</strong></span> <span class='ocrx_word' id='word_1_97' title='bbox 1094 1803 1163 1855; x_wconf 85' lang='lat' dir='ltr'><strong>ad</strong></span> <span class='ocrx_word' id='word_1_98' title='bbox 1196 1805 1415 1855; x_wconf 79' lang='lat' dir='ltr'><strong>Tei-eut.</strong></span> <span class='ocrx_word' id='word_1_99' title='bbox 1448 1801 1612 1853; x_wconf 81' lang='lat' dir='ltr'><strong>Andr.</strong></span> <span class='ocrx_word' id='word_1_100' title='bbox 1646 1802 1736 1864; x_wconf 77' lang='grc' dir='ltr'>ΙΙΙ,</span> <span class='ocrx_word' id='word_1_101' title='bbox 1768 1800 1820 1860; x_wconf 84' lang='grc'><strong>3,</strong></span> <span class='ocrx_word' id='word_1_102' title='bbox 1865 1801 1918 1853; x_wconf 99' lang='grc'><strong>6.</strong></span> <span class='ocrx_word' id='word_1_103' title='bbox 1953 1807 2066 1852; x_wconf 88' lang='lat' dir='ltr'><strong>tuin</strong></span> <span class='ocrx_word' id='word_1_104' title='bbox 2097 1800 2232 1856; x_wconf 79' lang='lat' dir='ltr'><strong>Vale</strong></span> <span class='ocrx_word' id='word_1_105' title='bbox 2271 1817 2411 1852; x_wconf 81' lang='lat' dir='ltr'><strong>enar.</strong></span> <span class='ocrx_word' id='word_1_106' title='bbox 2449 1801 2518 1852; x_wconf 80' lang='lat' dir='ltr'><strong>ad</strong></span> 
     </span>
     <span class='ocr_line' id='line_1_13' title="bbox 266 1867 2521 1939; baseline -0.001 -17"><span class='ocrx_word' id='word_1_107' title='bbox 266 1871 445 1939; x_wconf 82' lang='lat' dir='ltr'><strong>Eurip.</strong></span> <span class='ocrx_word' id='word_1_108' title='bbox 480 1870 751 1923; x_wconf 74' lang='lat' dir='ltr'><strong>Phoeniss.</strong></span> <span class='ocrx_word' id='word_1_109' title='bbox 784 1890 861 1925; x_wconf 80' lang='lat' dir='ltr'><strong>vs.</strong></span> <span class='ocrx_word' id='word_1_110' title='bbox 899 1871 1053 1926; x_wconf 82' lang='lat'><strong>1659.</strong></span> <span class='ocrx_word' id='word_1_111' title='bbox 1102 1875 1321 1927; x_wconf 84' lang='lat' dir='ltr'><strong>Porsen.</strong></span> <span class='ocrx_word' id='word_1_112' title='bbox 1358 1871 1428 1924; x_wconf 76' lang='lat' dir='ltr'><strong>ad</strong></span> <span class='ocrx_word' id='word_1_113' title='bbox 1460 1871 1604 1923; x_wconf 82' lang='lat' dir='ltr'><strong>Med.</strong></span> <span class='ocrx_word' id='word_1_114' title='bbox 1641 1887 1713 1922; x_wconf 83' lang='lat' dir='ltr'><strong>vs.</strong></span> <span class='ocrx_word' id='word_1_115' title='bbox 1747 1867 1866 1923; x_wconf 77' lang='lat'><strong>325.</strong></span> <span class='ocrx_word' id='word_1_116' title='bbox 1907 1869 2056 1936; x_wconf 77' lang='lat' dir='ltr'><strong>Wr.)</strong></span> <span class='ocrx_word' id='word_1_117' title='bbox 2193 1871 2294 1925; x_wconf 79' lang='lat'><strong>371</strong></span> <span class='ocrx_word' id='word_1_118' title='bbox 2333 1870 2521 1921; x_wconf 75' lang='lat' dir='ltr'><strong>laudis</strong></span> 
     </span>
     <span class='ocr_line' id='line_1_14' title="bbox 268 1938 2519 2012; baseline -0.001 -20"><span class='ocrx_word' id='word_1_119' title='bbox 268 1941 388 1994; x_wconf 83' lang='lat' dir='ltr'><strong>edd.</strong></span> <span class='ocrx_word' id='word_1_120' title='bbox 428 1939 635 2009; x_wconf 81' lang='lat' dir='ltr'><strong>aliquot</strong></span> <span class='ocrx_word' id='word_1_121' title='bbox 667 1941 808 2011; x_wconf 85' lang='lat' dir='ltr'><strong>apud</strong></span> <span class='ocrx_word' id='word_1_122' title='bbox 839 1943 977 1993; x_wconf 85' lang='lat' dir='ltr'><strong>Pier.</strong></span> <span class='ocrx_word' id='word_1_123' title='bbox 1015 1951 1071 1993; x_wconf 86' lang='lat' dir='ltr'><strong>et</strong></span> <span class='ocrx_word' id='word_1_124' title='bbox 1102 1941 1221 1994; x_wconf 77' lang='lat' dir='ltr'><strong>Ald,</strong></span> <span class='ocrx_word' id='word_1_125' title='bbox 1265 1959 1345 2012; x_wconf 87' lang='lat' dir='ltr'><strong>pr.</strong></span> <span class='ocrx_word' id='word_1_126' title='bbox 1383 1959 1499 1994; x_wconf 88' lang='lat' dir='ltr'><strong>cuin</strong></span> <span class='ocrx_word' id='word_1_127' title='bbox 1535 1939 1697 1992; x_wconf 87' lang='lat' dir='ltr'><strong>Goth.</strong></span> <span class='ocrx_word' id='word_1_128' title='bbox 1731 1947 1856 1990; x_wconf 78' lang='lat' dir='ltr'><strong>tert.</strong></span> <span class='ocrx_word' id='word_1_129' title='bbox 1923 1938 2120 2006; x_wconf 78' lang='lat' dir='ltr'><strong>(laude</strong></span> <span class='ocrx_word' id='word_1_130' title='bbox 2147 1939 2342 1991; x_wconf 86' lang='lat' dir='ltr'><strong>Medic.</strong></span> <span class='ocrx_word' id='word_1_131' title='bbox 2378 1939 2519 2008; x_wconf 78' lang='lat' dir='ltr'><strong>apud</strong></span> 
     </span>
     <span class='ocr_line' id='line_1_15' title="bbox 265 2008 2519 2083; baseline 0 -21"><span class='ocrx_word' id='word_1_132' title='bbox 265 2010 485 2078; x_wconf 63' lang='lat' dir='ltr'><strong>foggin.</strong></span> <span class='ocrx_word' id='word_1_133' title='bbox 534 2011 677 2078; x_wconf 86' lang='lat' dir='ltr'><strong>Wr.)</strong></span> <span class='ocrx_word' id='word_1_134' title='bbox 808 2012 919 2066; x_wconf 74' lang='lat'><strong>372</strong></span> <span class='ocrx_word' id='word_1_135' title='bbox 968 2011 1237 2083; x_wconf 77' lang='lat' dir='ltr'><strong>rapienda</strong></span> <span class='ocrx_word' id='word_1_136' title='bbox 1268 2029 1350 2082; x_wconf 84' lang='lat' dir='ltr'><strong>pr.</strong></span> <span class='ocrx_word' id='word_1_137' title='bbox 1384 2012 1590 2075; x_wconf 69' lang='lat' dir='ltr'><strong>namb„</strong></span> <span class='ocrx_word' id='word_1_138' title='bbox 1650 2008 1746 2061; x_wconf 86' lang='lat' dir='ltr'><strong>sed</strong></span> <span class='ocrx_word' id='word_1_139' title='bbox 1821 2025 1948 2060; x_wconf 81' lang='lat' dir='ltr'><strong>erro</strong></span> <span class='ocrx_word' id='word_1_140' title='bbox 1994 2011 2268 2080; x_wconf 73' lang='lat' dir='ltr'><strong>rumpitur</strong></span> <span class='ocrx_word' id='word_1_141' title='bbox 2300 2008 2401 2059; x_wconf 79' lang='lat' dir='ltr'><strong>via.</strong></span> <span class='ocrx_word' id='word_1_142' title='bbox 2449 2009 2519 2062; x_wconf 79' lang='lat' dir='ltr'><strong>cf.</strong></span> 
     </span>
     <span class='ocr_line' id='line_1_16' title="bbox 266 2077 2522 2151; baseline -0.002 -19"><span class='ocrx_word' id='word_1_143' title='bbox 266 2082 437 2134; x_wconf 84' lang='lat' dir='ltr'><strong>Burin.</strong></span> <span class='ocrx_word' id='word_1_144' title='bbox 540 2079 645 2134; x_wconf 81' lang='lat'><strong>373</strong></span> <span class='ocrx_word' id='word_1_145' title='bbox 680 2083 799 2146; x_wconf 86' lang='lat' dir='ltr'><strong>Quo</strong></span> <span class='ocrx_word' id='word_1_146' title='bbox 832 2081 911 2151; x_wconf 82' lang='lat' dir='ltr'><strong>gl.</strong></span> <span class='ocrx_word' id='word_1_147' title='bbox 960 2083 1111 2136; x_wconf 79' lang='lat' dir='ltr'><strong>Rom.</strong></span> <span class='ocrx_word' id='word_1_148' title='bbox 1228 2081 1333 2136; x_wconf 79' lang='lat'><strong>374</strong></span> <span class='ocrx_word' id='word_1_149' title='bbox 1408 2120 1421 2134; x_wconf 94' lang='lat'><strong>.</strong></span> <span class='ocrx_word' id='word_1_150' title='bbox 1458 2097 1616 2132; x_wconf 77' lang='lat' dir='ltr'><strong>arma</strong></span> <span class='ocrx_word' id='word_1_151' title='bbox 1649 2097 1731 2148; x_wconf 86' lang='lat' dir='ltr'><strong>pr.</strong></span> <span class='ocrx_word' id='word_1_152' title='bbox 1817 2078 1972 2142; x_wconf 66' lang='lat' dir='ltr'><strong>amb„</strong></span> <span class='ocrx_word' id='word_1_153' title='bbox 2017 2094 2084 2130; x_wconf 80' lang='lat' dir='ltr'><strong>un</strong></span> <span class='ocrx_word' id='word_1_154' title='bbox 2120 2079 2296 2142; x_wconf 82' lang='lat' dir='ltr'><strong>alma,</strong></span> <span class='ocrx_word' id='word_1_155' title='bbox 2347 2077 2522 2146; x_wconf 74' lang='lat' dir='ltr'><strong>inquit</strong></span> 
     </span>
     <span class='ocr_line' id='line_1_17' title="bbox 265 2146 2517 2231; baseline -0 -29"><span class='ocrx_word' id='word_1_156' title='bbox 265 2152 437 2202; x_wconf 86' lang='lat' dir='ltr'><strong>Burni.</strong></span> <span class='ocrx_word' id='word_1_157' title='bbox 507 2163 763 2231; x_wconf 72' lang='lat' dir='ltr'><strong>reposcat</strong></span> <span class='ocrx_word' id='word_1_158' title='bbox 795 2150 1037 2203; x_wconf 75' lang='lat' dir='ltr'><strong>Pari-hus.</strong></span> <span class='ocrx_word' id='word_1_159' title='bbox 1157 2151 1262 2206; x_wconf 79' lang='lat'><strong>376</strong></span> <span class='ocrx_word' id='word_1_160' title='bbox 1294 2169 1369 2203; x_wconf 84' lang='lat' dir='ltr'><strong>no</strong></span> <span class='ocrx_word' id='word_1_161' title='bbox 1400 2153 1558 2220; x_wconf 79' lang='lat' dir='ltr'><strong>isque</strong></span> <span class='ocrx_word' id='word_1_162' title='bbox 1591 2147 1844 2200; x_wconf 84' lang='lat' dir='ltr'><strong>Montalb.</strong></span> <span class='ocrx_word' id='word_1_163' title='bbox 1915 2149 1973 2198; x_wconf 79' lang='lat' dir='ltr'><strong>iri</strong></span> <span class='ocrx_word' id='word_1_164' title='bbox 2007 2146 2168 2200; x_wconf 77' lang='lat' dir='ltr'><strong>nobis</strong></span> <span class='ocrx_word' id='word_1_165' title='bbox 2201 2147 2305 2198; x_wconf 84' lang='lat' dir='ltr'><strong>dno</strong></span> <span class='ocrx_word' id='word_1_166' title='bbox 2346 2148 2517 2201; x_wconf 82' lang='lat' dir='ltr'><strong>Burin.</strong></span> 
     </span>
     <span class='ocr_line' id='line_1_18' title="bbox 265 2214 2520 2290; baseline -0.001 -19"><span class='ocrx_word' id='word_1_167' title='bbox 265 2218 422 2272; x_wconf 76' lang='lat' dir='ltr'><strong>nobis</strong></span> <span class='ocrx_word' id='word_1_168' title='bbox 469 2219 693 2270; x_wconf 66' lang='lat' dir='ltr'><strong>condem</strong></span> <span class='ocrx_word' id='word_1_169' title='bbox 743 2219 966 2273; x_wconf 84' lang='lat' dir='ltr'><strong>Dorvill.</strong></span> <span class='ocrx_word' id='word_1_170' title='bbox 1101 2220 1205 2275; x_wconf 85' lang='lat'><strong>377</strong></span> <span class='ocrx_word' id='word_1_171' title='bbox 1240 2238 1443 2290; x_wconf 80' lang='lat' dir='ltr'><strong>magna</strong></span> <span class='ocrx_word' id='word_1_172' title='bbox 1490 2218 1656 2272; x_wconf 79' lang='lat' dir='ltr'><strong>obiice</strong></span> <span class='ocrx_word' id='word_1_173' title='bbox 1704 2235 1794 2268; x_wconf 87' lang='lat' dir='ltr'><strong>seu</strong></span> <span class='ocrx_word' id='word_1_174' title='bbox 1845 2214 1990 2268; x_wconf 81' lang='lat' dir='ltr'><strong>obice</strong></span> <span class='ocrx_word' id='word_1_175' title='bbox 2039 2217 2398 2286; x_wconf 74' lang='lat' dir='ltr'><strong>(scribendum</strong></span> <span class='ocrx_word' id='word_1_176' title='bbox 2442 2215 2520 2268; x_wconf 86' lang='lat' dir='ltr'><strong>sic</strong></span> 
     </span>
    </p>
   </div>
   <div class='ocr_carea' id='block_1_4' title="bbox 266 2285 2520 2358">
    <p class='ocr_par' dir='ltr' id='par_1_4' title="bbox 266 2285 2520 2358">
     <span class='ocr_line' id='line_1_19' title="bbox 266 2285 2520 2358; baseline -0.001 -19"><span class='ocrx_word' id='word_1_177' title='bbox 266 2289 455 2349; x_wconf 83' lang='lat' dir='ltr'><strong>obice,</strong></span> <span class='ocrx_word' id='word_1_178' title='bbox 488 2305 605 2340; x_wconf 86' lang='lat' dir='ltr'><strong>nain</strong></span> <span class='ocrx_word' id='word_1_179' title='bbox 640 2290 665 2340; x_wconf 87' lang='lat'>1</span> <span class='ocrx_word' id='word_1_180' title='bbox 708 2299 789 2340; x_wconf 82' lang='lat' dir='ltr'><strong>est</strong></span> <span class='ocrx_word' id='word_1_181' title='bbox 825 2306 923 2358; x_wconf 88' lang='lat' dir='ltr'><strong>pro</strong></span> <span class='ocrx_word' id='word_1_182' title='bbox 959 2291 1027 2349; x_wconf 80' lang='lat' dir='ltr'><strong>ii.</strong></span> <span class='ocrx_word' id='word_1_183' title='bbox 1075 2300 1135 2340; x_wconf 86' lang='lat' dir='ltr'><strong>ut</strong></span> <span class='ocrx_word' id='word_1_184' title='bbox 1179 2289 1383 2341; x_wconf 76' lang='lat' dir='ltr'><strong>Lavini.</strong></span> <span class='ocrx_word' id='word_1_185' title='bbox 1430 2289 1664 2356; x_wconf 82' lang='lat' dir='ltr'><strong>imperi.)</strong></span> <span class='ocrx_word' id='word_1_186' title='bbox 1711 2286 1913 2354; x_wconf 85' lang='lat' dir='ltr'><strong>recepit</strong></span> <span class='ocrx_word' id='word_1_187' title='bbox 1961 2287 2242 2338; x_wconf 79' lang='lat' dir='ltr'><strong>secundum</strong></span> <span class='ocrx_word' id='word_1_188' title='bbox 2296 2285 2520 2338; x_wconf 75' lang='lat' dir='ltr'><strong>Pieriam</strong></span> 
     </span>
    </p>
   </div>
   <div class='ocr_carea' id='block_1_5' title="bbox 2977 535 2981 1374">
    <p class='ocr_par' dir='ltr' id='par_1_5' title="bbox 2977 535 2981 1374">
     <span class='ocr_line' id='line_1_20' title="bbox 2977 535 2981 1374; baseline 0 0"><span class='ocrx_word' id='word_1_189' title='bbox 2977 535 2981 1374; x_wconf 95' lang='lat' dir='ltr'><strong> </strong></span> 
     </span>
    </p>
   </div>
   <div class='ocr_carea' id='block_1_6' title="bbox 267 2354 2522 2425">
    <p class='ocr_par' dir='ltr' id='par_1_6' title="bbox 267 2354 2522 2425">
     <span class='ocr_line' id='line_1_21' title="bbox 267 2354 2522 2425; baseline -0.001 -17"><span class='ocrx_word' id='word_1_190' title='bbox 267 2355 511 2408; x_wconf 73' lang='lat' dir='ltr'><strong>Heinsius</strong></span> <span class='ocrx_word' id='word_1_191' title='bbox 550 2359 892 2410; x_wconf 71' lang='lat' dir='ltr'><strong>vetustiorum</strong></span> <span class='ocrx_word' id='word_1_192' title='bbox 930 2357 1154 2410; x_wconf 88' lang='lat' dir='ltr'><strong>omnium</strong></span> <span class='ocrx_word' id='word_1_193' title='bbox 1184 2359 1530 2410; x_wconf 84' lang='lat' dir='ltr'><strong>auctoritate:</strong></span> <span class='ocrx_word' id='word_1_194' title='bbox 1569 2373 1722 2425; x_wconf 83' lang='lat' dir='ltr'><strong>quem</strong></span> <span class='ocrx_word' id='word_1_195' title='bbox 1758 2355 1878 2406; x_wconf 86' lang='lat' dir='ltr'><strong>vide</strong></span> <span class='ocrx_word' id='word_1_196' title='bbox 1911 2354 1979 2406; x_wconf 80' lang='lat' dir='ltr'><strong>ed</strong></span> <span class='ocrx_word' id='word_1_197' title='bbox 2012 2356 2068 2407; x_wconf 88' lang='lat' dir='ltr'><strong>h.</strong></span> <span class='ocrx_word' id='word_1_198' title='bbox 2101 2355 2141 2406; x_wconf 92' lang='lat' dir='ltr'><strong>l.</strong></span> <span class='ocrx_word' id='word_1_199' title='bbox 2175 2365 2232 2408; x_wconf 85' lang='lat' dir='ltr'><strong>et</strong></span> <span class='ocrx_word' id='word_1_200' title='bbox 2266 2355 2334 2406; x_wconf 88' lang='lat' dir='ltr'><strong>ad</strong></span> <span class='ocrx_word' id='word_1_201' title='bbox 2361 2355 2522 2406; x_wconf 82' lang='lat' dir='ltr'><strong>Clan-</strong></span> 
     </span>
    </p>
   </div>
   <div class='ocr_carea' id='block_1_7' title="bbox 268 2423 2254 2494">
    <p class='ocr_par' dir='ltr' id='par_1_7' title="bbox 268 2423 2254 2494">
     <span class='ocr_line' id='line_1_22' title="bbox 268 2423 2254 2494; baseline -0.001 -17"><span class='ocrx_word' id='word_1_202' title='bbox 268 2425 409 2478; x_wconf 82' lang='lat' dir='ltr'><strong>dian.</strong></span> <span class='ocrx_word' id='word_1_203' title='bbox 442 2427 491 2476; x_wconf 81' lang='grc' dir='ltr'><strong>ΙΙ</strong></span> <span class='ocrx_word' id='word_1_204' title='bbox 526 2425 581 2476; x_wconf 88' lang='lat' dir='ltr'><strong>in</strong></span> <span class='ocrx_word' id='word_1_205' title='bbox 629 2427 851 2494; x_wconf 74' lang='lat' dir='ltr'><strong>Eun-op.</strong></span> <span class='ocrx_word' id='word_1_206' title='bbox 899 2427 985 2480; x_wconf 78' lang='lat'><strong>34.</strong></span> <span class='ocrx_word' id='word_1_207' title='bbox 1034 2426 1171 2478; x_wconf 87' lang='lat' dir='ltr'><strong>Edd.</strong></span> <span class='ocrx_word' id='word_1_208' title='bbox 1218 2438 1276 2477; x_wconf 81' lang='lat' dir='ltr'><strong>et</strong></span> <span class='ocrx_word' id='word_1_209' title='bbox 1320 2426 1477 2478; x_wconf 83' lang='lat' dir='ltr'><strong>codd.</strong></span> <span class='ocrx_word' id='word_1_210' title='bbox 1524 2433 1744 2486; x_wconf 60' lang='lat' dir='ltr'><strong>recent,</strong></span> <span class='ocrx_word' id='word_1_211' title='bbox 1793 2432 1852 2474; x_wconf 76' lang='lat' dir='ltr'><strong>ut</strong></span> <span class='ocrx_word' id='word_1_212' title='bbox 1903 2423 2063 2476; x_wconf 83' lang='lat' dir='ltr'><strong>Goth.</strong></span> <span class='ocrx_word' id='word_1_213' title='bbox 2107 2434 2217 2476; x_wconf 81' lang='lat' dir='ltr'><strong>tres</strong></span> <span class='ocrx_word' id='word_1_214' title='bbox 2239 2461 2254 2488; x_wconf 89' lang='lat'>‚</span> 
     </span>
    </p>
   </div>
   <div class='ocr_carea' id='block_1_8' title="bbox 2429 2443 2522 2490">
    <p class='ocr_par' dir='ltr' id='par_1_8' title="bbox 2429 2443 2522 2490">
     <span class='ocr_line' id='line_1_23' title="bbox 2429 2443 2522 2490; baseline 0.022 -15"><span class='ocrx_word' id='word_1_215' title='bbox 2429 2443 2522 2490; x_wconf 81' lang='lat' dir='ltr'><strong>rio,</strong></span> 
     </span>
    </p>
   </div>
   <div class='ocr_carea' id='block_1_9' title="bbox 269 2493 2590 2635">
    <p class='ocr_par' dir='ltr' id='par_1_9' title="bbox 269 2493 2590 2635">
     <span class='ocr_line' id='line_1_24' title="bbox 269 2493 2523 2564; baseline 0 -19"><span class='ocrx_word' id='word_1_216' title='bbox 269 2493 534 2564; x_wconf 82' lang='lat' dir='ltr'><strong>quomodo</strong></span> <span class='ocrx_word' id='word_1_217' title='bbox 570 2502 627 2547; x_wconf 85' lang='lat' dir='ltr'><strong>et</strong></span> <span class='ocrx_word' id='word_1_218' title='bbox 648 2496 817 2547; x_wconf 77' lang='lat' dir='ltr'><strong>Servii</strong></span> <span class='ocrx_word' id='word_1_219' title='bbox 852 2507 1023 2548; x_wconf 80' lang='lat' dir='ltr'><strong>aetate</strong></span> <span class='ocrx_word' id='word_1_220' title='bbox 1050 2495 1289 2547; x_wconf 77' lang='lat' dir='ltr'><strong>nonnulli</strong></span> <span class='ocrx_word' id='word_1_221' title='bbox 1314 2496 1577 2563; x_wconf 78' lang='lat' dir='ltr'><strong>legebant,</strong></span> <span class='ocrx_word' id='word_1_222' title='bbox 1613 2509 1792 2563; x_wconf 82' lang='lat' dir='ltr'><strong>parum</strong></span> <span class='ocrx_word' id='word_1_223' title='bbox 1815 2508 2071 2545; x_wconf 82' lang='lat' dir='ltr'><strong>memores</strong></span> <span class='ocrx_word' id='word_1_224' title='bbox 2104 2501 2159 2546; x_wconf 85' lang='lat' dir='ltr'><strong>et</strong></span> <span class='ocrx_word' id='word_1_225' title='bbox 2187 2495 2276 2547; x_wconf 74' lang='lat' dir='ltr'><strong>liic.-</strong></span> <span class='ocrx_word' id='word_1_226' title='bbox 2301 2503 2356 2545; x_wconf 86' lang='lat' dir='ltr'><strong>et</strong></span> <span class='ocrx_word' id='word_1_227' title='bbox 2425 2511 2523 2546; x_wconf 79' lang='lat' dir='ltr'><strong>aec</strong></span> 
     </span>
     <span class='ocr_line' id='line_1_25' title="bbox 272 2562 2590 2635; baseline 0 -18"><span class='ocrx_word' id='word_1_228' title='bbox 272 2562 405 2617; x_wconf 84' lang='lat' dir='ltr'><strong>obex</strong></span> <span class='ocrx_word' id='word_1_229' title='bbox 439 2562 563 2615; x_wconf 87' lang='lat' dir='ltr'><strong>dici.</strong></span> <span class='ocrx_word' id='word_1_230' title='bbox 612 2568 836 2635; x_wconf 78' lang='lat' dir='ltr'><strong>(magno</strong></span> <span class='ocrx_word' id='word_1_231' title='bbox 864 2564 1028 2618; x_wconf 77' lang='lat' dir='ltr'><strong>Pulat.</strong></span> <span class='ocrx_word' id='word_1_232' title='bbox 1052 2574 1108 2617; x_wconf 83' lang='lat' dir='ltr'><strong>et</strong></span> <span class='ocrx_word' id='word_1_233' title='bbox 1134 2565 1186 2617; x_wconf 89' lang='grc'><strong>9.</strong></span> <span class='ocrx_word' id='word_1_234' title='bbox 1224 2566 1368 2631; x_wconf 74' lang='lat' dir='ltr'><strong>Wr.)</strong></span> <span class='ocrx_word' id='word_1_235' title='bbox 1416 2563 1674 2616; x_wconf 83' lang='lat' dir='ltr'><strong>Nonnulli</strong></span> <span class='ocrx_word' id='word_1_236' title='bbox 1702 2562 1837 2614; x_wconf 78' lang='lat' dir='ltr'><strong>adeo</strong></span> <span class='ocrx_word' id='word_1_237' title='bbox 1864 2565 2052 2635; x_wconf 76' lang='lat' dir='ltr'><strong>magni</strong></span> <span class='ocrx_word' id='word_1_238' title='bbox 2085 2564 2361 2616; x_wconf 81' lang='lat' dir='ltr'><strong>emendare</strong></span> <span class='ocrx_word' id='word_1_239' title='bbox 2393 2562 2522 2617; x_wconf 81' lang='lat' dir='ltr'><strong>ausi.</strong></span> <span class='ocrx_word' id='word_1_240' title='bbox 2574 2573 2590 2588; x_wconf 86' lang='grc'><em>“</em></span> 
     </span>
    </p>
   </div>
   <div class='ocr_carea' id='block_1_10' title="bbox 269 2632 559 2686">
    <p class='ocr_par' dir='ltr' id='par_1_10' title="bbox 269 2632 559 2686">
     <span class='ocr_line' id='line_1_26' title="bbox 269 2632 559 2686; baseline -0.003 0"><span class='ocrx_word' id='word_1_241' title='bbox 269 2632 377 2686; x_wconf 83' lang='lat' dir='ltr'><strong>vid.</strong></span> <span class='ocrx_word' id='word_1_242' title='bbox 410 2636 559 2685; x_wconf 80' lang='lat' dir='ltr'><strong>Serv.</strong></span> 
     </span>
    </p>
   </div>
   <div class='ocr_carea' id='block_1_11' title="bbox 270 2730 1357 2819">
    <p class='ocr_par' dir='ltr' id='par_1_11' title="bbox 270 2730 1357 2819">
     <span class='ocr_line' id='line_1_27' title="bbox 270 2730 1357 2819; baseline -0.002 -20"><span class='ocrx_word' id='word_1_243' title='bbox 270 2760 405 2799; x_wconf 86' lang='lat' dir='ltr'><strong>rum</strong></span> <span class='ocrx_word' id='word_1_244' title='bbox 434 2750 632 2797; x_wconf 87' lang='lat' dir='ltr'><strong>autem</strong></span> <span class='ocrx_word' id='word_1_245' title='bbox 660 2730 902 2819; x_wconf 66' lang='grc' dir='ltr'><strong>ἀπορία.</strong></span> <span class='ocrx_word' id='word_1_246' title='bbox 989 2743 1137 2805; x_wconf 83' lang='grc'><strong>368.</strong></span> <span class='ocrx_word' id='word_1_247' title='bbox 1174 2740 1357 2798; x_wconf 81' lang='lat' dir='ltr'><strong>Com-</strong></span> 
     </span>
    </p>
   </div>
   <div class='ocr_carea' id='block_1_12' title="bbox 268 2822 1353 3075">
    <p class='ocr_par' dir='ltr' id='par_1_12' title="bbox 268 2822 1353 3075">
     <span class='ocr_line' id='line_1_28' title="bbox 268 2822 1353 2907; baseline 0.003 -23"><span class='ocrx_word' id='word_1_248' title='bbox 268 2837 477 2907; x_wconf 86' lang='lat' dir='ltr'><strong>parant</strong></span> <span class='ocrx_word' id='word_1_249' title='bbox 544 2822 713 2883; x_wconf 84' lang='lat' dir='ltr'><strong>Iliad.</strong></span> <span class='ocrx_word' id='word_1_250' title='bbox 768 2849 845 2905; x_wconf 80' lang='grc' dir='ltr'><strong>μ,</strong></span> <span class='ocrx_word' id='word_1_251' title='bbox 902 2828 1053 2891; x_wconf 82' lang='grc'><strong>267.</strong></span> <span class='ocrx_word' id='word_1_252' title='bbox 1094 2829 1245 2892; x_wconf 76' lang='grc'><strong>268.</strong></span> <span class='ocrx_word' id='word_1_253' title='bbox 1298 2826 1353 2903; x_wconf 80' lang='grc' dir='ltr'><strong>ὅ,</strong></span> 
     </span>
     <span class='ocr_line' id='line_1_29' title="bbox 270 2908 593 2977; baseline -0.022 0"><span class='ocrx_word' id='word_1_254' title='bbox 270 2916 416 2977; x_wconf 86' lang='grc'><strong>282.</strong></span> <span class='ocrx_word' id='word_1_255' title='bbox 444 2908 593 2975; x_wconf 86' lang='grc'><strong>240.</strong></span> 
     </span>
     <span class='ocr_line' id='line_1_30' title="bbox 355 2994 1353 3075; baseline 0.001 -21"><span class='ocrx_word' id='word_1_256' title='bbox 355 3000 504 3061; x_wconf 87' lang='grc'><strong>369.</strong></span> <span class='ocrx_word' id='word_1_257' title='bbox 588 2995 785 3054; x_wconf 83' lang='lat' dir='ltr'><strong>Oratio</strong></span> <span class='ocrx_word' id='word_1_258' title='bbox 839 2994 1115 3055; x_wconf 83' lang='lat' dir='ltr'><strong>Pallantis</strong></span> <span class='ocrx_word' id='word_1_259' title='bbox 1183 2996 1353 3075; x_wconf 72' lang='lat' dir='ltr'><strong>plena</strong></span> 
     </span>
    </p>
   </div>
   <div class='ocr_carea' id='block_1_13' title="bbox 268 3079 1357 4448">
    <p class='ocr_par' dir='ltr' id='par_1_13' title="bbox 268 3079 1357 4448">
     <span class='ocr_line' id='line_1_31' title="bbox 268 3079 1355 3162; baseline 0 -21"><span class='ocrx_word' id='word_1_260' title='bbox 268 3082 519 3143; x_wconf 80' lang='lat' dir='ltr'><strong>fiduciae</strong></span> <span class='ocrx_word' id='word_1_261' title='bbox 544 3092 603 3141; x_wconf 89' lang='lat' dir='ltr'><strong>et</strong></span> <span class='ocrx_word' id='word_1_262' title='bbox 629 3079 1061 3160; x_wconf 79' lang='lat' dir='ltr'><strong>indignationis,</strong></span> <span class='ocrx_word' id='word_1_263' title='bbox 1084 3080 1187 3141; x_wconf 86' lang='lat' dir='ltr'><strong>sed</strong></span> <span class='ocrx_word' id='word_1_264' title='bbox 1206 3101 1355 3162; x_wconf 85' lang='lat' dir='ltr'><strong>qua-</strong></span> 
     </span>
     <span class='ocr_line' id='line_1_32' title="bbox 269 3166 1357 3250; baseline -0.001 -23"><span class='ocrx_word' id='word_1_265' title='bbox 269 3170 339 3228; x_wconf 86' lang='lat' dir='ltr'><strong>lis</strong></span> <span class='ocrx_word' id='word_1_266' title='bbox 380 3171 656 3227; x_wconf 81' lang='lat' dir='ltr'><strong>iuvenem</strong></span> <span class='ocrx_word' id='word_1_267' title='bbox 670 3212 687 3239; x_wconf 89' lang='lat'>‚</span> <span class='ocrx_word' id='word_1_268' title='bbox 748 3170 851 3248; x_wconf 85' lang='lat' dir='ltr'><strong>qui</strong></span> <span class='ocrx_word' id='word_1_269' title='bbox 903 3166 1173 3225; x_wconf 86' lang='lat' dir='ltr'><strong>nondum</strong></span> <span class='ocrx_word' id='word_1_270' title='bbox 1213 3187 1357 3250; x_wconf 85' lang='lat' dir='ltr'><strong>pro-</strong></span> 
     </span>
     <span class='ocr_line' id='line_1_33' title="bbox 268 3251 1354 3336; baseline 0 -23"><span class='ocrx_word' id='word_1_271' title='bbox 268 3257 459 3336; x_wconf 85' lang='lat' dir='ltr'><strong>priam</strong></span> <span class='ocrx_word' id='word_1_272' title='bbox 512 3252 751 3313; x_wconf 79' lang='lat' dir='ltr'><strong>laudem</strong></span> <span class='ocrx_word' id='word_1_273' title='bbox 805 3251 1055 3313; x_wconf 83' lang='lat' dir='ltr'><strong>habebat</strong></span> <span class='ocrx_word' id='word_1_274' title='bbox 1068 3297 1085 3328; x_wconf 91' lang='lat'><strong>,</strong></span> <span class='ocrx_word' id='word_1_275' title='bbox 1150 3252 1354 3313; x_wconf 80' lang='lat' dir='ltr'>decere</span> 
     </span>
     <span class='ocr_line' id='line_1_34' title="bbox 269 3339 1356 3421; baseline 0 -22"><span class='ocrx_word' id='word_1_276' title='bbox 269 3350 515 3421; x_wconf 87' lang='lat' dir='ltr'><strong>poterat.</strong></span> <span class='ocrx_word' id='word_1_277' title='bbox 599 3339 729 3417; x_wconf 92' lang='lat' dir='ltr'><strong>(De</strong></span> <span class='ocrx_word' id='word_1_278' title='bbox 772 3350 1054 3398; x_wconf 80' lang='lat' dir='ltr'><strong>structura</strong></span> <span class='ocrx_word' id='word_1_279' title='bbox 1083 3342 1356 3399; x_wconf 83' lang='lat' dir='ltr'><strong>orationis</strong></span> 
     </span>
     <span class='ocr_line' id='line_1_35' title="bbox 269 3422 1355 3507; baseline 0 -22"><span class='ocrx_word' id='word_1_280' title='bbox 269 3448 355 3485; x_wconf 83' lang='lat' dir='ltr'><strong>vs.</strong></span> <span class='ocrx_word' id='word_1_281' title='bbox 386 3430 513 3491; x_wconf 81' lang='grc'><strong>869</strong></span> <span class='ocrx_word' id='word_1_282' title='bbox 540 3446 629 3507; x_wconf 88' lang='lat' dir='ltr'><strong>sq.</strong></span> <span class='ocrx_word' id='word_1_283' title='bbox 657 3422 777 3485; x_wconf 82' lang='lat' dir='ltr'><strong>vid.</strong></span> <span class='ocrx_word' id='word_1_284' title='bbox 806 3426 877 3484; x_wconf 88' lang='lat' dir='ltr'><strong>V.</strong></span> <span class='ocrx_word' id='word_1_285' title='bbox 904 3428 977 3485; x_wconf 83' lang='lat' dir='ltr'><strong>L.</strong></span> <span class='ocrx_word' id='word_1_286' title='bbox 1006 3424 1083 3485; x_wconf 83' lang='lat' dir='ltr'><strong>ad</strong></span> <span class='ocrx_word' id='word_1_287' title='bbox 1110 3429 1355 3489; x_wconf 79' lang='lat' dir='ltr'><strong>vs.370.</strong></span> 
     </span>
     <span class='ocr_line' id='line_1_36' title="bbox 278 3509 1353 3591; baseline 0 -21"><span class='ocrx_word' id='word_1_288' title='bbox 278 3512 457 3591; x_wconf 80' lang='lat' dir='ltr'><strong>Wr.)</strong></span> <span class='ocrx_word' id='word_1_289' title='bbox 502 3512 739 3570; x_wconf 71' lang='lat' dir='ltr'><strong>devicta</strong></span> <span class='ocrx_word' id='word_1_290' title='bbox 778 3509 939 3569; x_wconf 80' lang='lat' dir='ltr'><strong>bella</strong></span> <span class='ocrx_word' id='word_1_291' title='bbox 985 3530 1139 3571; x_wconf 81' lang='lat' dir='ltr'><strong>nove</strong></span> <span class='ocrx_word' id='word_1_292' title='bbox 1166 3510 1353 3570; x_wconf 77' lang='lat' dir='ltr'><strong>dixit:</strong></span> 
     </span>
     <span class='ocr_line' id='line_1_37' title="bbox 270 3596 1357 3677; baseline 0.001 -23"><span class='ocrx_word' id='word_1_293' title='bbox 270 3608 337 3656; x_wconf 88' lang='lat' dir='ltr'><strong>nt</strong></span> <span class='ocrx_word' id='word_1_294' title='bbox 390 3608 651 3677; x_wconf 83' lang='lat' dir='ltr'><strong>pugnata</strong></span> <span class='ocrx_word' id='word_1_295' title='bbox 727 3597 881 3656; x_wconf 87' lang='lat' dir='ltr'><strong>bella</strong></span> <span class='ocrx_word' id='word_1_296' title='bbox 909 3640 925 3672; x_wconf 91' lang='lat'>‚</span> <span class='ocrx_word' id='word_1_297' title='bbox 1006 3596 1357 3677; x_wconf 85' lang='lat' dir='ltr'><strong>depugnata.</strong></span> 
     </span>
     <span class='ocr_line' id='line_1_38' title="bbox 271 3681 1356 3759; baseline -0.006 -13"><span class='ocrx_word' id='word_1_298' title='bbox 271 3686 419 3747; x_wconf 81' lang='lat'><strong>371.</strong></span> <span class='ocrx_word' id='word_1_299' title='bbox 460 3681 623 3742; x_wconf 76' lang='lat' dir='ltr'><strong>subit</strong></span> <span class='ocrx_word' id='word_1_300' title='bbox 652 3724 677 3754; x_wconf 91' lang='lat'><em>,</em></span> <span class='ocrx_word' id='word_1_301' title='bbox 738 3681 995 3743; x_wconf 79' lang='lat' dir='ltr'><strong>succedit</strong></span> <span class='ocrx_word' id='word_1_302' title='bbox 1018 3728 1037 3759; x_wconf 87' lang='lat'>‚</span> <span class='ocrx_word' id='word_1_303' title='bbox 1110 3682 1356 3741; x_wconf 77' lang='lat' dir='ltr'><strong>aemula</strong></span> 
     </span>
     <span class='ocr_line' id='line_1_39' title="bbox 270 3767 1355 3849; baseline 0.003 -25"><span class='ocrx_word' id='word_1_304' title='bbox 270 3767 449 3825; x_wconf 75' lang='lat' dir='ltr'><strong>laudi</strong></span> <span class='ocrx_word' id='word_1_305' title='bbox 478 3810 507 3838; x_wconf 88' lang='lat'><em>,</em></span> <span class='ocrx_word' id='word_1_306' title='bbox 566 3787 680 3849; x_wconf 84' lang='lat' dir='ltr'><strong>qua</strong></span> <span class='ocrx_word' id='word_1_307' title='bbox 720 3770 995 3829; x_wconf 82' lang='lat' dir='ltr'><strong>virtutem</strong></span> <span class='ocrx_word' id='word_1_308' title='bbox 1050 3780 1355 3848; x_wconf 83' lang='lat' dir='ltr'><strong>paternam</strong></span> 
     </span>
     <span class='ocr_line' id='line_1_40' title="bbox 272 3852 1356 3932; baseline 0.001 -22"><span class='ocrx_word' id='word_1_309' title='bbox 272 3871 385 3931; x_wconf 86' lang='lat' dir='ltr'><strong>ego</strong></span> <span class='ocrx_word' id='word_1_310' title='bbox 414 3856 693 3912; x_wconf 86' lang='lat' dir='ltr'><strong>aemulor.</strong></span> <span class='ocrx_word' id='word_1_311' title='bbox 780 3852 928 3918; x_wconf 85' lang='lat'><strong>374.</strong></span> <span class='ocrx_word' id='word_1_312' title='bbox 957 3854 1077 3911; x_wconf 79' lang='lat' dir='ltr'><strong>liae</strong></span> <span class='ocrx_word' id='word_1_313' title='bbox 1107 3875 1211 3914; x_wconf 75' lang='lat' dir='ltr'><strong>vos</strong></span> <span class='ocrx_word' id='word_1_314' title='bbox 1228 3876 1356 3932; x_wconf 81' lang='lat' dir='ltr'><strong>pa-</strong></span> 
     </span>
     <span class='ocr_line' id='line_1_41' title="bbox 272 3936 1357 4019; baseline 0.004 -25"><span class='ocrx_word' id='word_1_315' title='bbox 272 3940 395 3995; x_wconf 78' lang='lat' dir='ltr'><strong>tria</strong></span> <span class='ocrx_word' id='word_1_316' title='bbox 432 3936 567 3995; x_wconf 79' lang='lat' dir='ltr'><strong>alta</strong></span> <span class='ocrx_word' id='word_1_317' title='bbox 608 3941 861 4016; x_wconf 82' lang='lat' dir='ltr'><strong>reposcit</strong></span> <span class='ocrx_word' id='word_1_318' title='bbox 872 3963 899 4013; x_wconf 92' lang='lat'><strong>,·</strong></span> <span class='ocrx_word' id='word_1_319' title='bbox 958 3951 1062 3999; x_wconf 75' lang='lat' dir='ltr'><strong>aut</strong></span> <span class='ocrx_word' id='word_1_320' title='bbox 1088 3960 1215 4019; x_wconf 90' lang='lat' dir='ltr'><strong>pr0,</strong></span> <span class='ocrx_word' id='word_1_321' title='bbox 1238 3961 1357 4018; x_wconf 86' lang='lat' dir='ltr'><strong>po·-</strong></span> 
     </span>
     <span class='ocr_line' id='line_1_42' title="bbox 270 4024 1356 4100; baseline 0.002 -17"><span class='ocrx_word' id='word_1_322' title='bbox 270 4026 403 4099; x_wconf 68' lang='lat' dir='ltr'><strong>coit,</strong></span> <span class='ocrx_word' id='word_1_323' title='bbox 430 4034 498 4081; x_wconf 88' lang='lat' dir='ltr'><strong>ut</strong></span> <span class='ocrx_word' id='word_1_324' title='bbox 526 4044 609 4085; x_wconf 72' lang='lat' dir='ltr'><strong>eo.</strong></span> <span class='ocrx_word' id='word_1_325' title='bbox 622 4026 873 4085; x_wconf 75' lang='lat' dir='ltr'><strong>subeatis</strong></span> <span class='ocrx_word' id='word_1_326' title='bbox 888 4070 905 4100; x_wconf 88' lang='lat'>‚</span> <span class='ocrx_word' id='word_1_327' title='bbox 932 4026 1217 4085; x_wconf 78' lang='lat' dir='ltr'><strong>invadatis</strong></span> <span class='ocrx_word' id='word_1_328' title='bbox 1240 4024 1356 4085; x_wconf 87' lang='lat' dir='ltr'><strong>lio-</strong></span> 
     </span>
     <span class='ocr_line' id='line_1_43' title="bbox 269 4110 1357 4190; baseline 0.001 -20"><span class='ocrx_word' id='word_1_329' title='bbox 269 4121 451 4184; x_wconf 82' lang='lat' dir='ltr'><strong>stein3</strong></span> <span class='ocrx_word' id='word_1_330' title='bbox 480 4120 581 4168; x_wconf 87' lang='lat' dir='ltr'><strong>aut</strong></span> <span class='ocrx_word' id='word_1_331' title='bbox 608 4113 887 4187; x_wconf 80' lang='lat' dir='ltr'><strong>reposcit,</strong></span> <span class='ocrx_word' id='word_1_332' title='bbox 931 4112 1023 4169; x_wconf 82' lang='lat' dir='ltr'><strong>vel</strong></span> <span class='ocrx_word' id='word_1_333' title='bbox 1064 4123 1130 4170; x_wconf 90' lang='lat' dir='ltr'><strong>ut</strong></span> <span class='ocrx_word' id='word_1_334' title='bbox 1158 4132 1191 4169; x_wconf 91' lang='lat' dir='ltr'><strong>e</strong></span> <span class='ocrx_word' id='word_1_335' title='bbox 1216 4110 1357 4190; x_wconf 83' lang='lat' dir='ltr'><strong>fuga</strong></span> 
     </span>
     <span class='ocr_line' id='line_1_44' title="bbox 270 4195 1356 4272; baseline 0 -17"><span class='ocrx_word' id='word_1_336' title='bbox 270 4198 535 4255; x_wconf 81' lang='lat' dir='ltr'><strong>conversi</strong></span> <span class='ocrx_word' id='word_1_337' title='bbox 564 4214 633 4253; x_wconf 87' lang='lat' dir='ltr'><strong>eo</strong></span> <span class='ocrx_word' id='word_1_338' title='bbox 660 4196 911 4255; x_wconf 83' lang='lat' dir='ltr'><strong>subeatis</strong></span> <span class='ocrx_word' id='word_1_339' title='bbox 927 4240 945 4272; x_wconf 86' lang='lat'><strong>,</strong></span> <span class='ocrx_word' id='word_1_340' title='bbox 987 4208 1089 4257; x_wconf 84' lang='lat' dir='ltr'><strong>aut</strong></span> <span class='ocrx_word' id='word_1_341' title='bbox 1128 4208 1193 4255; x_wconf 92' lang='lat' dir='ltr'><strong>ut</strong></span> <span class='ocrx_word' id='word_1_342' title='bbox 1220 4195 1356 4255; x_wconf 86' lang='lat' dir='ltr'><strong>inde</strong></span> 
     </span>
     <span class='ocr_line' id='line_1_45' title="bbox 269 4280 1357 4359; baseline 0.004 -20"><span class='ocrx_word' id='word_1_343' title='bbox 269 4283 517 4341; x_wconf 85' lang='lat' dir='ltr'><strong>victores</strong></span> <span class='ocrx_word' id='word_1_344' title='bbox 591 4282 794 4359; x_wconf 80' lang='lat' dir='ltr'><strong>fugato</strong></span> <span class='ocrx_word' id='word_1_345' title='bbox 867 4280 1033 4341; x_wconf 84' lang='lat' dir='ltr'><strong>hoste</strong></span> <span class='ocrx_word' id='word_1_346' title='bbox 1090 4281 1357 4343; x_wconf 81' lang='lat' dir='ltr'><strong>redeatis.</strong></span> 
     </span>
     <span class='ocr_line' id='line_1_46' title="bbox 270 4368 1356 4448; baseline 0.003 -24"><span class='ocrx_word' id='word_1_347' title='bbox 270 4368 397 4426; x_wconf 85' lang='lat' dir='ltr'><strong>Hoc</strong></span> <span class='ocrx_word' id='word_1_348' title='bbox 454 4376 818 4446; x_wconf 80' lang='lat' dir='ltr'><strong>postremum</strong></span> <span class='ocrx_word' id='word_1_349' title='bbox 872 4369 1021 4428; x_wconf 79' lang='lat' dir='ltr'><strong>forte</strong></span> <span class='ocrx_word' id='word_1_350' title='bbox 1087 4378 1356 4448; x_wconf 83' lang='lat' dir='ltr'><strong>praestat.</strong></span> 
     </span>
    </p>
   </div>
   <div class='ocr_carea' id='block_1_14' title="bbox 271 4453 1355 4533">
    <p class='ocr_par' dir='ltr' id='par_1_14' title="bbox 271 4453 1355 4533">
     <span class='ocr_line' id='line_1_47' title="bbox 271 4453 1355 4533; baseline 0.001 -21"><span class='ocrx_word' id='word_1_351' title='bbox 271 4454 415 4519; x_wconf 79' lang='lat'><strong>875.</strong></span> <span class='ocrx_word' id='word_1_352' title='bbox 472 4454 830 4533; x_wconf 73' lang='lat' dir='ltr'><strong>Compar-ant</strong></span> <span class='ocrx_word' id='word_1_353' title='bbox 870 4453 1033 4514; x_wconf 82' lang='lat' dir='ltr'><strong>Iliad.</strong></span> <span class='ocrx_word' id='word_1_354' title='bbox 1078 4476 1129 4533; x_wconf 88' lang='grc' dir='ltr'><strong><em>φ</em></strong></span> <span class='ocrx_word' id='word_1_355' title='bbox 1142 4502 1165 4531; x_wconf 88' lang='lat'><em>,</em></span> <span class='ocrx_word' id='word_1_356' title='bbox 1208 4454 1355 4521; x_wconf 81' lang='grc'><strong>568.</strong></span> 
     </span>
    </p>
   </div>
   <div class='ocr_carea' id='block_1_15' title="bbox 1435 2734 2590 4529">
    <p class='ocr_par' dir='ltr' id='par_1_15' title="bbox 1435 2734 2590 4529">
     <span class='ocr_line' id='line_1_48' title="bbox 1438 2734 2522 2815; baseline -0.005 -12"><span class='ocrx_word' id='word_1_357' title='bbox 1438 2738 1585 2811; x_wconf 85' lang='grc'><strong>569,</strong></span> <span class='ocrx_word' id='word_1_358' title='bbox 1629 2748 1688 2797; x_wconf 86' lang='lat' dir='ltr'><strong>et</strong></span> <span class='ocrx_word' id='word_1_359' title='bbox 1715 2735 1790 2796; x_wconf 89' lang='lat' dir='ltr'><strong>ad</strong></span> <span class='ocrx_word' id='word_1_360' title='bbox 1831 2758 1890 2797; x_wconf 80' lang='lat' dir='ltr'><strong>v.</strong></span> <span class='ocrx_word' id='word_1_361' title='bbox 1931 2742 2059 2803; x_wconf 82' lang='lat'><strong>376</strong></span> <span class='ocrx_word' id='word_1_362' title='bbox 2089 2738 2254 2797; x_wconf 80' lang='lat' dir='ltr'><strong>mad.</strong></span> <span class='ocrx_word' id='word_1_363' title='bbox 2283 2762 2344 2815; x_wconf 80' lang='lat' dir='ltr'><strong>v,</strong></span> <span class='ocrx_word' id='word_1_364' title='bbox 2373 2734 2522 2803; x_wconf 81' lang='lat'><strong>814.</strong></span> 
     </span>
     <span class='ocr_line' id='line_1_49' title="bbox 1438 2822 2524 2902; baseline -0.003 -18"><span class='ocrx_word' id='word_1_365' title='bbox 1438 2827 1586 2888; x_wconf 81' lang='lat'><strong>377.</strong></span> <span class='ocrx_word' id='word_1_366' title='bbox 1633 2824 1722 2882; x_wconf 81' lang='lat' dir='ltr'><strong>Cf.</strong></span> <span class='ocrx_word' id='word_1_367' title='bbox 1767 2825 2000 2902; x_wconf 82' lang='lat' dir='ltr'><strong>egregia</strong></span> <span class='ocrx_word' id='word_1_368' title='bbox 2042 2822 2196 2881; x_wconf 78' lang='lat' dir='ltr'><strong>diota</strong></span> <span class='ocrx_word' id='word_1_369' title='bbox 2236 2825 2426 2881; x_wconf 84' lang='lat' dir='ltr'><strong>Aiacis</strong></span> <span class='ocrx_word' id='word_1_370' title='bbox 2452 2824 2524 2881; x_wconf 82' lang='grc' dir='ltr'><strong>ΙΙ.</strong></span> 
     </span>
     <span class='ocr_line' id='line_1_50' title="bbox 1439 2907 2526 2990; baseline -0.004 -22"><span class='ocrx_word' id='word_1_371' title='bbox 1439 2912 1505 2983; x_wconf 80' lang='lat' dir='ltr'><strong>o,</strong></span> <span class='ocrx_word' id='word_1_372' title='bbox 1559 2908 1685 2975; x_wconf 84' lang='lat'><strong>504</strong></span> <span class='ocrx_word' id='word_1_373' title='bbox 1725 2930 1854 2990; x_wconf 88' lang='lat' dir='ltr'><strong>sqq.</strong></span> <span class='ocrx_word' id='word_1_374' title='bbox 1906 2920 1964 2967; x_wconf 89' lang='lat' dir='ltr'><strong>et</strong></span> <span class='ocrx_word' id='word_1_375' title='bbox 2007 2909 2186 2967; x_wconf 88' lang='lat' dir='ltr'><strong>altera</strong></span> <span class='ocrx_word' id='word_1_376' title='bbox 2229 2907 2376 2972; x_wconf 82' lang='lat'><strong>734.</strong></span> <span class='ocrx_word' id='word_1_377' title='bbox 2421 2908 2526 2965; x_wconf 89' lang='lat' dir='ltr'><strong>ubi</strong></span> 
     </span>
     <span class='ocr_line' id='line_1_51' title="bbox 1436 2987 2523 3079; baseline 0.001 -26"><span class='ocrx_word' id='word_1_378' title='bbox 1436 3014 1678 3054; x_wconf 88' lang='lat' dir='ltr'><strong>mecum</strong></span> <span class='ocrx_word' id='word_1_379' title='bbox 1717 2994 2005 3055; x_wconf 82' lang='lat' dir='ltr'><strong>mirabere</strong></span> <span class='ocrx_word' id='word_1_380' title='bbox 2045 3014 2128 3055; x_wconf 79' lang='lat' dir='ltr'><strong>vs.</strong></span> <span class='ocrx_word' id='word_1_381' title='bbox 2159 2990 2286 3058; x_wconf 82' lang='lat'><strong>740</strong></span> <span class='ocrx_word' id='word_1_382' title='bbox 2321 2987 2523 3079; x_wconf 69' lang='grc' dir='ltr'><strong><em>πόντῳ</em></strong></span> 
     </span>
     <span class='ocr_line' id='line_1_52' title="bbox 1435 3078 2526 3162; baseline -0.006 -19"><span class='ocrx_word' id='word_1_383' title='bbox 1435 3078 1774 3160; x_wconf 72' lang='grc' dir='ltr'><strong>κεκλιμένοι</strong></span> <span class='ocrx_word' id='word_1_384' title='bbox 1802 3100 1839 3139; x_wconf 82' lang='lat' dir='ltr'><strong>a</strong></span> <span class='ocrx_word' id='word_1_385' title='bbox 1864 3091 2040 3162; x_wconf 82' lang='lat' dir='ltr'><strong>poeta</strong></span> <span class='ocrx_word' id='word_1_386' title='bbox 2080 3081 2300 3159; x_wconf 82' lang='lat' dir='ltr'><strong>accipi,</strong></span> <span class='ocrx_word' id='word_1_387' title='bbox 2333 3088 2526 3157; x_wconf 81' lang='lat' dir='ltr'><strong>ponto</strong></span> 
     </span>
     <span class='ocr_line' id='line_1_53' title="bbox 1440 3162 2526 3226; baseline -0.002 -3"><span class='ocrx_word' id='word_1_388' title='bbox 1440 3165 1656 3226; x_wconf 76' lang='lat' dir='ltr'><strong>clausi.</strong></span> <span class='ocrx_word' id='word_1_389' title='bbox 1712 3170 1866 3226; x_wconf 83' lang='lat' dir='ltr'><strong>Nam</strong></span> <span class='ocrx_word' id='word_1_390' title='bbox 1893 3168 2096 3226; x_wconf 81' lang='lat' dir='ltr'><strong>vertit:</strong></span> <span class='ocrx_word' id='word_1_391' title='bbox 2127 3166 2316 3223; x_wconf 77' lang='lat' dir='ltr'><strong>maris</strong></span> <span class='ocrx_word' id='word_1_392' title='bbox 2351 3162 2526 3223; x_wconf 79' lang='lat' dir='ltr'><strong>clau-</strong></span> 
     </span>
     <span class='ocr_line' id='line_1_54' title="bbox 1438 3249 2524 3333; baseline -0.002 -22"><span class='ocrx_word' id='word_1_393' title='bbox 1438 3251 1535 3311; x_wconf 76' lang='lat' dir='ltr'><strong>dit</strong></span> <span class='ocrx_word' id='word_1_394' title='bbox 1576 3273 1684 3311; x_wconf 81' lang='lat' dir='ltr'><strong>nos</strong></span> <span class='ocrx_word' id='word_1_395' title='bbox 1739 3251 1928 3311; x_wconf 79' lang='lat' dir='ltr'><strong>obiice</strong></span> <span class='ocrx_word' id='word_1_396' title='bbox 1969 3262 2219 3330; x_wconf 79' lang='lat' dir='ltr'><strong>pontus.</strong></span> <span class='ocrx_word' id='word_1_397' title='bbox 2287 3249 2361 3310; x_wconf 83' lang='lat' dir='ltr'><strong>de</strong></span> <span class='ocrx_word' id='word_1_398' title='bbox 2405 3270 2524 3333; x_wconf 90' lang='lat' dir='ltr'><strong>quo</strong></span> 
     </span>
     <span class='ocr_line' id='line_1_55' title="bbox 1436 3334 2528 3414; baseline -0.002 -17"><span class='ocrx_word' id='word_1_399' title='bbox 1436 3358 1597 3397; x_wconf 87' lang='lat' dir='ltr'><strong>nunc</strong></span> <span class='ocrx_word' id='word_1_400' title='bbox 1625 3338 1761 3399; x_wconf 78' lang='lat' dir='ltr'><strong>vide</strong></span> <span class='ocrx_word' id='word_1_401' title='bbox 1791 3340 1954 3397; x_wconf 85' lang='lat' dir='ltr'><strong>Obss.</strong></span> <span class='ocrx_word' id='word_1_402' title='bbox 1975 3336 2134 3405; x_wconf 76' lang='lat' dir='ltr'><strong>ade.</strong></span> <span class='ocrx_word' id='word_1_403' title='bbox 2163 3340 2204 3396; x_wconf 90' lang='lat' dir='ltr'><strong>l.</strong></span> <span class='ocrx_word' id='word_1_404' title='bbox 2235 3334 2351 3414; x_wconf 86' lang='lat' dir='ltr'><strong>(Ne</strong></span> <span class='ocrx_word' id='word_1_405' title='bbox 2379 3337 2528 3396; x_wconf 83' lang='lat' dir='ltr'><strong>forte</strong></span> 
     </span>
     <span class='ocr_line' id='line_1_56' title="bbox 1438 3422 2522 3498; baseline 0 -15"><span class='ocrx_word' id='word_1_406' title='bbox 1438 3426 1538 3483; x_wconf 87' lang='lat' dir='ltr'><strong>cui</strong></span> <span class='ocrx_word' id='word_1_407' title='bbox 1565 3422 1680 3483; x_wconf 84' lang='lat' dir='ltr'><strong>lioc</strong></span> <span class='ocrx_word' id='word_1_408' title='bbox 1713 3428 1794 3485; x_wconf 82' lang='lat' dir='ltr'><strong>ita</strong></span> <span class='ocrx_word' id='word_1_409' title='bbox 1823 3423 2046 3483; x_wconf 87' lang='lat' dir='ltr'><strong>dictum</strong></span> <span class='ocrx_word' id='word_1_410' title='bbox 2073 3422 2373 3498; x_wconf 80' lang='lat' dir='ltr'><strong>videatur,</strong></span> <span class='ocrx_word' id='word_1_411' title='bbox 2421 3434 2522 3483; x_wconf 72' lang='lat' dir='ltr'><strong>uti</strong></span> 
     </span>
     <span class='ocr_line' id='line_1_57' title="bbox 1437 3508 2528 3571; baseline 0.002 -4"><span class='ocrx_word' id='word_1_412' title='bbox 1437 3529 1603 3568; x_wconf 85' lang='lat' dir='ltr'><strong>mare</strong></span> <span class='ocrx_word' id='word_1_413' title='bbox 1633 3531 1740 3569; x_wconf 88' lang='lat' dir='ltr'><strong>nos</strong></span> <span class='ocrx_word' id='word_1_414' title='bbox 1767 3508 2184 3571; x_wconf 81' lang='lat' dir='ltr'><strong>mariolaudit:</strong></span> <span class='ocrx_word' id='word_1_415' title='bbox 2215 3530 2336 3569; x_wconf 88' lang='lat' dir='ltr'><strong>iion</strong></span> <span class='ocrx_word' id='word_1_416' title='bbox 2365 3508 2528 3569; x_wconf 85' lang='lat' dir='ltr'><strong>idem</strong></span> 
     </span>
     <span class='ocr_line' id='line_1_58' title="bbox 1444 3598 2530 3679; baseline 0 -24"><span class='ocrx_word' id='word_1_417' title='bbox 1444 3606 1530 3655; x_wconf 87' lang='lat' dir='ltr'><strong>est</strong></span> <span class='ocrx_word' id='word_1_418' title='bbox 1555 3616 1736 3670; x_wconf 85' lang='lat' dir='ltr'><strong>mare,</strong></span> <span class='ocrx_word' id='word_1_419' title='bbox 1763 3608 1994 3676; x_wconf 86' lang='lat' dir='ltr'><strong>pontus,</strong></span> <span class='ocrx_word' id='word_1_420' title='bbox 2010 3598 2284 3677; x_wconf 69' lang='lat' dir='ltr'><strong>pelagust,</strong></span> <span class='ocrx_word' id='word_1_421' title='bbox 2316 3616 2530 3679; x_wconf 90' lang='lat' dir='ltr'><strong>quam-</strong></span> 
     </span>
     <span class='ocr_line' id='line_1_59' title="bbox 1440 3683 2529 3765; baseline 0.004 -26"><span class='ocrx_word' id='word_1_422' title='bbox 1440 3702 1624 3763; x_wconf 84' lang='lat' dir='ltr'><strong>quain</strong></span> <span class='ocrx_word' id='word_1_423' title='bbox 1665 3702 1788 3741; x_wconf 89' lang='lat' dir='ltr'><strong>non</strong></span> <span class='ocrx_word' id='word_1_424' title='bbox 1831 3683 2048 3765; x_wconf 88' lang='lat' dir='ltr'><strong>ubique</strong></span> <span class='ocrx_word' id='word_1_425' title='bbox 2099 3694 2290 3741; x_wconf 82' lang='lat' dir='ltr'><strong>certae</strong></span> <span class='ocrx_word' id='word_1_426' title='bbox 2345 3704 2529 3765; x_wconf 75' lang='lat' dir='ltr'><strong>quae-</strong></span> 
     </span>
     <span class='ocr_line' id='line_1_60' title="bbox 1442 3766 2530 3851; baseline 0 -24"><span class='ocrx_word' id='word_1_427' title='bbox 1442 3767 1582 3827; x_wconf 78' lang='lat' dir='ltr'><strong>dam</strong></span> <span class='ocrx_word' id='word_1_428' title='bbox 1609 3766 1950 3827; x_wconf 89' lang='lat' dir='ltr'><strong>discriminis</strong></span> <span class='ocrx_word' id='word_1_429' title='bbox 1979 3779 2154 3827; x_wconf 84' lang='lat' dir='ltr'><strong>notae</strong></span> <span class='ocrx_word' id='word_1_430' title='bbox 2181 3768 2340 3849; x_wconf 87' lang='lat' dir='ltr'><strong>apud</strong></span> <span class='ocrx_word' id='word_1_431' title='bbox 2381 3790 2530 3851; x_wconf 86' lang='lat' dir='ltr'><strong>poe-</strong></span> 
     </span>
     <span class='ocr_line' id='line_1_61' title="bbox 1438 3853 2529 3934; baseline 0.004 -22"><span class='ocrx_word' id='word_1_432' title='bbox 1438 3866 1528 3912; x_wconf 83' lang='lat' dir='ltr'><strong>tas</strong></span> <span class='ocrx_word' id='word_1_433' title='bbox 1557 3853 1945 3934; x_wconf 84' lang='lat' dir='ltr'><strong>quaerendae.</strong></span> <span class='ocrx_word' id='word_1_434' title='bbox 1990 3857 2069 3913; x_wconf 89' lang='lat' dir='ltr'><strong>Ut</strong></span> <span class='ocrx_word' id='word_1_435' title='bbox 2095 3856 2273 3934; x_wconf 82' lang='lat' dir='ltr'><strong>igitur</strong></span> <span class='ocrx_word' id='word_1_436' title='bbox 2299 3858 2364 3915; x_wconf 87' lang='lat' dir='ltr'><strong>iii</strong></span> <span class='ocrx_word' id='word_1_437' title='bbox 2391 3858 2529 3915; x_wconf 85' lang='lat' dir='ltr'><strong>uni-</strong></span> 
     </span>
     <span class='ocr_line' id='line_1_62' title="bbox 1438 3938 2528 4021; baseline 0.005 -24"><span class='ocrx_word' id='word_1_438' title='bbox 1438 3960 1678 3999; x_wconf 81' lang='lat' dir='ltr'><strong>versum</strong></span> <span class='ocrx_word' id='word_1_439' title='bbox 1749 3938 1824 3999; x_wconf 91' lang='lat' dir='ltr'><strong>de</strong></span> <span class='ocrx_word' id='word_1_440' title='bbox 1899 3943 2248 4021; x_wconf 81' lang='lat' dir='ltr'><strong>proprietate</strong></span> <span class='ocrx_word' id='word_1_441' title='bbox 2312 3939 2528 4001; x_wconf 86' lang='lat' dir='ltr'><strong>horum</strong></span> 
     </span>
     <span class='ocr_line' id='line_1_63' title="bbox 1440 4024 2528 4101; baseline 0 -16"><span class='ocrx_word' id='word_1_442' title='bbox 1440 4045 1604 4085; x_wconf 80' lang='lat' dir='ltr'><strong>voce.</strong></span> <span class='ocrx_word' id='word_1_443' title='bbox 1663 4036 1918 4101; x_wconf 87' lang='lat' dir='ltr'><strong>constet,</strong></span> <span class='ocrx_word' id='word_1_444' title='bbox 1989 4024 2135 4087; x_wconf 85' lang='lat' dir='ltr'><strong>haec</strong></span> <span class='ocrx_word' id='word_1_445' title='bbox 2193 4039 2364 4087; x_wconf 87' lang='lat' dir='ltr'><strong>erunt</strong></span> <span class='ocrx_word' id='word_1_446' title='bbox 2433 4040 2528 4087; x_wconf 89' lang='lat' dir='ltr'><strong>te-</strong></span> 
     </span>
     <span class='ocr_line' id='line_1_64' title="bbox 1440 4108 2564 4189; baseline 0.004 -19"><span class='ocrx_word' id='word_1_447' title='bbox 1440 4111 1666 4171; x_wconf 70' lang='lat' dir='ltr'><strong>nendaz</strong></span> <span class='ocrx_word' id='word_1_448' title='bbox 1721 4114 1960 4187; x_wconf 83' lang='lat' dir='ltr'><strong>Mare,</strong></span> <span class='ocrx_word' id='word_1_449' title='bbox 2025 4109 2344 4189; x_wconf 75' lang='grc' dir='ltr'><em>θάλασσα,</em></span> <span class='ocrx_word' id='word_1_450' title='bbox 2401 4108 2564 4187; x_wconf 73' lang='grc' dir='ltr'><strong><em>ἅλς,’</em></strong></span> 
     </span>
     <span class='ocr_line' id='line_1_65' title="bbox 1440 4200 2590 4277; baseline -0.004 -20"><span class='ocrx_word' id='word_1_451' title='bbox 1440 4200 1794 4257; x_wconf 85' lang='lat' dir='ltr'><strong>contrarium</strong></span> <span class='ocrx_word' id='word_1_452' title='bbox 1823 4209 1908 4256; x_wconf 86' lang='lat' dir='ltr'><strong>est</strong></span> <span class='ocrx_word' id='word_1_453' title='bbox 1925 4242 1942 4273; x_wconf 91' lang='lat'>,</span> <span class='ocrx_word' id='word_1_454' title='bbox 1973 4210 2040 4257; x_wconf 91' lang='lat' dir='ltr'><strong>ut</strong></span> <span class='ocrx_word' id='word_1_455' title='bbox 2081 4201 2231 4277; x_wconf 83' lang='lat' dir='ltr'><strong>aeri,</strong></span> <span class='ocrx_word' id='word_1_456' title='bbox 2273 4201 2354 4257; x_wconf 89' lang='lat' dir='ltr'><strong>ita</strong></span> <span class='ocrx_word' id='word_1_457' title='bbox 2395 4218 2529 4256; x_wconf 81' lang='lat' dir='ltr'><strong>ma-</strong></span> <span class='ocrx_word' id='word_1_458' title='bbox 2583 4244 2590 4251; x_wconf 81' lang='lat'><strong>.</strong></span> 
     </span>
     <span class='ocr_line' id='line_1_66' title="bbox 1439 4282 2530 4361; baseline -0.003 -19"><span class='ocrx_word' id='word_1_459' title='bbox 1439 4286 1601 4342; x_wconf 83' lang='lat' dir='ltr'><strong>xime</strong></span> <span class='ocrx_word' id='word_1_460' title='bbox 1645 4295 1868 4358; x_wconf 80' lang='lat' dir='ltr'><strong>terrae3</strong></span> <span class='ocrx_word' id='word_1_461' title='bbox 1913 4282 2050 4343; x_wconf 88' lang='lat' dir='ltr'><strong>hinc</strong></span> <span class='ocrx_word' id='word_1_462' title='bbox 2091 4285 2278 4342; x_wconf 78' lang='lat' dir='ltr'><strong>inulta</strong></span> <span class='ocrx_word' id='word_1_463' title='bbox 2319 4286 2375 4340; x_wconf 91' lang='lat' dir='ltr'><strong>ei</strong></span> <span class='ocrx_word' id='word_1_464' title='bbox 2403 4284 2530 4361; x_wconf 91' lang='lat' dir='ltr'><strong>epi-</strong></span> 
     </span>
     <span class='ocr_line' id='line_1_67' title="bbox 1440 4366 2528 4448; baseline -0.002 -19"><span class='ocrx_word' id='word_1_465' title='bbox 1440 4366 1602 4429; x_wconf 84' lang='lat' dir='ltr'><strong>theta</strong></span> <span class='ocrx_word' id='word_1_466' title='bbox 1647 4370 2050 4448; x_wconf 86' lang='lat' dir='ltr'><strong>adiunguntur</strong></span> <span class='ocrx_word' id='word_1_467' title='bbox 2087 4379 2360 4427; x_wconf 86' lang='lat' dir='ltr'><strong>naturam</strong></span> <span class='ocrx_word' id='word_1_468' title='bbox 2405 4370 2528 4427; x_wconf 87' lang='lat' dir='ltr'><strong>eius</strong></span> 
     </span>
     <span class='ocr_line' id='line_1_68' title="bbox 1439 4454 2530 4529; baseline 0 -16"><span class='ocrx_word' id='word_1_469' title='bbox 1439 4465 1627 4515; x_wconf 82' lang='lat' dir='ltr'><strong>terrae</strong></span> <span class='ocrx_word' id='word_1_470' title='bbox 1656 4456 2006 4515; x_wconf 81' lang='lat' dir='ltr'><strong>contrariam</strong></span> <span class='ocrx_word' id='word_1_471' title='bbox 2046 4454 2398 4529; x_wconf 71' lang='lat' dir='ltr'><strong>indicantia3</strong></span> <span class='ocrx_word' id='word_1_472' title='bbox 2438 4454 2530 4513; x_wconf 80' lang='lat' dir='ltr'><strong>lu·-</strong></span> 
     </span>
    </p>
   </div>
  </div>
 </body>
</html>
