3009 5050
505 448 688 556 „180

1003 431 1085 512 P.
1139 429 1680 511 VIRGILII
1729 425 2287 505 MARONIS

530 621 954 723 Extemplo
983 619 1274 698 turbati
1307 617 1587 710 animi3
1633 613 1871 690 simul
1912 623 2161 690 omne
2190 611 2555 686 tumultu

536 727 918 808 Coniurat
942 721 1260 824 trepido
1285 722 1597 798 Latium
1615 780 1635 814 ‚
1688 718 2089 819 saevitque
2114 717 2482 791 iuventus

2766 725 2814 792 5

529 828 822 909 Effera.
885 834 1276 905 Ductores
1309 824 1545 926 primi
1571 827 1977 920 Messapus
2015 833 2097 896 et
2130 817 2404 912 Ufens,

537 937 1174 1030 Contemtorque
1223 927 1468 1004 deum
1514 925 1995 1018 MezentiuS‚
2066 921 2429 1023 undique
2486 933 2811 1020 cogunt

533 1036 866 1130 Auxilia,
925 1047 1006 1110 et
1035 1033 1232 1109 latos
1260 1043 1561 1106 vastant
1596 1027 2031 1104 cultoribus
2059 1049 2305 1124 agros,

531 1141 869 1218 Mittitur
895 1149 974 1213 et
997 1137 1262 1234 magni
1291 1133 1659 1211 Venulus·
1683 1131 2103 1208 Diomedis
2132 1127 2229 1204 ad
2257 1128 2580 1218 urbem,

536 1245 690 1340 Qui
764 1252 983 1344 petat
1063 1238 1466 1334 auxilium,
1566 1249 1679 1332 et,
1771 1236 1993 1310 Latio
2062 1231 2493 1309 consistere
2568 1235 2806 1308 Teu-

1700 1363 1901 1434 croe,
2708 1345 2803 1412 10

534 1447 978 1526 Advectum
1017 1449 1342 1521 Aenean
1381 1441 1634 1537 classi,
1686 1443 2095 1541 victosque
2134 1439 2449 1516 Penatis

532 1551 875 1644 lusci-re,
929 1561 1012 1624 et
1033 1545 1212 1620 fatis
1244 1567 1519 1642 regem
1550 1570 1636 1620 se
1671 1544 1937 1620 dicere
1966 1545 2209 1644 posci,

530 1654 924 1748 Edoceat,
971 1648 1420 1750 multasque
1449 1649 1621 1724 viro
1657 1673 1742 1723 se
1779 1647 2208 1746 adiungere
2242 1645 2495 1744 gentis

683 1881 716 1932 6
753 1881 914 1930 Meso
953 1894 1019 1927 us
1055 1887 1107 1928 et
1141 1879 1445 1946 Mesappus
1492 1874 1545 1924 in
1595 1875 1750 1926 codd.

1353 1944 1478 2012 (vid.
1518 1945 1581 1994 V.
1620 1945 1679 1995 1..
1732 1943 1797 1994 ad
1834 1944 1899 2006 ll,
1946 1941 2068 1998 763.
2115 1943 2257 2006 Wr.)

1625 2015 1687 2066 11
1725 2013 2033 2064 Adventum
2073 2011 2273 2063 zalich.
2316 2011 2468 2063 Vtut.
2514 2011 2616 2062 Ed.
2658 2013 2794 2061 lunt.

532 1949 872 2000 Mezze-mins
953 1963 1072 2006 om„
1123 1955 1180 1996 ut
1234 1946 1302 1996 al.

533 2017 690 2081 Gud„
727 2025 786 2066 ut
823 2014 967 2066 alibi.
1038 2015 1270 2066 Illustrat
1305 2013 1485 2065 Heins-

1888 1875 1923 1928 7
1963 1878 2272 1925 contemtor·
2317 1889 2583 1994 πεζοῖς-ωτι
2626 1873 2797 1992 {gith

2500 1959 2661 1994 conse
2705 1961 2799 1994 ere

533 2104 646 2138 cum
677 2083 863 2136 ooth.
911 2094 1039 2136 tert.
1119 2089 1360 2136 Aeneam
1409 2083 1533 2133 edd.
1585 2081 1841 2150 plerique.
1920 2083 2096 2133 classe
2142 2079 2228 2132 ed.
2278 2081 2410 2131 Ven.
2490 2095 2794 2162 vectos-que

529 2155 680 2206 Leid-
731 2171 762 2206 a
809 2171 876 2204 m.
927 2171 1034 2209 sec.

531 2223 694 2276 tertio
744 2221 1078 2274 hemistichia

535 2292 822 2344 Dardanio
857 2303 911 2342 et
945 2291 1059 2342 lese
1093 2294 1157 2344 L.
1191 2292 1228 2343 i.
1270 2309 1326 2342 n.

535 2483 754 2562 telliges
797 2483 925 2543 Ecl.
973 2485 1070 2555 vl,
1118 2483 1200 2549 25
1240 2501 1370 2563 sq.:
1429 2483 1615 2557 „car-

533 2572 724 2643 mina‚
781 2588 932 2650 qnae
981 2570 1187 2641 vultis,
1247 2572 1614 2647 cognosciter,

536 2657 790 2713 carmina
817 2656 978 2713 vobis
995 2699 1012 2729 ‚
1068 2656 1218 2711 Huic
1257 2654 1414 2712 eliud
1455 2674 1618 2711 mer-

535 2738 689 2801 cedis
719 2742 842 2799 erit.
930 2740 1166 2799 Simul
1195 2740 1394 2819 incipit
1423 2742 1543 2820 ipse
1558 2742 1616 2814 3⁸⁶

531 2829 574 2885 i.
605 2847 658 2885 e.
699 2824 843 2885 haec
893 2824 1157 2885 dicens
1197 2828 1426 2883 simul
1465 2828 1617 2884 inci-

531 2916 650 2993 pit3
681 2913 783 2972 cfr.
816 2912 886 2983 Q.
915 2912 987 2969 V.
1015 2912 1313 2984 XXVIIII,
1338 2914 1396 2977 5.
1437 2912 1617 2987 Wr.)

534 3000 832 3056 concussit
849 3039 869 3065 ,
905 2998 1216 3055 concitavit
1245 2994 1436 3053 adhuc
1465 2999 1618 3053 otio-

531 3103 642 3143 sos.
731 3077 938 3157 (Aliud
968 3091 1052 3139 est
1080 3090 1389 3137 concutere
1428 3078 1619 3137 habe—-

534 3188 648 3223 nas
679 3166 1022 3243 equorum.)
1089 3163 1333 3241 impulit
1347 3206 1372 3235 ,
1413 3167 1618 3240 movit,

535 3249 800 3331 adeoque
826 3268 1008 3308 manu
1037 3253 1300 3310 tractavit
1328 3261 1385 3309 et
1411 3262 1619 3331 protu-

535 3336 618 3392 lit.
703 3336 858 3392 Nam
927 3335 1233 3412 impellere
1301 3358 1478 3395 arma
1544 3336 1618 3395 de

533 3422 901 3501 percussione
971 3423 1290 3501 clipeorum
1358 3426 1619 3503 accipere

536 3504 750 3567 durum
815 3525 936 3564 esse
1005 3508 1266 3565 arbitror.
1381 3508 1617 3567 Servius

537 3602 734 3651 autem
774 3610 880 3670 pro
923 3610 1088 3649 more
1139 3610 1245 3649 suo
1301 3604 1617 3671 argutatur,

536 3674 680 3736 dum
710 3674 786 3734 ad
815 3678 1024 3735 ancilia
1053 3681 1410 3737 commoveri
1451 3681 1617 3737 solita

535 3760 746 3836 refert3
780 3779 898 3820 nec
939 3784 1116 3819 arma
1158 3782 1266 3842 pro
1308 3762 1615 3842 peditibus}

537 3842 834 3921 ὄπλίταις,
885 3844 944 3905 h.
972 3850 1012 3907 l.
1045 3846 1160 3907 dici
1196 3868 1365 3928 posse
1409 3848 1617 3909 viden-

536 3943 651 3991 tur.
691 3934 781 3989 De
798 3933 1084 4011 Messapo
1111 3936 1305 4013 copias
1334 3954 1410 3992 ex
1435 3937 1618 3994 Etru-

537 4018 656 4075 rine
697 4018 934 4076 urbibus
975 4018 1299 4078 adducente
1343 4020 1443 4077 lib.
1491 4022 1617 4096 VH,

539 4104 685 4177 691,
715 4100 790 4159 de
831 4102 1046 4181 Usente
1084 4103 1208 4171 745
1256 4114 1314 4163 et
1351 4102 1428 4165 de
1475 4106 1619 4163 Me—

537 4186 728 4245 zentio
773 4185 898 4251 647
941 4209 1103 4272 seqq.
1162 4192 1283 4249 iam
1322 4210 1620 4251 memora-

537 4283 700 4333 verat
725 4283 918 4354 poeta.

623 4362 664 4422 9
708 4378 870 4441 seqq.
949 4357 1045 4419 Ad
1083 4360 1462 4439 Diomedem,
1517 4365 1619 4445 qui

541 4442 754 4501 auxilia
792 4454 1022 4523 petant,
1081 4450 1422 4525 mittuntur,
1475 4468 1619 4529 pro-

1185 2155 1254 2208 12
1291 2150 1535 2222 Ausere-e
1584 2151 1749 2204 Goth.
1802 2157 1929 2202 tert.
1998 2163 2070 2201 se*
2098 2151 2299 2202 ducere
2332 2149 2483 2202 ulter.
2558 2151 2705 2200 Tum
2738 2165 2795 2199 m

1123 2241 1171 2274 v.
1221 2224 1286 2276 12
1337 2234 1390 2273 et
1443 2220 1512 2276 14
1544 2229 1870 2288 permutata:
1932 2231 1988 2270 et
2010 2218 2132 2288 saei
2166 2238 2213 2270 r.
2249 2219 2428 2272 dicere
2456 2237 2647 2289 poss-e,
2708 2228 2765 2270 et
2778 2239 2793 2270 τ

1461 2289 1527 2343 13
1560 2304 1621 2342 se
1654 2291 1887 2360 iungere
1918 2306 2001 2358 pr.
2036 2289 2227 2341 Hamb.

1696 2492 1827 2562 pter
1855 2501 2231 2543 communem
2270 2485 2555 2562 originem
2596 2483 2795 2541 Grae-

1699 2588 1831 2627 cam
1844 2614 1861 2643 ,
1904 2588 2055 2649 quae
2084 2572 2291 2628 Turno
2334 2571 2621 2627 tribuitur.
2666 2568 2791 2627 vid.

1699 2674 1827 2733 sup.
1856 2656 2003 2713 Exc.
2032 2656 2141 2715 vn
2176 2676 2263 2736 sq.
2308 2654 2383 2713 ed
2424 2654 2550 2713 Vn.
2637 2656 2793 2713 Dio-

1700 2738 1885 2799 medis
1942 2739 2149 2799 autem'
2180 2744 2243 2799 in
2286 2742 2574 2800 Troianos
2589 2786 2607 2813 ,
2686 2743 2791 2822 qui

1700 2826 1880 2885 Troia
1922 2838 2085 2906 capta
2126 2827 2500 2906 profugerant
2544 2828 2793 2909 eiusque

1698 2913 1817 2968 irae
1861 2932 1923 2968 se
1964 2911 2393 2986 subduxerant,
2449 2912 2793 2971 inflamma-

1698 3006 1791 3053 tus
1833 3016 1955 3054 esse
1998 2997 2245 3056 debebat
2286 3000 2531 3056 animus.
2622 3000 2793 3069 Quae

1699 3078 1871 3139 huius
1926 3084 2229 3161 legationis
2286 3084 2517 3141 fortuna
2588 3084 2793 3155 fuerit,

1700 3167 1853 3223 infre
1906 3168 2232 3227 videbimus
2287 3170 2393 3243 xl,
2448 3172 2574 3234 226
2618 3191 2794 3252 seqq.

1700 3252 1899 3332 ibique
1943 3256 2189 3315 Excurs.
2232 3256 2281 3313 1.
2362 3254 2673 3313 Venatum
2718 3278 2799 3315 ex

1704 3340 1941 3419 antiqua
2024 3340 2181 3398 fama
2268 3338 2507 3405 adscivit
2589 3354 2795 3420 poeta,

1702 3435 1991 3504 quantum
2076 3446 2152 3484 ex
2236 3426 2441 3485 Servio
2525 3428 2794 3506 colliges.

1702 3510 1905 3585 Hunc,
1946 3512 2167 3593 inquit,
2211 3510 2385 3569 fuisse
2414 3522 2641 3571 constat
2668 3516 2799 3572 Ar-

1701 3597 1936 3673 givum3
1971 3616 2111 3654 num
2142 3598 2357 3655 Tiburs
2386 3608 2470 3655 est
2485 3641 2501 3670 ‚
2532 3608 2601 3655 ut
2626 3598 2799 3657 indi-

1702 3690 1795 3737 cat
1851 3682 2013 3741 locus
2074 3685 2177 3756 XI,
2236 3683 2382 3749 757.
2468 3684 2645 3741 Hunc
2696 3686 2797 3743 alii

1698 3766 1905 3825 Lavini
1958 3770 2269 3847 imperasse
2328 3768 2469 3825 olim
2526 3766 2795 3829 tradunt.

1701 3848 1846 3908 urbs·
1889 3852 2205 3911 Diomedis
2241 3854 2531 3933 Argyripa
2576 3866 2685 3915 est.
2734 3878 2795 3916 v.

1698 3936 1804 3995 inf.
1852 3940 1957 4012 xl,
1986 3938 2113 4003 246
2144 3949 2202 3997 et
2228 3940 2309 3997 ibi
2335 3940 2582 3998 Excurs.
2610 3942 2661 3999 1.
2716 3942 2797 4001 cs.

1704 4022 1871 4081 Serv.
1903 4022 1977 4083 ed
1998 4021 2059 4083 h.
2090 4026 2132 4083 l.
2216 4034 2275 4081 et
2289 4024 2509 4095 dicere,
2535 4045 2601 4081 se
2610 4030 2805 4104 posci

1702 4128 1906 4186 regem
1954 4108 2141 4187 fatale.
2233 4130 2407 4189 supra
2464 4110 2591 4181 Vll,
2660 4117 2801 4179 272

1700 4194 1896 4251 Hunc
1917 4193 2094 4251 illum
2111 4215 2360 4272 poscere
2364 4194 2521 4273 sata
2544 4194 2636 4253 Et
2658 4218 2807 4256 reor

1704 4289 1813 4337 etc.
1843 4281 2127 4339 vocabulo
2158 4279 2233 4337 de
2259 4282 2388 4339 fatis
2414 4282 2656 4361 proprio
2690 4284 2806 4343 lib.

1698 4364 1771 4439 V,
1792 4367 1939 4428 707.
1968 4366 2093 4441 VII,
2110 4364 2255 4429 584.
2342 4364 2471 4441 (—-
2492 4371 2593 4429 13.
2624 4370 2809 4427 mub-

1704 4460 1913 4527 tasque
1945 4452 2073 4507 viro
2109 4470 2173 4507 se
2200 4450 2535 4529 adiungere
2556 4457 2805 4529 gentis,
