3009 5050
583 441 669 517 P.
712 387 988 518 vm'c.
1042 438 1287 516 MAR.
1340 373 1858 526 AENEiIJOS
1908 439 2093 524 Lm.
2145 444 2234 518 x
2366 372 2518 522 ¹425

266 631 515 695 sollicita
528 675 549 708 ,
574 633 887 712 impetrata
912 649 951 690 a
976 631 1117 690 Iove
1144 629 1353 704 venia,
1394 585 1685 710 praesenti
1713 651 1852 691 eum
1877 632 2134 713 periculo
2165 630 2334 712 eripit
2349 674 2367 707 ,
2409 633 2522 692 ob-

267 721 425 780 iecta
462 718 554 778 illi
590 719 737 776 falsa
772 719 1015 776 Aeneae
1050 705 1339 795 imagine,
1396 736 1578 798 quam
1605 715 1794 776 dum
1775 737 1838 776 ιιι
1865 719 2066 777 navim
2097 715 2394 800 quandam
2419 719 2520 778 fu-

268 805 536 886 gientem
558 805 913 886 insequitur,
950 802 1195 862 vinculis
1239 821 1276 860 a
1301 803 1531 861 Iunone
1555 804 1778 884 ruptis,
1819 804 1882 862 vi
1927 805 2282 884 tempestatis
2319 803 2398 864 ad
2421 805 2524 864 lit-

270 901 407 952 tora
445 887 676 949 Ardeae
714 889 982 970 proxima
1020 883 1327 946 devehitur
1348 920 1435 932 —
1465 891 1612 953 688.
1693 889 1936 946 Interim
1971 889 2320 965 Mezentius,
2371 891 2524 950 Iovis

272 975 505 1035 monitu
543 994 779 1055 pugnae
822 971 1168 1047 succedens,
1211 991 1495 1052 maguum
1535 973 1660 1032 tam
1687 975 2080 1034 Troianorum
2343 975 2526 1034 Etru-

275 1079 512 1121 socrum
534 1079 851 1119 numerum
872 1061 1277 1140 prosternit—
1292 1061 1457 1123 761·
1486 1056 1678 1117 donec
1708 1059 1781 1118 ab
1792 1061 1994 1118 Aenea
2022 1057 2218 1119 hastae
2245 1061 2366 1120 ictu
2390 1062 2528 1121 vul-

274 1157 546 1222 neratus,
590 1156 650 1205 et
690 1165 727 1204 a
766 1147 959 1204 Lauso
986 1144 1107 1203 filio
1134 1143 1455 1224 protectus,
1515 1161 1688 1222 aegre
1714 1163 1778 1202 se
1805 1143 1882 1204 ad
1909 1143 2290 1226 obligandum
2315 1147 2528 1206 vulnus

278 1251 359 1291 ex
399 1233 525 1290 acie
566 1232 773 1311 recipit
793 1262 881 1276 -—
910 1229 1249 1295 795.1bi
1288 1229 1522 1288 Lausus·
1557 1247 1822 1312 quoque,
1880 1228 2026 1289 dum
2064 1241 2290 1310 patrem
2329 1233 2530 1292 ulcisci
2567 1221 2576 1227 ⁶

278 1327 555 1392 conatur,
602 1317 677 1376 ab
716 1317 921 1374 Aenea
958 1313 1399 1374 interficitur—
1415 1318 1577 1380 832.
1623 1315 1748 1374 eius
1787 1316 1874 1374 rei
1897 1317 2106 1375 nuntio
2133 1325 2370 1396 accepto
2396 1319 2528 1375 Me-
2571 1332 2588 1351 ·

278 1404 505 1462 zentius
542 1421 857 1461 conscenso
898 1419 1052 1481 equo
1088 1401 1153 1458 in
1194 1400 1479 1480 praelium
1517 1395 1700 1459 redit.
1759 1402 1903 1477 ubi,

1951 1399 2099 1460 dum
2135 1401 2240 1460 filii
2277 1413 2528 1463 mortem

280 1485 576 1548 vindicare
603 1497 804 1568 parat,
848 1484 1057 1546 eadem
1082 1505 1201 1568 qua
1227 1485 1379 1544 filius
1408 1485 1612 1546 dextra
1639 1486 1896 1546 concidit
1909 1519 1996 1532 --
2011 1486 2088 1547 ad
2113 1485 2218 1546 fin.

377 1834 449 1892 ln
492 1829 607 1891 hoc
650 1828 893 1891 tandem
942 1831 1091 1889 libro
1142 1830 1373 1890 Aeneas

292 1915 369 1978 ad
396 1936 663 2000 pugnam
688 1915 983 1998 procedit:
1014 1914 1197 2000 quod,
1212 1917 1373 1974 mul-

280 2004 357 2064 tis
400 2005 579 2063 nixnis
617 2022 747 2062 sero
788 2002 1011 2063 factum
1050 2003 1243 2062 visum
1270 2011 1375 2077 est,

285 2092 574 2171 quoniam
615 2109 693 2149 ex
731 2107 839 2148 sua
883 2089 1188 2192 opinione,
1250 2107 1377 2147 non

284 2193 365 2233 ex
390 2176 724 2254 argumenti
750 2184 811 2235 et
834 2176 1111 2234 materiae
1142 2184 1369 2249 natura,

208 2278 221 2300 ¹
278 2257 569 2318 iudicium
602 2261 911 2320 faciebant.
996 2261 1139 2320 Aliis
1170 2259 1372 2339 displi-

286 2346 473 2404 cuisse
499 2344 708 2421 video,
752 2344 915 2428 quod
952 2347 1183 2406 Aeneas
1208 2346 1372 2402 mili-

281 2430 357 2488 tis
406 2431 627 2510 magis,
652 2449 867 2512 quam
923 2428 1116 2504 ducis,
1182 2440 1373 2511 partes

289 2514 505 2594 explet,
536 2513 683 2574 dum
700 2526 959 2587 meterem
986 2512 1232 2573 heroum
1256 2535 1373 2593 pu-

284 2598 509 2681 gnandi
532 2619 763 2659 morem
790 2618 1000 2679 parum
1023 2602 1372 2669 meminere,

286 2705 400 2745 nec
427 2683 574 2744 illud
602 2694 903 2765 reputant,
950 2702 1131 2765 quam
1160 2702 1373 2764 parum

284 2772 563 2831 materiae
590 2771 921 2829 ,narrationi
962 2772 1163 2849 epicae
1198 2786 1374 2850 prae-

290 2858 486 2917 bitura
512 2859 585 2916 sit
612 2854 775 2915 ducis
821 2857 1101 2933 sagacitas
1128 2864 1187 2913 et
1228 2874 1374 2935 pru-

288 2940 485 3001 dentia
506 2986 525 3017 ,
565 2942 719 3001 inu-a
758 2942 941 3015 iussa,
996 2939 1274 2999 mandata
1315 2950 1373 2999 et

282 3028 569 3109 imperata
594 3046 659 3086 se
686 3028 989 3087 continens
1004 3069 1021 3102 ,
1065 3036 1374 3107 prospectu

286 3132 367 3173 ex
390 3115 509 3173 alto
535 3132 605 3173 ac
630 3114 955 3193 longinquo
984 3122 1187 3193 capt03
1218 3131 1370 3194 qua-

286 3200 407 3259 lem
443 3201 626 3259 nostri
664 3200 793 3258 aevi
840 3218 933 3257 res
958 3198 1220 3257 militaris
1254 3218 1368 3278 po-

286 3286 481 3345 stulat.
566 3284 635 3344 Si
681 3281 1179 3364 phantasmatibus
1232 3302 1369 3342 ma-

288 3372 418 3451 gnis
460 3371 749 3451 rebusque
766 3414 783 3445 ,
831 3389 981 3453 quae
1024 3388 1223 3429 sensus
1248 3370 1369 3427 im·-

285 3456 508 3537 pellant
532 3500 550 3531 ‚
631 3457 801 3535 epica
868 3458 955 3516 vis
1004 3457 1333 3514 continetur
1346 3472 1366 3513 ι

284 3552 523 3601 strenua
564 3541 819 3599 facinora
834 3584 852 3616 ,
896 3542 1079 3599 animi
1106 3538 1367 3616 audacia,

284 3646 511 3687 manus·
534 3623 816 3685 fortitudo
856 3644 925 3684 ao
968 3627 1145 3685 robur
1172 3628 1373 3708 requi-

204 3734 207 3737 ·
286 3724 515 3771 rantur.
569 3710 719 3771 Mihi
744 3710 987 3794 quidem
1010 3713 1074 3769 iu
1101 3730 1265 3794 seqq.
1295 3713 1373 3769 li-

286 3799 407 3858 bris
448 3795 610 3856 haud
647 3815 835 3878 pauca
874 3817 954 3856 ex
978 3798 1047 3857 iis
1068 3841 1087 3872 ,
1132 3817 1281 3879 quae
1308 3798 1373 3855 in

288 3880 803 3964 reprehensionem
842 3884 1137 3941 incurrere
1164 3881 1375 3943 viden-

238 3978 245 3993 *
286 3980 389 4031 tur
402 4012 422 4043 ,
468 3987 595 4027 non
620 3968 861 4049 quidem
886 3969 1143 4028 novitate
1162 4013 1177 4043 ,
1222 3978 1374 4027 atta·-

285 4074 434 4115 men
482 4056 911 4133 opportunitate
978 4063 1038 4112 et
1100 4054 1373 4113 varietate

286 4158 397 4202 sua
410 4182 427 4215 ,
456 4140 681 4219 ingenii
708 4138 1156 4199 admirationem
1182 4140 1373 4198 facere

286 4227 509 4287 solent:
554 4222 1029 4307 quandoquidem
1058 4244 1375 4304 argumen-

286 4322 424 4372 tum
449 4310 589 4369 belli
618 4328 685 4368 ac
712 4312 1099 4391 praeliorum,
1144 4321 1202 4369 et
1239 4312 1375 4393 qui-

290 4396 435 4458 dem
462 4392 725 4456 eiusdem
753 4397 907 4457 vitae
935 4394 1231 4473 heroicae,
1276 4398 1375 4455 in-

1454 1827 1714 1890 credibili
1755 1851 1894 1890 cum
1939 1831 2214 1890 varietate
2251 1848 2320 1889 sc
2361 1830 2529 1912 copia

1456 1917 1532 1975 ab
1559 1919 1816 1976 Homero
1855 1927 2162 1976 &actatum
2175 1960 2194 1991 ,
2234 1917 2398 1974 Maro
2417 1921 2532 1974 'ta-
2581 1995 2586 1999 ¹

1454 2017 1597 2062 men
1622 2022 1729 2083 per
1753 2013 1866 2062 tres
1885 2003 2060 2062 libros
2079 2003 2305 2062 variatis
2333 2021 2530 2060 rerum

1456 2090 1764 2168 generibus
1789 2108 1902 2148 nec
1929 2090 2170 2148 omnino
2197 2089 2322 2148 sine
2357 2089 2532 2148 novi-

1457 2175 1590 2235 tatis
1659 2174 2166 2235 commendatione
2249 2172 2531 2233 detexuit.

1452 2263 1661 2319 Artem
1710 2271 1769 2319 et
1805 2262 2108 2340 ingenium
2149 2260 2353 2340 aliquis
2400 2269 2532 2318 tum
2604 2326 2611 2333 ,

1456 2343 1699 2404 demum
1723 2347 1832 2405 rite
1860 2347 2190 2426 perspiciat,
2222 2364 2408 2426 quum
2434 2364 2538 2403 ar-
2587 2343 2596 2350 ’

1454 2431 1720 2509 gmneuti
1744 2441 2014 2490 naturam
2040 2431 2236 2511 paullo
2257 2431 2534 2490 curiosius

1456 2516 1652 2574 animo
1707 2519 2045 2591 versaverit,
2100 2534 2366 2598 quaeque
2409 2517 2533 2595 ipse

1456 2600 1622 2660 aliter
1655 2604 1752 2661 vel
1794 2602 2001 2661 melius
2029 2603 2092 2659 in
2131 2621 2202 2660 eo
2231 2599 2530 2661 tractando

1454 2687 1726 2744 constitui
1751 2706 1920 2767 posse
1945 2696 2110 2767 putet
2125 2729 2142 2761 ,
2173 2680 2534 2765 expenderit.

1452 2772 1614 2829 Inter
1655 2790 1754 2847 ea,
1801 2790 1950 2853 quae
1995 2771 2294 2851 ingeniose
2324 2780 2382 2829 et
2407 2772 2536 2830 cal-

1451 2854 1572 2915 lide
1627 2856 1865 2916 inventa
1919 2866 2054 2917 sunt
2085 2900 2102 2929 ,
2165 2856 2353 2935 primo
2401 2856 2534 2917 loco

1456 2943 1676 3001 eminet
1729 2940 1844 3002 hoc
1880 2984 1898 3014 ‚
1969 2939 2129 3023 quod
2183 2941 2536 3022 praeliorum

1452 3028 1704 3087 narratio
1753 3029 1971 3088 variata
2029 3037 2114 3085 est
2165 3046 2272 3106 per
2317 3022 2538 3085 diversa

1449 3132 1700 3193 genera·
1683 3156 1702 3190 ‚
1754 3111 2038 3173 habemus
2078 3110 2192 3171 hoc
2233 3112 2384 3169 libro
2423 3130 2538 3171 na-

1449 3202 1616 3259 vium
1670 3200 1978 3280 appulsum
2006 3242 2024 3274 ,
2077 3196 2418 3258 descensum
2471 3199 2538 3257 in

1448 3285 1609 3343 littus
1652 3296 1712 3343 et
1753 3284 2078 3365 pedestrem
2119 3302 2382 3365 pugnam
2398 3326 2414 3357 ,
2473 3285 2538 3343 in

1450 3371 1554 3429 lib.
1571 3371 1660 3428 XI
1687 3380 2034 3451 equestrem,
2059 3370 2123 3427 iu
2145 3370 2258 3427 ΧΠ
2271 3388 2536 3449 pugnam

1450 3456 1909 3530 tumultuariam,
1937 3466 2067 3515 tum
2094 3466 2388 3514 certamen
2416 3456 2540 3514 sin-

1454 3542 1675 3621 gulare.
1757 3542 1942 3601 Porro
1955 3586 1972 3617 ,
2013 3560 2092 3599 ne
2147 3538 2406 3601 taedium
2445 3540 2541 3599 faa

1456 3637 1614 3685 ceret
1641 3630 1977 3686 continuata
2003 3628 2355 3707 praeliorum
2397 3646 2539 3685 nar-

1454 3714 1601 3771 ratio
1623 3756 1642 3787 ,
1671 3714 2005 3793 interposita
2031 3722 2166 3771 sunt
2205 3712 2404 3793 plura,
2449 3722 2540 3771 et·-

1455 3800 1578 3856 iam
1621 3796 1695 3857 de
1737 3819 1882 3879 pace
1923 3799 2162 3857 consilia
2176 3842 2192 3873 ‚
2233 3808 2364 3856 tum
2406 3816 2541 3856 ora-

1455 3884 1644 3942 tiones
1661 3928 1678 3959 ,
1718 3904 1936 3963 magno
1982 3902 2119 3942 cum
2147 3884 2422 3941 acumine
2446 3883 2540 3942 fa-

1460 3978 1590 4028 ctae
1612 4014 1628 4045 ,
1657 3968 1970 4044 interdum,
2001 3972 2067 4027 ut
2095 3967 2371 4051 equidem
2399 3990 2543 4027 cen-

1455 4054 1615 4129 sebo,
1643 4056 1826 4113 nimia
1853 4074 1992 4115 cum
2021 4065 2161 4114 arte.
2201 4054 2355 4114 Hinc
2384 4052 2542 4135 apud

1448 4140 1714 4200 Macrob.
1751 4142 1832 4202 lv
1873 4152 1998 4199 tum
2024 4141 2210 4199 multa
2238 4138 2312 4199 de
2340 4136 2542 4199 rheto-

1456 4228 1580 4285 rica
1590 4226 1906 4305 virgiliana
1927 4235 2340 4285 memorantur.
2385 4226 2543 4283 Tra·

1460 4314 1622 4390 gicos
1673 4320 1872 4371 tamen
1921 4322 2118 4371 noster
2133 4354 2150 4386 ,
2201 4308 2543 4390 Euripidem

1456 4398 1721 4477 inprimis
1737 4442 1754 4473 ,
1797 4406 1934 4457 ante
1973 4396 2172 4456 oculos
2195 4392 2399 4454 habuit
2413 4438 2430 4471 ,
2477 4406 2544 4455 ut
