3009 5050
473 398 623 469 216

471 572 1018 675 Hylaeumque
1039 568 1591 679 Pholumque,

935 387 1020 459 P.
1071 382 1618 511 VIRGILrI
1672 379 2235 460 MARONIS

1640 592 1885 643 manu
1904 626 1927 664 ‚
1976 580 2065 643 tu
2106 568 2375 645 Cresia
2416 582 2711 647 maetas

471 674 874 772 Prodigia,
929 686 1012 751 et.
1029 685 1336 749 vastum
1366 678 1671 751 Nemea
1704 670 1850 746 sub
1884 695 2085 771 rupe
2116 670 2464 751 leonem.
2560 683 2709 752 295

473 782 593 857 Te
637 778 876 875 stygii
905 790 1307 852 tremuere
1341 774 1591 873 lacus,

1642 787 1723 851 te
1759 774 2045 849 ianitor
2073 775 2263 850 Orci

474 882 674 959 Ossa
705 904 948 981 super
971 880 1360 957 recubans
1398 892 1627 957 antro
1659 879 1994 955 semiesa
2040 890 2417 969 cruento;

471 988 636 1061 Nec
657 996 740 1060 te
765 983 978 1061 ullae
1005 980 1244 1059 facies
1259 1042 1293 1080 ‚-
1333 1008 1502 1060 non
1543 981 1824 1059 terruit
1858 982 2030 1081 ipse
2056 980 2511 1081 Typhoeus,

473 1084 787 1165 Arduus
817 1112 1032 1163 arma
1059 1100 1382 1180 tenens3
1434 1109 1601 1161 non
1631 1099 1712 1161 te
1749 1084 2073 1159 rationis
2105 1096 2477 1183 egentem

473 1308 492 1328 .
579 1232 748 1307 294.
784 1230 1284 1315 Pnowmqnn
1313 1248 1396 1301 Μ.

1516 1231 1685 1301 297.
1741 1242 2038 1297 semesa
2166 1230 2336 1301 299.
2362 1224 2712 1315 Annuus,

613 1432 718 1489 294
779 1434 972 1485 Ylaeum
1031 1430 1368 1499 Pholumque
1427 1428 1668 1481 Pan-han.
1748 1428 2071 1499 Hylaeumq.
2106 1427 2352 1497 Polumq.
2398 1426 2560 1481 Goth.
2602 1446 2712 1481 aec.

475 1501 704 1555 Neleum
737 1502 934 1556 Mariua
969 1498 1279 1553 emendabat
1313 1515 1589 1567 perperam
1625 1498 1765 1567 apud
1812 1497 1992 1549 Heius.
2064 1498 2276 1548 Ore-'cia
2313 1498 2529 1549 Dor-vill.
2598 1516 2716 1549 me-

475 1582 566 1623 tae
599 1572 763 1622 Goth.
797 1588 902 1623 see.

473 1656 630 1691 maea
661 1640 800 1707 apud
834 1640 945 1707 Fog

1037 1568 1140 1625 295
1175 1569 1380 1621 Nemea
1413 1566 1517 1619 cub
1550 1586 1689 1637 rupe
1718 1568 1868 1618 Rom.
1906 1576 1962 1617 et
1994 1565 2183 1617 Medic.
2220 1564 2331 1632 (hic
2364 1566 2570 1636 quidem
2595 1568 2717 1619 Ne-

983 1640 1054 1693 in.
1101 1640 1242 1703 lVr.)
1283 1637 1437 1701 oud„
1473 1636 1669 1705 aliique
1706 1636 1781 1705 (in
1814 1635 2001 1705 quibu·
2035 1634 2245 1705 quidam
2278 1636 2403 1687 libri
2444 1654 2533 1703 ap.
2570 1637 2715 1689 Cort.

472 1709 540 1759 ad
574 1708 765 1763 Lucan.
800 1710 839 1771 1,
873 1710 940 1762 65
977 1744 992 1761 .
1035 1708 1178 1772 Wr.)
1211 1704 1434 1769 doctius,
1469 1722 1534 1757 ex
1570 1701 1819 1771 Νέμεος,
1866 1722 2021 1773 quam
2052 1704 2191 1773 quod
2226 1704 2385 1773 vulgo
2418 1706 2591 1758 adhuc
2628 1706 2717 1759 le-

472 1776 694 1844 gebatur
724 1778 963 1831 Nmeae
994 1775 1096 1829 aab
1127 1794 1283 1847 rupe.
1382 1776 1487 1828 296
1507 1777 1727 1845 flevere
1758 1778 1974 1827 Oudart.
2036 1776 2267 1825 timuere
2298 1774 2403 1825 duo
2426 1774 2517 1827 alii
2546 1778 2716 1828 Burm-

471 1847 576 1900 297
610 1864 854 1897 semensa
888 1848 1037 1899 Rom.
1087 1846 1154 1897 cf.
1189 1850 1334 1897 Serv.
1379 1846 1628 1912 (aemio-m
1664 1861 1695 1894 e
1729 1842 1849 1895 cod.
1881 1843 2004 1896 Alb.
2038 1842 2247 1911 τοοορὶς
2308 1844 2415 1896 vid.
2448 1848 2518 1898 V.
2550 1846 2613 1897 L.
2646 1845 2717 1897 ad

473 1916 563 1979 111,
597 1913 718 1969 578.
755 1918 898 1981 Wr.)
942 1919 1139 1967 Seneca
1173 1930 1258 1983 ep.
1284 1915 1354 1969 82
1385 1914 1599 1965 subiicit
1631 1930 1835 1965 versum
1864 1929 1927 1963 ex
1954 1916 2082 1963 Aen.
2118 1912 2208 1976 Vl,
2247 1910 2368 1966 401.

2470 1914 2572 1968 298
2588 1914 2719 1967 Non

474 1996 529 2035 te
560 1982 799 2037 Perrhae.
875 1988 954 2035 Te
977 1984 1172 2035 nullae
1195 1983 1360 2035 Goth.
1391 1991 1515 2035 tert.
1582 2000 1685 2033 neo
1706 1984 1909 2033 terruit
1932 1980 2037 2033 duo
2066 1982 2237 2034 Burm.
2270 1999 2385 2033 eum
2418 1984 2579 2036 Goth.
2609 2000 2716 2035 see.

473 2053 576 2107 299
609 2070 710 2105 nec
740 2065 798 2104 ee
827 2052 969 2103 idem
1003 2069 1116 2103 eum
1149 2052 1284 2105 aliie.
1319 2052 1524 2121 (Segnia
1564 2062 1645 2103 est
1678 2050 1882 2103 oratio:
1922 2052 2235 2121 Typhoeus,
2268 2054 2527 2115 Arduus,
2562 2068 2721 2104 arma

473 2134 684 2175 tenens.
751 2122 872 2173 Non
909 2131 1008 2187 est,
1046 2122 1188 2189 quod
1210 2122 1326 2191 quia
1360 2131 1562 2173 terreat
1590 2119 1754 2173 virum
1785 2120 1979 2171 fortem
2012 2136 2195 2173 arma
2228 2129 2502 2173 tenens.
2548 2124 2719 2173 Nem-

473 2208 545 2259 pe
578 2191 686 2242 tale
721 2190 848 2263 qnid
896 2191 1398 2243 commemorandum
1432 2189 1522 2242 hic
1558 2198 1702 2257 erat,
1753 2189 1897 2259 quod
1946 2199 2125 2259 aptum
2172 2198 2315 2241 esset
2358 2190 2429 2241 ad
2461 2200 2721 2243 terrorem

481 2346 596 2404 Sat
651 2346 818 2426 fieus
913 2350 1242 2428 Venerique
1309 2348 1545 2407 (lanam.

476 2432 683 2492 Suavis
727 2444 784 2491 et
825 2435 946 2493 iam
995 2434 1294 2493 Macrobio
1345 2436 1446 2510 VI,
1510 2438 1551 2499 6

473 2516 631 2576 med.
675 2521 968 2580 observata
1013 2523 1309 2582 conversio
1349 2522 1410 2580 in
1457 2541 1555 2578 se-

479 2603 734 2663 cundam
771 2625 1083 2685 personam
1109 2629 1196 2666 vs.
1223 2607 1392 2681 293„
1437 2626 1557 2688 qua

475 2687 633 2749 doeti
668 2703 874 2771 poetae
919 2690 1080 2754 haud
1113 2712 1242 2752 raro
1292 2703 1555 2768 utuntur,

475 2785 542 2834 ut
582 2778 782 2836 Horat.
831 2780 888 2836 11
939 2779 1132 2838 Carm-
1179 2779 1276 2853 19,
1325 2783 1402 2844 13
1463 2780 1557 2836 Τιι

457 2861 668 2939 flectis
691 2883 918 2922 amnes·
969 2867 1144 2926 etiam
1173 2865 1553 2924 recentiores:

475 2945 670 3008 videas
711 2971 771 3009 v.
819 2969 872 3008 ο.
913 2951 1140 3013 Milton.
1195 2951 1280 3006 P.
1327 2949 1410 3006 L.
1460 2949 1546 3006 B.

477 3032 598 3092 IV.
639 3038 802 3098 1720
831 3055 962 3112 sqq.
1025 3034 1363 3110 nubigenas
1407 3033 1554 3110 ΙΙ]-

476 3116 678 3174 laetam
721 3115 1106 3196 Pholumque
1150 3119 1466 3176 Centauros
1494 3136 1553 3174 v.

477 3203 691 3278 Georg.
727 3203 806 3274 Π,
833 3201 978 3266 456.
1019 3201 1182 3277 4573
1223 3203 1301 3262 ad
1343 3199 1450 3260 hos
1497 3209 1557 3260 et

476 3283 552 3344 ad
577 3305 705 3366 sqq.
749 3287 828 3344 of.
858 3287 1132 3366 Apollod.
1161 3290 1233 3362 11,
1263 3287 1324 3362 5,
1353 3287 1395 3350 4
1421 3305 1554 3368 sqq.

489 3370 693 3431 Cresia
718 3371 1012 3449 prodigia
1031 3415 1057 3444 ‚
1105 3370 1278 3451 τέρας
1295 3417 1312 3447 ,
1355 3382 1554 3430 taurus

477 3453 784 3514 cnossius=
847 3475 1024 3536 quem
1065 3459 1266 3516 vivum
1309 3455 1386 3515 ad
1427 3459 1557 3514 Eu-

475 3537 775 3620 rystheum
791 3539 1095 3602 adduxisse
1113 3553 1394 3601 narratur.
1437 3543 1555 3602 Er-

475 3643 553 3703 go
581 3635 814 3682 metae
841 3627 1007 3684 solito
1035 3646 1202 3684 more
1231 3626 1314 3685 ita
1337 3629 1552 3708 posuit,

475 3719 542 3768 ut
556 3753 572 3783 ,
629 3713 732 3768 etsi
773 3709 848 3771 de
885 3731 1004 3769 uno
1053 3721 1282 3770 tantum
1321 3715 1555 3793 proprie

477 3793 697 3853 dictum
713 3839 728 3869 ,
787 3797 1044 3874 pluribus
1087 3797 1363 3856 membris
1409 3809 1557 3856 esset

478 3883 980 3942 accommodatum
995 3927 1012 3956 ,
1053 3891 1154 3940 aut
1182 3885 1355 3942 aliam
1383 3884 1556 3944 fabu-

474 3965 595 4023 lam
633 3977 908 4047 sequutus
951 3979 1054 4026 est.
1117 3965 1258 4042 (hoc
1314 3989 1553 4044 verum3

475 4052 632 4130 prior
683 4054 827 4110 ratio
887 4064 1012 4112 tum
1065 4051 1292 4112 admitti
1341 4065 1552 4134 posset,

475 4138 524 4195 si
550 4137 808 4196 Verbum
835 4139 998 4198 alteri
1043 4141 1349 4200 enunciata
1391 4139 1555 4198 adie-

477 4232 638 4282 ctum
667 4235 829 4282 esset.
877 4257 964 4268 -—-
1000 4225 1276 4284 Ceterum
1317 4225 1450 4285 vid.
1481 4227 1556 4285 V.

474 4311 545 4367 L.
576 4306 651 4368 ad
677 4307 783 4395 i'X,
811 4315 958 4375 266.
989 4311 1165 4390 Wr.)
1236 4314 1384 4377 296.
1405 4315 1558 4378 297.

477 4393 755 4456 descensu
795 4397 1056 4456 Herculis
1095 4395 1172 4456 ad
1212 4397 1429 4456 Orcum
1467 4397 1561 4456 fa-

1635 2360 1749 2425 cto,
1780 2358 1845 2407 ut
1868 2348 2187 2407 Cerberum
2215 2346 2528 2407 adduceret
2552 2346 2717 2407 Iliad.

1634 2442 1704 2511 θ,
1736 2438 1880 2499 368.
1912 2433 2116 2517 Odyss.
2136 2437 2189 2510 λ,
2209 2436 2353 2499 622.
2439 2438 2582 2499 298.
2595 2434 2720 2513 sa—

1637 2523 1755 2578 cc'es
1767 2564 1795 2593 ,
1854 2532 2145 2595 monstra,
2206 2541 2356 2602 quae
2402 2521 2475 2586 ‚in
2524 2522 2721 2578 inferis
2836 2543 2841 2548 ·

1636 2609 2035 2666 occurrebant.
2064 2609 2215 2664 Aen.
2256 2607 2355 2680 vl,
2399 2606 2525 2671 285
2554 2627 2719 2688 seqq.

1638 2692 1865 2772 Hydra
1889 2693 2169 2750 Lernaea
2196 2694 2315 2748 iam
2342 2693 2425 2748 ibi
2454 2713 2723 2751 comme-

1636 2789 1895 2838 morata:
1930 2798 2087 2838 nunc
2132 2775 2442 2854 Typhoeus
2470 2776 2721 2854 additur,

1642 2883 1820 2946 quem
1862 2865 1925 2920 in
1968 2865 2283 2920 Tartarum
2320 2861 2567 2918 fulmine
2612 2861 2722 2920 de-

1636 2960 1862 3007 trusum
1902 2945 2161 3005 ediderat
2212 2964 2445 3027 quoque
2480 2945 2721 3006 Hesiod.

1641 3035 1887 3112 Θεογον.
1933 3031 2057 3096 853
2096 3049 2261 3111 seqq·
2304 3032 2451 3093 867.
2538 3032 2721 3106 (Hine

1635 3117 1878 3174 minime
1925 3113 2252 3193 indigemus
2294 3113 2483 3174 Servii
2534 3117 2723 3178 inter-

1636 3185 1989 3281 pretatione':
2036 3201 2245 3275 „Non
2271 3203 2581 3277 terruit,
2610 3224 2719 3282 pro

1637 3305 1760 3344 non
1785 3294 2038 3360 tert-eret,
2054 3285 2149 3343 vel
2164 3287 2481 3346 torruisset.
2492 3291 2527 3319 “
2540 3290 2610 3346 n
2617 3287 2719 3369 fr.)

1640 3371 1917 3430 Orionem
1945 3371 2009 3426 in
2034 3369 2230 3430 inferis
2260 3373 2563 3432 collocavit
2590 3377 2723 3434 Ho-

1636 3475 1832 3516 merus
1878 3453 2081 3534 Odyss.
2136 3460 2189 3532 λ,
2244 3457 2365 3526 571
2411 3479 2539 3542 sqq.
2622 3458 2720 3520 Ad

1638 3559 2015 3602 communem
2072 3552 2271 3600 autem
2338 3547 2721 3624 interpretum

1634 3635 1863 3686 morem
1890 3628 2185 3708 iungimus
2214 3649 2325 3690 vss.
2354 3633 2721 3696 298—300

1638 3731 1775 3772 oum
1803 3712 2295 3774 antecedentibus.
2378 3717 2645 3798 Alioqui,
2674 3717 2723 3775 si

1637 3800 1947 3858 sententias
1978 3811 2037 3858 et
2063 3801 2215 3860 facta
2242 3803 2509 3880 seiungas
2527 3847 2543 3875 ,
2572 3803 2725 3860 alte-

1636 3903 1771 3942 rum
1832 3881 1909 3942 ad
1974 3905 2237 3978 pugnam
2291 3887 2534 3946 deorum
2582 3907 2723 3948 cum

1640 3972 1983 4048 Gigantibus
2012 4017 2029 4048 ,
2100 3973 2307 4056 quibus
2366 3970 2725 4052 Typhoeum

1641 4075 1942 4115 accensere
1970 4059 2157 4118 solent
2184 4068 2417 4136 poetae,
2477 4060 2725 4118 alterum

1642 4139 1717 4200 ad
1746 4139 1995 4222 hydram
2037 4145 2359 4202 Lernaeam
2402 4142 2559 4220 apud
2600 4145 2725 4200 Ne-

1641 4245 1837 4288 meam
1859 4231 2107 4286 ocoisam
2132 4227 2331 4285 referri
2352 4239 2610 4308 poterat3
2660 4238 2727 4286 ut

1643 4311 2073 4372 confundantur
2110 4313 2388 4371 Hercules
2428 4314 2525 4371 ille
2570 4315 2726 4371 anti-

1646 4419 1796 4482 quae
1825 4399 2117 4476 religionis
2137 4407 2193 4456 et
2224 4397 2545 4458 Thebanus
2575 4401 2726 4457 Her-
