<?xml version="1.0" encoding="UTF-8"?>
<!DOCTYPE html PUBLIC "-//W3C//DTD XHTML 1.0 Transitional//EN"
    "http://www.w3.org/TR/xhtml1/DTD/xhtml1-transitional.dtd">
<html xmlns="http://www.w3.org/1999/xhtml" xml:lang="en" lang="en">
 <head>
  <title>
</title>
<meta http-equiv="Content-Type" content="text/html;charset=utf-8" />
  <meta name='ocr-system' content='tesseract 3.04.00' />
  <meta name='ocr-capabilities' content='ocr_page ocr_carea ocr_par ocr_line ocrx_word'/>
</head>
<body>
  <div class='ocr_page' id='page_1' title='image "./pvblivsvirgiliv00unkngoog_0202.png"; bbox 0 0 3009 5050; ppageno 0'>
   <div class='ocr_carea' id='block_1_1' title="bbox 607 398 2240 497">
    <p class='ocr_par' dir='ltr' id='par_1_1' title="bbox 607 398 2240 497">
     <span class='ocr_line' id='line_1_1' title="bbox 607 398 2240 497; baseline 0.006 -24"><span class='ocrx_word' id='word_1_1' title='bbox 607 398 1231 475; x_wconf 87' lang='lat' dir='ltr'><strong>AENEIDOS</strong></span> <span class='ocrx_word' id='word_1_2' title='bbox 1285 401 1500 485; x_wconf 86' lang='lat' dir='ltr'><strong>LIB.</strong></span> <span class='ocrx_word' id='word_1_3' title='bbox 1553 402 1759 497; x_wconf 89' lang='lat' dir='ltr'><strong>VIII,</strong></span> <span class='ocrx_word' id='word_1_4' title='bbox 1810 408 2240 483; x_wconf 81' lang='lat'><strong>294—311</strong></span> 
     </span>
    </p>
   </div>
   <div class='ocr_carea' id='block_1_2' title="bbox 269 584 2196 687">
    <p class='ocr_par' dir='ltr' id='par_1_2' title="bbox 269 584 2196 687">
     <span class='ocr_line' id='line_1_2' title="bbox 269 584 2196 687; baseline 0.003 -25"><span class='ocrx_word' id='word_1_5' title='bbox 269 591 676 663; x_wconf 85' lang='lat' dir='ltr'><strong>Lernaeus</strong></span> <span class='ocrx_word' id='word_1_6' title='bbox 707 584 939 661; x_wconf 85' lang='lat' dir='ltr'><strong>turba</strong></span> <span class='ocrx_word' id='word_1_7' title='bbox 971 586 1321 687; x_wconf 85' lang='lat' dir='ltr'><strong>capitum</strong></span> <span class='ocrx_word' id='word_1_8' title='bbox 1365 590 1876 664; x_wconf 74' lang='lat' dir='ltr'><strong>circumstetit</strong></span> <span class='ocrx_word' id='word_1_9' title='bbox 1908 591 2196 687; x_wconf 78' lang='lat' dir='ltr'>anguis,</span> 
     </span>
    </p>
   </div>
   <div class='ocr_carea' id='block_1_3' title="bbox 2364 416 2517 673">
    <p class='ocr_par' dir='ltr' id='par_1_3' title="bbox 2364 416 2517 673">
     <span class='ocr_line' id='line_1_3' title="bbox 2364 416 2513 487; baseline 0.027 -4"><span class='ocrx_word' id='word_1_10' title='bbox 2364 416 2513 487; x_wconf 79' lang='lat'>‘217</span> 
     </span>
     <span class='ocr_line' id='line_1_4' title="bbox 2368 604 2517 673; baseline 0 0"><span class='ocrx_word' id='word_1_11' title='bbox 2368 604 2517 673; x_wconf 81' lang='grc'><strong>300</strong></span> 
     </span>
    </p>
   </div>
   <div class='ocr_carea' id='block_1_4' title="bbox 273 688 2520 1208">
    <p class='ocr_par' dir='ltr' id='par_1_4' title="bbox 281 688 2195 791">
     <span class='ocr_line' id='line_1_5' title="bbox 281 688 2195 791; baseline 0.002 -26"><span class='ocrx_word' id='word_1_12' title='bbox 281 689 544 783; x_wconf 86' lang='lat' dir='ltr'><strong>Salve,</strong></span> <span class='ocrx_word' id='word_1_13' title='bbox 597 712 782 763; x_wconf 83' lang='lat' dir='ltr'><strong>vera</strong></span> <span class='ocrx_word' id='word_1_14' title='bbox 809 690 1016 764; x_wconf 83' lang='lat' dir='ltr'><strong>Iovis</strong></span> <span class='ocrx_word' id='word_1_15' title='bbox 1043 688 1352 790; x_wconf 89' lang='lat' dir='ltr'><strong>proles,</strong></span> <span class='ocrx_word' id='word_1_16' title='bbox 1409 688 1651 766; x_wconf 89' lang='lat' dir='ltr'><strong>decus</strong></span> <span class='ocrx_word' id='word_1_17' title='bbox 1681 692 1947 769; x_wconf 88' lang='lat' dir='ltr'><strong>addite</strong></span> <span class='ocrx_word' id='word_1_18' title='bbox 1978 694 2195 791; x_wconf 86' lang='lat' dir='ltr'><strong>divis,</strong></span> 
     </span>
    </p>

    <p class='ocr_par' dir='ltr' id='par_1_5' title="bbox 275 790 2195 893">
     <span class='ocr_line' id='line_1_6' title="bbox 275 790 2195 893; baseline 0.003 -24"><span class='ocrx_word' id='word_1_19' title='bbox 275 796 377 870; x_wconf 91' lang='lat' dir='ltr'><strong>Et</strong></span> <span class='ocrx_word' id='word_1_20' title='bbox 403 816 554 867; x_wconf 91' lang='lat' dir='ltr'><strong>nos</strong></span> <span class='ocrx_word' id='word_1_21' title='bbox 593 804 674 867; x_wconf 87' lang='lat' dir='ltr'><strong>et</strong></span> <span class='ocrx_word' id='word_1_22' title='bbox 700 806 834 866; x_wconf 86' lang='lat' dir='ltr'><strong>tua</strong></span> <span class='ocrx_word' id='word_1_23' title='bbox 867 792 1140 867; x_wconf 82' lang='lat' dir='ltr'><strong>dexter</strong></span> <span class='ocrx_word' id='word_1_24' title='bbox 1173 792 1299 868; x_wconf 86' lang='lat' dir='ltr'><strong>adi</strong></span> <span class='ocrx_word' id='word_1_25' title='bbox 1329 790 1542 893; x_wconf 90' lang='lat' dir='ltr'><strong>pede</strong></span> <span class='ocrx_word' id='word_1_26' title='bbox 1576 818 1787 871; x_wconf 91' lang='lat' dir='ltr'><strong>sacra</strong></span> <span class='ocrx_word' id='word_1_27' title='bbox 1818 797 2195 875; x_wconf 81' lang='lat' dir='ltr'><strong>secundo,</strong></span> 
     </span>
    </p>

    <p class='ocr_par' dir='ltr' id='par_1_6' title="bbox 273 894 2520 1208">
     <span class='ocr_line' id='line_1_7' title="bbox 282 894 2297 998; baseline 0.002 -28"><span class='ocrx_word' id='word_1_28' title='bbox 282 895 501 971; x_wconf 88' lang='lat' dir='ltr'><strong>Talia</strong></span> <span class='ocrx_word' id='word_1_29' title='bbox 537 894 1014 970; x_wconf 82' lang='lat' dir='ltr'>carminibus</span> <span class='ocrx_word' id='word_1_30' title='bbox 1048 894 1486 989; x_wconf 80' lang='lat' dir='ltr'><strong>celebrant3</strong></span> <span class='ocrx_word' id='word_1_31' title='bbox 1542 922 1781 998; x_wconf 90' lang='lat' dir='ltr'><strong>super</strong></span> <span class='ocrx_word' id='word_1_32' title='bbox 1816 900 2085 975; x_wconf 88' lang='lat' dir='ltr'><strong>omnia</strong></span> <span class='ocrx_word' id='word_1_33' title='bbox 2118 902 2297 979; x_wconf 85' lang='lat' dir='ltr'><strong>Caci</strong></span> 
     </span>
     <span class='ocr_line' id='line_1_8' title="bbox 285 997 2518 1105; baseline 0.004 -30"><span class='ocrx_word' id='word_1_34' title='bbox 285 997 766 1100; x_wconf 78' lang='lat' dir='ltr'><strong>Speluncam</strong></span> <span class='ocrx_word' id='word_1_35' title='bbox 795 997 1202 1097; x_wconf 83' lang='lat' dir='ltr'><strong>adiiciunt,</strong></span> <span class='ocrx_word' id='word_1_36' title='bbox 1255 1001 1848 1103; x_wconf 84' lang='lat' dir='ltr'><strong>spirantemque</strong></span> <span class='ocrx_word' id='word_1_37' title='bbox 1882 1001 2194 1099; x_wconf 87' lang='lat' dir='ltr'><strong>ignibus</strong></span> <span class='ocrx_word' id='word_1_38' title='bbox 2238 1005 2518 1105; x_wconf 86' lang='lat' dir='ltr'><strong>ipsum.</strong></span> 
     </span>
     <span class='ocr_line' id='line_1_9' title="bbox 273 1103 2520 1208; baseline 0.005 -35"><span class='ocrx_word' id='word_1_39' title='bbox 273 1105 695 1180; x_wconf 73' lang='lat' dir='ltr'><strong>,Consonat</strong></span> <span class='ocrx_word' id='word_1_40' title='bbox 744 1126 988 1179; x_wconf 88' lang='lat' dir='ltr'><strong>omne</strong></span> <span class='ocrx_word' id='word_1_41' title='bbox 1047 1126 1335 1179; x_wconf 88' lang='lat' dir='ltr'><strong>nemus</strong></span> <span class='ocrx_word' id='word_1_42' title='bbox 1379 1104 1711 1203; x_wconf 87' lang='lat' dir='ltr'><strong>strepitu</strong></span> <span class='ocrx_word' id='word_1_43' title='bbox 1738 1164 1759 1201; x_wconf 91' lang='lat'>‚</span> <span class='ocrx_word' id='word_1_44' title='bbox 1832 1103 2238 1208; x_wconf 88' lang='lat' dir='ltr'><strong>collesque</strong></span> <span class='ocrx_word' id='word_1_45' title='bbox 2278 1104 2520 1185; x_wconf 86' lang='lat' dir='ltr'><strong>resul-</strong></span> 
     </span>
    </p>
   </div>
   <div class='ocr_carea' id='block_1_5' title="bbox 1439 1219 2519 1293">
    <p class='ocr_par' dir='ltr' id='par_1_7' title="bbox 1439 1219 2519 1293">
     <span class='ocr_line' id='line_1_10' title="bbox 1439 1219 2519 1293; baseline 0.01 -13"><span class='ocrx_word' id='word_1_46' title='bbox 1439 1219 1627 1285; x_wconf 86' lang='lat' dir='ltr'><strong>tant.</strong></span> <span class='ocrx_word' id='word_1_47' title='bbox 2371 1223 2519 1293; x_wconf 83' lang='lat'><strong>305</strong></span> 
     </span>
    </p>
   </div>
   <div class='ocr_carea' id='block_1_6' title="bbox 280 1306 2223 1617">
    <p class='ocr_par' dir='ltr' id='par_1_8' title="bbox 280 1306 2223 1617">
     <span class='ocr_line' id='line_1_11' title="bbox 328 1306 2023 1387; baseline 0.002 -6"><span class='ocrx_word' id='word_1_48' title='bbox 328 1371 336 1381; x_wconf 86' lang='grc'><em>,</em></span> <span class='ocrx_word' id='word_1_49' title='bbox 381 1306 580 1383; x_wconf 84' lang='lat' dir='ltr'><strong>Exin</strong></span> <span class='ocrx_word' id='word_1_50' title='bbox 611 1331 698 1383; x_wconf 89' lang='lat' dir='ltr'><strong>se</strong></span> <span class='ocrx_word' id='word_1_51' title='bbox 730 1309 988 1384; x_wconf 85' lang='lat' dir='ltr'><strong>cuncti</strong></span> <span class='ocrx_word' id='word_1_52' title='bbox 1019 1308 1300 1385; x_wconf 83' lang='lat' dir='ltr'><strong>divinis</strong></span> <span class='ocrx_word' id='word_1_53' title='bbox 1327 1309 1569 1386; x_wconf 87' lang='lat' dir='ltr'><strong>rebus</strong></span> <span class='ocrx_word' id='word_1_54' title='bbox 1591 1308 1703 1385; x_wconf 78' lang='lat' dir='ltr'><strong>-ad</strong></span> <span class='ocrx_word' id='word_1_55' title='bbox 1732 1309 2023 1387; x_wconf 86' lang='lat' dir='ltr'><strong>urbem</strong></span> 
     </span>
     <span class='ocr_line' id='line_1_12' title="bbox 281 1408 2099 1511; baseline 0.002 -24"><span class='ocrx_word' id='word_1_56' title='bbox 281 1408 662 1487; x_wconf 87' lang='lat' dir='ltr'><strong>Perfectis</strong></span> <span class='ocrx_word' id='word_1_57' title='bbox 693 1410 1074 1491; x_wconf 88' lang='lat' dir='ltr'><strong>referunt.</strong></span> <span class='ocrx_word' id='word_1_58' title='bbox 1173 1413 1351 1489; x_wconf 86' lang='lat' dir='ltr'><strong>Ibat</strong></span> <span class='ocrx_word' id='word_1_59' title='bbox 1381 1438 1518 1489; x_wconf 84' lang='lat' dir='ltr'><strong>rex</strong></span> <span class='ocrx_word' id='word_1_60' title='bbox 1550 1412 1851 1489; x_wconf 86' lang='lat' dir='ltr'><strong>obsitus</strong></span> <span class='ocrx_word' id='word_1_61' title='bbox 1882 1438 2099 1511; x_wconf 79' lang='lat' dir='ltr'><strong>aevu,</strong></span> 
     </span>
     <span class='ocr_line' id='line_1_13' title="bbox 280 1516 2223 1617; baseline 0.001 -26"><span class='ocrx_word' id='word_1_62' title='bbox 280 1517 384 1591; x_wconf 91' lang='lat' dir='ltr'><strong>Et</strong></span> <span class='ocrx_word' id='word_1_63' title='bbox 415 1516 793 1591; x_wconf 86' lang='lat' dir='ltr'><strong>comitem</strong></span> <span class='ocrx_word' id='word_1_64' title='bbox 826 1522 1150 1592; x_wconf 84' lang='lat' dir='ltr'><strong>Aenean</strong></span> <span class='ocrx_word' id='word_1_65' title='bbox 1187 1518 1388 1591; x_wconf 81' lang='lat' dir='ltr'><strong>iuxta</strong></span> <span class='ocrx_word' id='word_1_66' title='bbox 1421 1529 1861 1617; x_wconf 85' lang='lat' dir='ltr'><strong>natumque</strong></span> <span class='ocrx_word' id='word_1_67' title='bbox 1897 1517 2223 1605; x_wconf 84' lang='lat' dir='ltr'><strong>tenebat</strong></span> 
     </span>
    </p>
   </div>
   <div class='ocr_carea' id='block_1_7' title="bbox 283 1617 2239 1718">
    <p class='ocr_par' dir='ltr' id='par_1_9' title="bbox 283 1617 2239 1718">
     <span class='ocr_line' id='line_1_14' title="bbox 283 1617 2239 1718; baseline 0.003 -25"><span class='ocrx_word' id='word_1_68' title='bbox 283 1617 791 1715; x_wconf 81' lang='lat' dir='ltr'><strong>IngredienS,</strong></span> <span class='ocrx_word' id='word_1_69' title='bbox 843 1620 1227 1718; x_wconf 84' lang='lat' dir='ltr'><strong>varioque</strong></span> <span class='ocrx_word' id='word_1_70' title='bbox 1250 1620 1460 1695; x_wconf 87' lang='lat' dir='ltr'><strong>viam</strong></span> <span class='ocrx_word' id='word_1_71' title='bbox 1485 1628 1873 1695; x_wconf 70' lang='lat' dir='ltr'><strong>‘sermone</strong></span> <span class='ocrx_word' id='word_1_72' title='bbox 1908 1620 2239 1699; x_wconf 86' lang='lat' dir='ltr'><strong>levabat.</strong></span> 
     </span>
    </p>
   </div>
   <div class='ocr_carea' id='block_1_8' title="bbox 283 1720 2259 1929">
    <p class='ocr_par' dir='ltr' id='par_1_10' title="bbox 283 1720 2259 1929">
     <span class='ocr_line' id='line_1_15' title="bbox 283 1720 2259 1823; baseline 0.002 -26"><span class='ocrx_word' id='word_1_73' title='bbox 283 1722 621 1797; x_wconf 85' lang='lat' dir='ltr'><strong>Miratur</strong></span> <span class='ocrx_word' id='word_1_74' title='bbox 640 1782 662 1820; x_wconf 87' lang='lat'><strong><em>‚</em></strong></span> <span class='ocrx_word' id='word_1_75' title='bbox 715 1720 1117 1823; x_wconf 88' lang='lat' dir='ltr'><strong>facilisque</strong></span> <span class='ocrx_word' id='word_1_76' title='bbox 1153 1722 1426 1800; x_wconf 89' lang='lat' dir='ltr'><strong>oculos</strong></span> <span class='ocrx_word' id='word_1_77' title='bbox 1451 1720 1611 1799; x_wconf 87' lang='lat' dir='ltr'><strong>fert</strong></span> <span class='ocrx_word' id='word_1_78' title='bbox 1642 1725 1911 1800; x_wconf 91' lang='lat' dir='ltr'><strong>omnia</strong></span> <span class='ocrx_word' id='word_1_79' title='bbox 1940 1724 2259 1822; x_wconf 88' lang='lat' dir='ltr'><strong>circum,</strong></span> 
     </span>
     <span class='ocr_line' id='line_1_16' title="bbox 283 1827 1406 1929; baseline 0.002 -28"><span class='ocrx_word' id='word_1_80' title='bbox 283 1829 626 1923; x_wconf 84' lang='lat' dir='ltr'><strong>Aeneas,</strong></span> <span class='ocrx_word' id='word_1_81' title='bbox 683 1827 1144 1929; x_wconf 87' lang='lat' dir='ltr'><strong>capiturque</strong></span> <span class='ocrx_word' id='word_1_82' title='bbox 1173 1828 1406 1921; x_wconf 86' lang='lat' dir='ltr'><strong>locis;</strong></span> 
     </span>
    </p>
   </div>
   <div class='ocr_carea' id='block_1_9' title="bbox 389 1967 937 2042">
    <p class='ocr_par' dir='ltr' id='par_1_11' title="bbox 389 1967 937 2042">
     <span class='ocr_line' id='line_1_17' title="bbox 389 1967 937 2042; baseline -0.011 0"><span class='ocrx_word' id='word_1_83' title='bbox 389 1972 559 2042; x_wconf 87' lang='grc'><strong>308.</strong></span> <span class='ocrx_word' id='word_1_84' title='bbox 604 1967 937 2041; x_wconf 74' lang='lat' dir='ltr'><strong>AENEAM</strong></span> 
     </span>
    </p>
   </div>
   <div class='ocr_carea' id='block_1_10' title="bbox 1463 1737 2525 1925">
    <p class='ocr_par' dir='ltr' id='par_1_12' title="bbox 1463 1737 2525 1925">
     <span class='ocr_line' id='line_1_18' title="bbox 1463 1737 2525 1925; baseline 0 -22"><span class='ocrx_word' id='word_1_85' title='bbox 1463 1841 1546 1903; x_wconf 84' lang='lat' dir='ltr'><strong>et</strong></span> <span class='ocrx_word' id='word_1_86' title='bbox 1570 1826 1870 1925; x_wconf 85' lang='lat' dir='ltr'><strong>singula</strong></span> <span class='ocrx_word' id='word_1_87' title='bbox 1899 1826 2145 1907; x_wconf 87' lang='lat' dir='ltr'><strong>laetus</strong></span> <span class='ocrx_word' id='word_1_88' title='bbox 2376 1737 2525 1805; x_wconf 69' lang='lat'><strong>31⁰</strong></span> 
     </span>
    </p>
   </div>
   <div class='ocr_carea' id='block_1_11' title="bbox 286 2184 2529 2376">
    <p class='ocr_par' dir='ltr' id='par_1_13' title="bbox 286 2184 2529 2376">
     <span class='ocr_line' id='line_1_19' title="bbox 286 2184 2521 2257; baseline 0 -21"><span class='ocrx_word' id='word_1_89' title='bbox 286 2184 370 2237; x_wconf 76' lang='lat' dir='ltr'><strong>vel</strong></span> <span class='ocrx_word' id='word_1_90' title='bbox 405 2186 748 2240; x_wconf 71' lang='lat' dir='ltr'><strong>audacissimo</strong></span> <span class='ocrx_word' id='word_1_91' title='bbox 781 2188 1149 2241; x_wconf 79' lang='lat' dir='ltr'><strong>incutiendum.</strong></span> <span class='ocrx_word' id='word_1_92' title='bbox 1215 2188 1381 2240; x_wconf 76' lang='lat' dir='ltr'><strong>Parva</strong></span> <span class='ocrx_word' id='word_1_93' title='bbox 1413 2188 1632 2257; x_wconf 73' lang='lat' dir='ltr'><strong>irrepsit</strong></span> <span class='ocrx_word' id='word_1_94' title='bbox 1676 2187 1733 2239; x_wconf 82' lang='lat' dir='ltr'><strong>in</strong></span> <span class='ocrx_word' id='word_1_95' title='bbox 1764 2188 1931 2241; x_wconf 77' lang='lat' dir='ltr'><strong>libros</strong></span> <span class='ocrx_word' id='word_1_96' title='bbox 1980 2187 2151 2239; x_wconf 77' lang='lat' dir='ltr'><strong>editos</strong></span> <span class='ocrx_word' id='word_1_97' title='bbox 2202 2186 2521 2257; x_wconf 75' lang='lat' dir='ltr'><strong>corruptela:</strong></span> 
     </span>
     <span class='ocr_line' id='line_1_20' title="bbox 288 2254 2529 2376; baseline 0.001 -71"><span class='ocrx_word' id='word_1_98' title='bbox 288 2254 495 2307; x_wconf 70' lang='lat' dir='ltr'><strong>sublato</strong></span> <span class='ocrx_word' id='word_1_99' title='bbox 535 2268 660 2376; x_wconf 63' lang='lat' dir='ltr'><strong>post</strong></span> <span class='ocrx_word' id='word_1_100' title='bbox 692 2259 921 2311; x_wconf 76' lang='lat' dir='ltr'><strong>Arduus</strong></span> <span class='ocrx_word' id='word_1_101' title='bbox 957 2266 1212 2311; x_wconf 79' lang='lat' dir='ltr'><strong>commate</strong></span> <span class='ocrx_word' id='word_1_102' title='bbox 1247 2258 1517 2325; x_wconf 80' lang='lat' dir='ltr'><strong>praeclara</strong></span> <span class='ocrx_word' id='word_1_103' title='bbox 1554 2268 1675 2309; x_wconf 85' lang='lat' dir='ltr'><strong>sunt</strong></span> <span class='ocrx_word' id='word_1_104' title='bbox 1707 2257 1895 2309; x_wconf 80' lang='lat' dir='ltr'><strong>omnia.</strong></span> <span class='ocrx_word' id='word_1_105' title='bbox 1964 2260 2033 2321; x_wconf 80' lang='lat' dir='ltr'><strong>V,</strong></span> <span class='ocrx_word' id='word_1_106' title='bbox 2067 2258 2215 2313; x_wconf 81' lang='lat'><strong>478.:</strong></span> <span class='ocrx_word' id='word_1_107' title='bbox 2268 2258 2529 2327; x_wconf 78' lang='lat' dir='ltr'><strong>durosque</strong></span> 
     </span>
    </p>
   </div>
   <div class='ocr_carea' id='block_1_12' title="bbox 287 2323 500 2377">
    <p class='ocr_par' dir='ltr' id='par_1_14' title="bbox 287 2323 500 2377">
     <span class='ocr_line' id='line_1_21' title="bbox 287 2323 500 2377; baseline 0.014 -3"><span class='ocrx_word' id='word_1_108' title='bbox 287 2323 500 2377; x_wconf 80' lang='lat' dir='ltr'><strong>reducta</strong></span> 
     </span>
    </p>
   </div>
   <div class='ocr_carea' id='block_1_13' title="bbox 289 2396 1685 2463">
    <p class='ocr_par' dir='ltr' id='par_1_15' title="bbox 289 2396 1685 2463">
     <span class='ocr_line' id='line_1_22' title="bbox 289 2396 1685 2463; baseline 0.003 -20"><span class='ocrx_word' id='word_1_109' title='bbox 289 2410 605 2463; x_wconf 70' lang='lat' dir='ltr'><strong>„saxumque</strong></span> <span class='ocrx_word' id='word_1_110' title='bbox 639 2397 792 2448; x_wconf 75' lang='lat' dir='ltr'><strong>undis</strong></span> <span class='ocrx_word' id='word_1_111' title='bbox 827 2398 1032 2449; x_wconf 79' lang='lat' dir='ltr'><strong>inmane</strong></span> <span class='ocrx_word' id='word_1_112' title='bbox 1077 2397 1301 2448; x_wconf 79' lang='lat' dir='ltr'><strong>minatur</strong></span> <span class='ocrx_word' id='word_1_113' title='bbox 1347 2402 1391 2447; x_wconf 85' lang='lat' dir='ltr'>A</span> <span class='ocrx_word' id='word_1_114' title='bbox 1404 2415 1432 2446; x_wconf 91' lang='lat' dir='ltr'><strong>r</strong></span> <span class='ocrx_word' id='word_1_115' title='bbox 1449 2396 1483 2447; x_wconf 83' lang='lat' dir='ltr'><strong>d</strong></span> <span class='ocrx_word' id='word_1_116' title='bbox 1499 2415 1533 2448; x_wconf 84' lang='lat' dir='ltr'><strong>u</strong></span> <span class='ocrx_word' id='word_1_117' title='bbox 1548 2415 1579 2447; x_wconf 89' lang='grc' dir='ltr'><strong>ιι</strong></span> <span class='ocrx_word' id='word_1_118' title='bbox 1596 2416 1639 2447; x_wconf 83' lang='lat' dir='ltr'><strong>s.</strong></span> <span class='ocrx_word' id='word_1_119' title='bbox 1652 2400 1685 2427; x_wconf 90' lang='lat'><strong>“</strong></span> 
     </span>
    </p>
   </div>
   <div class='ocr_carea' id='block_1_14' title="bbox 592 2326 2525 2394">
    <p class='ocr_par' dir='ltr' id='par_1_16' title="bbox 592 2326 2525 2394">
     <span class='ocr_line' id='line_1_23' title="bbox 592 2326 2525 2394; baseline -0.001 -16"><span class='ocrx_word' id='word_1_120' title='bbox 592 2328 613 2378; x_wconf 87' lang='lat' dir='ltr'><strong>i</strong></span> <span class='ocrx_word' id='word_1_121' title='bbox 631 2329 744 2379; x_wconf 79' lang='lat' dir='ltr'><strong>bra</strong></span> <span class='ocrx_word' id='word_1_122' title='bbox 759 2328 864 2379; x_wconf 80' lang='lat' dir='ltr'><strong>vit</strong></span> <span class='ocrx_word' id='word_1_123' title='bbox 897 2328 1080 2381; x_wconf 76' lang='lat' dir='ltr'><strong>dextre</strong></span> <span class='ocrx_word' id='word_1_124' title='bbox 1109 2326 1279 2379; x_wconf 80' lang='lat' dir='ltr'><strong>media</strong></span> <span class='ocrx_word' id='word_1_125' title='bbox 1299 2328 1439 2379; x_wconf 84' lang='lat' dir='ltr'><strong>inter</strong></span> <span class='ocrx_word' id='word_1_126' title='bbox 1477 2342 1673 2379; x_wconf 79' lang='lat' dir='ltr'><strong>cornua</strong></span> <span class='ocrx_word' id='word_1_127' title='bbox 1698 2338 1867 2379; x_wconf 77' lang='lat' dir='ltr'><strong>cestus</strong></span> <span class='ocrx_word' id='word_1_128' title='bbox 1902 2331 1946 2378; x_wconf 72' lang='lat' dir='ltr'>A</span> <span class='ocrx_word' id='word_1_129' title='bbox 1960 2327 2035 2377; x_wconf 84' lang='lat' dir='ltr'><strong>rd</strong></span> <span class='ocrx_word' id='word_1_130' title='bbox 2050 2344 2081 2377; x_wconf 98' lang='grc' dir='ltr'><strong>ιι</strong></span> <span class='ocrx_word' id='word_1_131' title='bbox 2097 2344 2128 2377; x_wconf 98' lang='grc' dir='ltr'><strong>ιι</strong></span> <span class='ocrx_word' id='word_1_132' title='bbox 2143 2332 2221 2379; x_wconf 80' lang='lat' dir='ltr'><strong>s.·‘</strong></span> <span class='ocrx_word' id='word_1_133' title='bbox 2269 2328 2345 2394; x_wconf 91' lang='lat' dir='ltr'><strong>X,</strong></span> <span class='ocrx_word' id='word_1_134' title='bbox 2385 2326 2525 2380; x_wconf 86' lang='lat'><strong>196.:</strong></span> 
     </span>
    </p>
   </div>
   <div class='ocr_carea' id='block_1_15' title="bbox 1756 2396 2535 2461">
    <p class='ocr_par' dir='ltr' id='par_1_17' title="bbox 1756 2396 2535 2461">
     <span class='ocr_line' id='line_1_24' title="bbox 1756 2396 2535 2461; baseline -0.001 -14"><span class='ocrx_word' id='word_1_135' title='bbox 1756 2397 1891 2447; x_wconf 83' lang='lat' dir='ltr'><strong>Hinc</strong></span> <span class='ocrx_word' id='word_1_136' title='bbox 1924 2396 2047 2460; x_wconf 84' lang='lat' dir='ltr'><strong>XII,</strong></span> <span class='ocrx_word' id='word_1_137' title='bbox 2082 2396 2229 2451; x_wconf 87' lang='lat'><strong>789.:</strong></span> <span class='ocrx_word' id='word_1_138' title='bbox 2284 2414 2438 2461; x_wconf 84' lang='lat' dir='ltr'><strong>„acer</strong></span> <span class='ocrx_word' id='word_1_139' title='bbox 2479 2403 2535 2446; x_wconf 84' lang='lat' dir='ltr'><strong>et</strong></span> 
     </span>
    </p>
   </div>
   <div class='ocr_carea' id='block_1_16' title="bbox 288 2464 2536 2602">
    <p class='ocr_par' dir='ltr' id='par_1_18' title="bbox 288 2464 2536 2602">
     <span class='ocr_line' id='line_1_25' title="bbox 288 2464 2536 2536; baseline 0.001 -23"><span class='ocrx_word' id='word_1_140' title='bbox 288 2464 451 2513; x_wconf 80' lang='lat' dir='ltr'><strong>ardu</strong></span> <span class='ocrx_word' id='word_1_141' title='bbox 469 2481 499 2513; x_wconf 90' lang='lat' dir='ltr'><strong>u</strong></span> <span class='ocrx_word' id='word_1_142' title='bbox 515 2483 539 2516; x_wconf 79' lang='lat' dir='ltr'><strong>s</strong></span> <span class='ocrx_word' id='word_1_143' title='bbox 576 2465 612 2515; x_wconf 90' lang='lat' dir='ltr'><strong>h</strong></span> <span class='ocrx_word' id='word_1_144' title='bbox 627 2483 658 2517; x_wconf 79' lang='lat' dir='ltr'><strong>a</strong></span> <span class='ocrx_word' id='word_1_145' title='bbox 673 2484 698 2517; x_wconf 80' lang='lat' dir='ltr'><strong>s</strong></span> <span class='ocrx_word' id='word_1_146' title='bbox 711 2468 827 2517; x_wconf 79' lang='lat' dir='ltr'><strong>ta.“</strong></span> <span class='ocrx_word' id='word_1_147' title='bbox 893 2466 1043 2517; x_wconf 79' lang='lat' dir='ltr'><strong>Adde</strong></span> <span class='ocrx_word' id='word_1_148' title='bbox 1076 2466 1168 2517; x_wconf 87' lang='lat' dir='ltr'><strong>Sil.</strong></span> <span class='ocrx_word' id='word_1_149' title='bbox 1205 2464 1318 2517; x_wconf 85' lang='lat' dir='ltr'><strong>Ital.</strong></span> <span class='ocrx_word' id='word_1_150' title='bbox 1353 2468 1491 2528; x_wconf 85' lang='lat' dir='ltr'><strong>vm,</strong></span> <span class='ocrx_word' id='word_1_151' title='bbox 1526 2465 1645 2518; x_wconf 86' lang='lat'><strong>559.</strong></span> <span class='ocrx_word' id='word_1_152' title='bbox 1680 2483 1759 2536; x_wconf 79' lang='lat' dir='ltr'><strong>sq.</strong></span> <span class='ocrx_word' id='word_1_153' title='bbox 1828 2467 2015 2534; x_wconf 82' lang='lat' dir='ltr'><strong>Neque</strong></span> <span class='ocrx_word' id='word_1_154' title='bbox 2048 2464 2282 2516; x_wconf 84' lang='lat' dir='ltr'><strong>offendet</strong></span> <span class='ocrx_word' id='word_1_155' title='bbox 2306 2466 2536 2517; x_wconf 70' lang='lat' dir='ltr'><strong>Arduus</strong></span> 
     </span>
     <span class='ocr_line' id='line_1_26' title="bbox 289 2533 2532 2602; baseline 0 -19"><span class='ocrx_word' id='word_1_156' title='bbox 289 2533 568 2602; x_wconf 80' lang='lat' dir='ltr'><strong>participio</strong></span> <span class='ocrx_word' id='word_1_157' title='bbox 599 2537 849 2598; x_wconf 83' lang='lat' dir='ltr'><strong>iunctum,</strong></span> <span class='ocrx_word' id='word_1_158' title='bbox 885 2535 1006 2588; x_wconf 90' lang='lat' dir='ltr'><strong>coll.</strong></span> <span class='ocrx_word' id='word_1_159' title='bbox 1039 2537 1106 2596; x_wconf 80' lang='lat' dir='ltr'><strong>V,</strong></span> <span class='ocrx_word' id='word_1_160' title='bbox 1147 2535 1266 2589; x_wconf 81' lang='grc'><strong>277.</strong></span> <span class='ocrx_word' id='word_1_161' title='bbox 1287 2553 1298 2584; x_wconf 90' lang='lat'>:</span> <span class='ocrx_word' id='word_1_162' title='bbox 1336 2573 1352 2599; x_wconf 91' lang='lat'><strong>,</strong></span> <span class='ocrx_word' id='word_1_163' title='bbox 1369 2535 1542 2596; x_wconf 79' lang='lat' dir='ltr'><strong>‚sibila</strong></span> <span class='ocrx_word' id='word_1_164' title='bbox 1593 2536 1730 2586; x_wconf 80' lang='lat' dir='ltr'><strong>colla</strong></span> <span class='ocrx_word' id='word_1_165' title='bbox 1780 2542 1863 2587; x_wconf 79' lang='lat' dir='ltr'><strong>Ar</strong></span> <span class='ocrx_word' id='word_1_166' title='bbox 1880 2535 1914 2585; x_wconf 83' lang='lat' dir='ltr'><strong>d</strong></span> <span class='ocrx_word' id='word_1_167' title='bbox 1933 2552 1964 2585; x_wconf 98' lang='grc' dir='ltr'><strong>ιι</strong></span> <span class='ocrx_word' id='word_1_168' title='bbox 1978 2552 2010 2585; x_wconf 88' lang='lat' dir='ltr'><strong>u</strong></span> <span class='ocrx_word' id='word_1_169' title='bbox 2023 2553 2048 2584; x_wconf 76' lang='lat' dir='ltr'>a</span> <span class='ocrx_word' id='word_1_170' title='bbox 2096 2552 2123 2586; x_wconf 77' lang='lat' dir='ltr'><strong>a</strong></span> <span class='ocrx_word' id='word_1_171' title='bbox 2143 2534 2179 2585; x_wconf 88' lang='lat' dir='ltr'><strong>d</strong></span> <span class='ocrx_word' id='word_1_172' title='bbox 2192 2535 2327 2586; x_wconf 84' lang='lat' dir='ltr'><strong>toll</strong></span> <span class='ocrx_word' id='word_1_173' title='bbox 2345 2554 2373 2587; x_wconf 87' lang='lat' dir='ltr'><strong>e</strong></span> <span class='ocrx_word' id='word_1_174' title='bbox 2387 2552 2421 2584; x_wconf 87' lang='lat' dir='ltr'><strong>n</strong></span> <span class='ocrx_word' id='word_1_175' title='bbox 2439 2552 2485 2585; x_wconf 74' lang='lat' dir='ltr'><strong>s.</strong></span> <span class='ocrx_word' id='word_1_176' title='bbox 2498 2536 2532 2564; x_wconf 76' lang='lat'><strong>‘⁴</strong></span> 
     </span>
    </p>
   </div>
   <div class='ocr_carea' id='block_1_17' title="bbox 291 2602 1670 2672">
    <p class='ocr_par' dir='ltr' id='par_1_19' title="bbox 291 2602 1670 2672">
     <span class='ocr_line' id='line_1_27' title="bbox 291 2602 1670 2672; baseline 0.001 -18"><span class='ocrx_word' id='word_1_177' title='bbox 291 2602 429 2654; x_wconf 76' lang='lat' dir='ltr'><strong>adde</strong></span> <span class='ocrx_word' id='word_1_178' title='bbox 465 2605 564 2668; x_wconf 83' lang='lat' dir='ltr'><strong>XI,</strong></span> <span class='ocrx_word' id='word_1_179' title='bbox 597 2603 717 2658; x_wconf 87' lang='lat'><strong>755.</strong></span> <span class='ocrx_word' id='word_1_180' title='bbox 754 2615 812 2655; x_wconf 84' lang='lat' dir='ltr'><strong>et</strong></span> <span class='ocrx_word' id='word_1_181' title='bbox 844 2605 910 2656; x_wconf 84' lang='lat' dir='ltr'><strong>V.</strong></span> <span class='ocrx_word' id='word_1_182' title='bbox 943 2605 1006 2655; x_wconf 77' lang='lat'><strong>1..</strong></span> <span class='ocrx_word' id='word_1_183' title='bbox 1055 2603 1123 2654; x_wconf 77' lang='lat' dir='ltr'><strong>ad</strong></span> <span class='ocrx_word' id='word_1_184' title='bbox 1149 2605 1301 2666; x_wconf 83' lang='lat' dir='ltr'><strong>vm,</strong></span> <span class='ocrx_word' id='word_1_185' title='bbox 1351 2604 1474 2658; x_wconf 84' lang='lat'><strong>559.</strong></span> <span class='ocrx_word' id='word_1_186' title='bbox 1528 2605 1670 2672; x_wconf 87' lang='lat' dir='ltr'><strong>Wr.)</strong></span> 
     </span>
    </p>
   </div>
   <div class='ocr_carea' id='block_1_18' title="bbox 293 2671 1314 2792">
    <p class='ocr_par' dir='ltr' id='par_1_20' title="bbox 293 2671 1314 2792">
     <span class='ocr_line' id='line_1_28' title="bbox 572 2671 1314 2726; baseline -0.003 -2"><span class='ocrx_word' id='word_1_187' title='bbox 572 2671 668 2726; x_wconf 83' lang='lat'><strong>301</strong></span> <span class='ocrx_word' id='word_1_188' title='bbox 701 2672 839 2724; x_wconf 76' lang='lat' dir='ltr'><strong>deus</strong></span> <span class='ocrx_word' id='word_1_189' title='bbox 865 2673 1052 2723; x_wconf 81' lang='lat' dir='ltr'><strong>addite</strong></span> <span class='ocrx_word' id='word_1_190' title='bbox 1077 2671 1314 2722; x_wconf 75' lang='lat' dir='ltr'><strong>Parthas.</strong></span> 
     </span>
     <span class='ocr_line' id='line_1_29' title="bbox 293 2739 772 2792; baseline -0.002 0"><span class='ocrx_word' id='word_1_191' title='bbox 293 2741 426 2792; x_wconf 74' lang='lat' dir='ltr'><strong>hinc</strong></span> <span class='ocrx_word' id='word_1_192' title='bbox 458 2739 564 2791; x_wconf 86' lang='lat' dir='ltr'><strong>duo</strong></span> <span class='ocrx_word' id='word_1_193' title='bbox 598 2742 772 2792; x_wconf 89' lang='lat' dir='ltr'><strong>Burm.</strong></span> 
     </span>
    </p>
   </div>
   <div class='ocr_carea' id='block_1_19' title="bbox 287 2673 468 2723">
    <p class='ocr_par' dir='ltr' id='par_1_21' title="bbox 287 2673 468 2723">
     <span class='ocr_line' id='line_1_30' title="bbox 287 2673 468 2723; baseline 0.011 -2"><span class='ocrx_word' id='word_1_194' title='bbox 287 2673 468 2723; x_wconf 84' lang='lat' dir='ltr'><strong>Burm.</strong></span> 
     </span>
    </p>
   </div>
   <div class='ocr_carea' id='block_1_20' title="bbox 1419 2671 2181 2737">
    <p class='ocr_par' dir='ltr' id='par_1_22' title="bbox 1419 2671 2181 2737">
     <span class='ocr_line' id='line_1_31' title="bbox 1419 2671 2181 2737; baseline -0.001 -13"><span class='ocrx_word' id='word_1_195' title='bbox 1419 2671 1521 2724; x_wconf 81' lang='lat'><strong>305</strong></span> <span class='ocrx_word' id='word_1_196' title='bbox 1550 2675 1667 2737; x_wconf 84' lang='lat' dir='ltr'><strong>Quo</strong></span> <span class='ocrx_word' id='word_1_197' title='bbox 1694 2684 1855 2724; x_wconf 71' lang='lat' dir='ltr'><strong>sonat</strong></span> <span class='ocrx_word' id='word_1_198' title='bbox 1883 2673 2049 2723; x_wconf 80' lang='lat' dir='ltr'><strong>Goth.</strong></span> <span class='ocrx_word' id='word_1_199' title='bbox 2078 2689 2181 2723; x_wconf 82' lang='lat' dir='ltr'><strong>sec.</strong></span> 
     </span>
    </p>
   </div>
   <div class='ocr_carea' id='block_1_21' title="bbox 1806 2603 2537 2726">
    <p class='ocr_par' dir='ltr' id='par_1_23' title="bbox 1806 2603 2537 2726">
     <span class='ocr_line' id='line_1_32' title="bbox 1806 2603 2537 2672; baseline -0.004 -16"><span class='ocrx_word' id='word_1_200' title='bbox 1806 2605 1913 2656; x_wconf 69' lang='grc' dir='ltr'><strong>θα)</strong></span> <span class='ocrx_word' id='word_1_201' title='bbox 1944 2605 2290 2655; x_wconf 71' lang='lat' dir='ltr'><strong>circumstitit</strong></span> <span class='ocrx_word' id='word_1_202' title='bbox 2336 2603 2537 2672; x_wconf 74' lang='lat' dir='ltr'><strong>aliquot</strong></span> 
     </span>
     <span class='ocr_line' id='line_1_33' title="bbox 2286 2673 2536 2726; baseline -0.02 0"><span class='ocrx_word' id='word_1_203' title='bbox 2286 2673 2389 2726; x_wconf 79' lang='lat'><strong>306</strong></span> <span class='ocrx_word' id='word_1_204' title='bbox 2418 2677 2536 2722; x_wconf 77' lang='lat' dir='ltr'><em>Ex·-</em></span> 
     </span>
    </p>
   </div>
   <div class='ocr_carea' id='block_1_22' title="bbox 845 2737 2539 2809">
    <p class='ocr_par' dir='ltr' id='par_1_24' title="bbox 845 2737 2539 2809">
     <span class='ocr_line' id='line_1_34' title="bbox 845 2737 2539 2809; baseline -0.001 -18"><span class='ocrx_word' id='word_1_205' title='bbox 845 2742 1022 2809; x_wconf 80' lang='lat' dir='ltr'><strong>(Exim</strong></span> <span class='ocrx_word' id='word_1_206' title='bbox 1055 2737 1279 2800; x_wconf 79' lang='lat' dir='ltr'><strong>Medic.;</strong></span> <span class='ocrx_word' id='word_1_207' title='bbox 1313 2739 1418 2791; x_wconf 77' lang='lat' dir='ltr'><strong>vid.</strong></span> <span class='ocrx_word' id='word_1_208' title='bbox 1455 2742 1523 2792; x_wconf 83' lang='lat' dir='ltr'><strong>V.</strong></span> <span class='ocrx_word' id='word_1_209' title='bbox 1557 2740 1617 2790; x_wconf 83' lang='lat' dir='ltr'><strong>L.</strong></span> <span class='ocrx_word' id='word_1_210' title='bbox 1641 2741 1707 2790; x_wconf 79' lang='lat' dir='ltr'><strong>ad</strong></span> <span class='ocrx_word' id='word_1_211' title='bbox 1736 2741 1853 2803; x_wconf 80' lang='lat' dir='ltr'><strong>vn,</strong></span> <span class='ocrx_word' id='word_1_212' title='bbox 1886 2739 2005 2792; x_wconf 78' lang='lat'><strong>341.</strong></span> <span class='ocrx_word' id='word_1_213' title='bbox 2044 2740 2185 2802; x_wconf 82' lang='lat' dir='ltr'><strong>Wr.)</strong></span> <span class='ocrx_word' id='word_1_214' title='bbox 2289 2741 2389 2793; x_wconf 81' lang='lat'><strong>308</strong></span> <span class='ocrx_word' id='word_1_215' title='bbox 2420 2753 2539 2790; x_wconf 71' lang='lat' dir='ltr'><strong>tra-</strong></span> 
     </span>
    </p>
   </div>
   <div class='ocr_carea' id='block_1_23' title="bbox 287 2807 2539 2878">
    <p class='ocr_par' dir='ltr' id='par_1_25' title="bbox 287 2807 2539 2878">
     <span class='ocr_line' id='line_1_35' title="bbox 287 2807 2539 2878; baseline -0.001 -18"><span class='ocrx_word' id='word_1_216' title='bbox 287 2807 456 2860; x_wconf 68' lang='lat' dir='ltr'><strong>hebat</strong></span> <span class='ocrx_word' id='word_1_217' title='bbox 489 2825 588 2871; x_wconf 73' lang='lat' dir='ltr'><strong>pro</strong></span> <span class='ocrx_word' id='word_1_218' title='bbox 624 2827 735 2862; x_wconf 76' lang='lat' dir='ltr'><strong>var.</strong></span> <span class='ocrx_word' id='word_1_219' title='bbox 769 2809 892 2862; x_wconf 85' lang='lat' dir='ltr'><strong>lect.</strong></span> <span class='ocrx_word' id='word_1_220' title='bbox 927 2829 1010 2878; x_wconf 86' lang='lat' dir='ltr'><strong>pr.</strong></span> <span class='ocrx_word' id='word_1_221' title='bbox 1041 2809 1250 2872; x_wconf 65' lang='lat' dir='ltr'><strong>Hamb„</strong></span> <span class='ocrx_word' id='word_1_222' title='bbox 1283 2818 1340 2860; x_wconf 78' lang='lat' dir='ltr'><strong>ut</strong></span> <span class='ocrx_word' id='word_1_223' title='bbox 1372 2813 1499 2860; x_wconf 80' lang='lat' dir='ltr'><strong>Aen.</strong></span> <span class='ocrx_word' id='word_1_224' title='bbox 1534 2809 1598 2872; x_wconf 88' lang='lat'><strong>11,</strong></span> <span class='ocrx_word' id='word_1_225' title='bbox 1631 2807 1751 2870; x_wconf 79' lang='lat'><strong>457,</strong></span> <span class='ocrx_word' id='word_1_226' title='bbox 1798 2808 1935 2859; x_wconf 82' lang='lat' dir='ltr'><strong>unde</strong></span> <span class='ocrx_word' id='word_1_227' title='bbox 1968 2808 2071 2858; x_wconf 85' lang='lat' dir='ltr'><strong>huc</strong></span> <span class='ocrx_word' id='word_1_228' title='bbox 2102 2808 2306 2859; x_wconf 71' lang='lat' dir='ltr'><strong>venisse</strong></span> <span class='ocrx_word' id='word_1_229' title='bbox 2336 2808 2539 2874; x_wconf 80' lang='lat' dir='ltr'><strong>proba·-</strong></span> 
     </span>
    </p>
   </div>
   <div class='ocr_carea' id='block_1_24' title="bbox 291 2877 2061 2948">
    <p class='ocr_par' dir='ltr' id='par_1_26' title="bbox 291 2877 2061 2948">
     <span class='ocr_line' id='line_1_36' title="bbox 291 2877 2061 2948; baseline -0.002 -19"><span class='ocrx_word' id='word_1_230' title='bbox 291 2877 402 2929; x_wconf 78' lang='lat' dir='ltr'><strong>bile</strong></span> <span class='ocrx_word' id='word_1_231' title='bbox 435 2877 564 2930; x_wconf 83' lang='lat' dir='ltr'><strong>mihi</strong></span> <span class='ocrx_word' id='word_1_232' title='bbox 599 2877 674 2930; x_wconf 86' lang='lat' dir='ltr'><strong>fit.</strong></span> <span class='ocrx_word' id='word_1_233' title='bbox 716 2881 993 2948; x_wconf 80' lang='lat' dir='ltr'><strong>(Aeneam,</strong></span> <span class='ocrx_word' id='word_1_234' title='bbox 1038 2895 1234 2930; x_wconf 84' lang='lat' dir='ltr'><strong>merum</strong></span> <span class='ocrx_word' id='word_1_235' title='bbox 1270 2877 1506 2946; x_wconf 75' lang='lat' dir='ltr'><strong>sphalma</strong></span> <span class='ocrx_word' id='word_1_236' title='bbox 1542 2877 1669 2929; x_wconf 83' lang='lat' dir='ltr'><strong>edit.</strong></span> <span class='ocrx_word' id='word_1_237' title='bbox 1704 2879 1875 2943; x_wconf 76' lang='lat' dir='ltr'><strong>Heyn.</strong></span> <span class='ocrx_word' id='word_1_238' title='bbox 1916 2877 2061 2944; x_wconf 81' lang='lat' dir='ltr'><strong>Wr.)</strong></span> 
     </span>
    </p>
   </div>
   <div class='ocr_carea' id='block_1_25' title="bbox 2197 2877 2541 2946">
    <p class='ocr_par' dir='ltr' id='par_1_27' title="bbox 2197 2877 2541 2946">
     <span class='ocr_line' id='line_1_37' title="bbox 2197 2877 2541 2946; baseline -0.015 -16"><span class='ocrx_word' id='word_1_239' title='bbox 2197 2877 2300 2930; x_wconf 77' lang='lat'><strong>309</strong></span> <span class='ocrx_word' id='word_1_240' title='bbox 2335 2879 2401 2928; x_wconf 87' lang='lat' dir='ltr'><strong>In</strong></span> <span class='ocrx_word' id='word_1_241' title='bbox 2405 2892 2541 2946; x_wconf 71' lang='lat' dir='ltr'><strong>gre·-</strong></span> 
     </span>
    </p>
   </div>
   <div class='ocr_carea' id='block_1_26' title="bbox 292 2943 2539 3018">
    <p class='ocr_par' dir='ltr' id='par_1_28' title="bbox 292 2943 2539 3018">
     <span class='ocr_line' id='line_1_38' title="bbox 292 2943 2539 3018; baseline -0.001 -20"><span class='ocrx_word' id='word_1_242' title='bbox 292 2947 556 3018; x_wconf 73' lang='lat' dir='ltr'><strong>aiensque</strong></span> <span class='ocrx_word' id='word_1_243' title='bbox 588 2951 736 3001; x_wconf 77' lang='lat' dir='ltr'><strong>viam</strong></span> <span class='ocrx_word' id='word_1_244' title='bbox 768 2951 928 3001; x_wconf 80' lang='lat' dir='ltr'><strong>vario</strong></span> <span class='ocrx_word' id='word_1_245' title='bbox 963 2967 1007 3001; x_wconf 73' lang='lat' dir='ltr'><strong>e.</strong></span> <span class='ocrx_word' id='word_1_246' title='bbox 1042 2949 1176 3000; x_wconf 84' lang='lat' dir='ltr'><strong>Ven.</strong></span> <span class='ocrx_word' id='word_1_247' title='bbox 1249 2947 1506 3000; x_wconf 72' lang='lat' dir='ltr'><strong>levabant</strong></span> <span class='ocrx_word' id='word_1_248' title='bbox 1541 2949 1744 3016; x_wconf 76' lang='lat' dir='ltr'><strong>Hagen.</strong></span> <span class='ocrx_word' id='word_1_249' title='bbox 1781 2964 1813 2998; x_wconf 80' lang='lat' dir='ltr'>a</span> <span class='ocrx_word' id='word_1_250' title='bbox 1844 2963 1914 2998; x_wconf 86' lang='lat' dir='ltr'><strong>m.</strong></span> <span class='ocrx_word' id='word_1_251' title='bbox 1950 2963 2055 2997; x_wconf 80' lang='lat' dir='ltr'><strong>sec.</strong></span> <span class='ocrx_word' id='word_1_252' title='bbox 2090 2954 2146 2996; x_wconf 83' lang='lat' dir='ltr'><strong>et</strong></span> <span class='ocrx_word' id='word_1_253' title='bbox 2179 2944 2357 2998; x_wconf 83' lang='lat' dir='ltr'><strong>Schol.</strong></span> <span class='ocrx_word' id='word_1_254' title='bbox 2384 2943 2539 2997; x_wconf 75' lang='lat' dir='ltr'><strong>statii</strong></span> 
     </span>
    </p>
   </div>
   <div class='ocr_carea' id='block_1_27' title="bbox 293 3017 1119 3086">
    <p class='ocr_par' dir='ltr' id='par_1_29' title="bbox 293 3017 1119 3086">
     <span class='ocr_line' id='line_1_39' title="bbox 293 3017 1119 3086; baseline 0.005 -19"><span class='ocrx_word' id='word_1_255' title='bbox 293 3017 434 3086; x_wconf 80' lang='lat' dir='ltr'><strong>apud</strong></span> <span class='ocrx_word' id='word_1_256' title='bbox 471 3019 644 3071; x_wconf 85' lang='lat' dir='ltr'><strong>Burm.</strong></span> <span class='ocrx_word' id='word_1_257' title='bbox 711 3017 938 3074; x_wconf 69' lang='lat' dir='ltr'><strong>lavabat</strong></span> <span class='ocrx_word' id='word_1_258' title='bbox 969 3021 1119 3072; x_wconf 84' lang='lat' dir='ltr'><strong>Rom.</strong></span> 
     </span>
    </p>
   </div>
   <div class='ocr_carea' id='block_1_28' title="bbox 296 3211 1388 4488">
    <p class='ocr_par' dir='ltr' id='par_1_30' title="bbox 296 3211 1388 4488">
     <span class='ocr_line' id='line_1_40' title="bbox 297 3211 1372 3294; baseline 0.002 -26"><span class='ocrx_word' id='word_1_259' title='bbox 297 3211 494 3286; x_wconf 68' lang='lat' dir='ltr'><strong>cules,</strong></span> <span class='ocrx_word' id='word_1_260' title='bbox 553 3211 712 3294; x_wconf 85' lang='lat' dir='ltr'><strong>quod</strong></span> <span class='ocrx_word' id='word_1_261' title='bbox 767 3231 878 3272; x_wconf 82' lang='lat' dir='ltr'><strong>nec</strong></span> <span class='ocrx_word' id='word_1_262' title='bbox 935 3215 1058 3272; x_wconf 83' lang='lat' dir='ltr'><strong>sine</strong></span> <span class='ocrx_word' id='word_1_263' title='bbox 1101 3212 1372 3291; x_wconf 84' lang='lat' dir='ltr'><strong>exemplo</strong></span> 
     </span>
     <span class='ocr_line' id='line_1_41' title="bbox 296 3295 1375 3377; baseline 0.002 -25"><span class='ocrx_word' id='word_1_264' title='bbox 296 3295 476 3354; x_wconf 84' lang='lat' dir='ltr'><strong>fieret.</strong></span> <span class='ocrx_word' id='word_1_265' title='bbox 562 3300 702 3376; x_wconf 81' lang='lat' dir='ltr'><strong>(Cui</strong></span> <span class='ocrx_word' id='word_1_266' title='bbox 731 3299 1100 3377; x_wconf 79' lang='lat' dir='ltr'><strong>explicationi</strong></span> <span class='ocrx_word' id='word_1_267' title='bbox 1125 3300 1248 3377; x_wconf 88' lang='lat' dir='ltr'><strong>ipse</strong></span> <span class='ocrx_word' id='word_1_268' title='bbox 1277 3317 1375 3354; x_wconf 87' lang='lat' dir='ltr'><strong>re-</strong></span> 
     </span>
     <span class='ocr_line' id='line_1_42' title="bbox 296 3383 1378 3443; baseline 0 -3"><span class='ocrx_word' id='word_1_269' title='bbox 296 3401 430 3440; x_wconf 82' lang='lat' dir='ltr'><strong>rum</strong></span> <span class='ocrx_word' id='word_1_270' title='bbox 481 3395 843 3442; x_wconf 73' lang='lat' dir='ltr'><strong>narratarum</strong></span> <span class='ocrx_word' id='word_1_271' title='bbox 895 3383 1037 3443; x_wconf 86' lang='lat' dir='ltr'><strong>ordo</strong></span> <span class='ocrx_word' id='word_1_272' title='bbox 1089 3383 1378 3442; x_wconf 83' lang='lat' dir='ltr'><strong>adversari</strong></span> 
     </span>
     <span class='ocr_line' id='line_1_43' title="bbox 297 3465 1378 3548; baseline -0.001 -22"><span class='ocrx_word' id='word_1_273' title='bbox 297 3465 540 3526; x_wconf 78' lang='lat' dir='ltr'><strong>videtur.</strong></span> <span class='ocrx_word' id='word_1_274' title='bbox 617 3469 795 3548; x_wconf 68' lang='lat' dir='ltr'><strong>n&#39;r.)</strong></span> <span class='ocrx_word' id='word_1_275' title='bbox 931 3473 1080 3534; x_wconf 79' lang='lat'><strong>299.</strong></span> <span class='ocrx_word' id='word_1_276' title='bbox 1145 3469 1378 3527; x_wconf 78' lang='lat' dir='ltr'><strong>arduus</strong></span> 
     </span>
     <span class='ocr_line' id='line_1_44' title="bbox 297 3554 1380 3632; baseline 0.003 -23"><span class='ocrx_word' id='word_1_277' title='bbox 297 3555 588 3632; x_wconf 85' lang='lat' dir='ltr'><strong>praeclare</strong></span> <span class='ocrx_word' id='word_1_278' title='bbox 645 3554 964 3628; x_wconf 80' lang='lat' dir='ltr'><strong>adiectum3</strong></span> <span class='ocrx_word' id='word_1_279' title='bbox 1021 3565 1177 3614; x_wconf 85' lang='lat' dir='ltr'><strong>stans</strong></span> <span class='ocrx_word' id='word_1_280' title='bbox 1217 3557 1380 3614; x_wconf 81' lang='lat' dir='ltr'><strong>enim</strong></span> 
     </span>
     <span class='ocr_line' id='line_1_45' title="bbox 299 3641 1378 3721; baseline 0 -25"><span class='ocrx_word' id='word_1_281' title='bbox 299 3649 518 3700; x_wconf 84' lang='lat' dir='ltr'><strong>erectus</strong></span> <span class='ocrx_word' id='word_1_282' title='bbox 544 3641 986 3721; x_wconf 51' lang='lat' dir='ltr'><strong>vastatori-poris</strong></span> <span class='ocrx_word' id='word_1_283' title='bbox 1023 3642 1215 3720; x_wconf 85' lang='lat' dir='ltr'><strong>specie</strong></span> <span class='ocrx_word' id='word_1_284' title='bbox 1257 3651 1378 3697; x_wconf 85' lang='lat' dir='ltr'><strong>ter-</strong></span> 
     </span>
     <span class='ocr_line' id='line_1_46' title="bbox 298 3721 1378 3805; baseline 0.003 -23"><span class='ocrx_word' id='word_1_285' title='bbox 298 3745 424 3785; x_wconf 86' lang='lat' dir='ltr'><strong>rere</strong></span> <span class='ocrx_word' id='word_1_286' title='bbox 450 3735 678 3805; x_wconf 83' lang='lat' dir='ltr'><strong>poterat</strong></span> <span class='ocrx_word' id='word_1_287' title='bbox 704 3728 822 3784; x_wconf 87' lang='lat' dir='ltr'><strong>ille.</strong></span> <span class='ocrx_word' id='word_1_288' title='bbox 874 3721 1004 3802; x_wconf 81' lang='lat' dir='ltr'><strong>(sed</strong></span> <span class='ocrx_word' id='word_1_289' title='bbox 1042 3725 1161 3785; x_wconf 81' lang='lat' dir='ltr'><strong>vid.</strong></span> <span class='ocrx_word' id='word_1_290' title='bbox 1206 3725 1278 3783; x_wconf 86' lang='lat' dir='ltr'><strong>V.</strong></span> <span class='ocrx_word' id='word_1_291' title='bbox 1305 3727 1378 3787; x_wconf 87' lang='lat' dir='ltr'><strong>L.</strong></span> 
     </span>
     <span class='ocr_line' id='line_1_47' title="bbox 305 3809 1382 3890; baseline 0 -22"><span class='ocrx_word' id='word_1_292' title='bbox 305 3809 482 3888; x_wconf 79' lang='lat' dir='ltr'><strong>W.)</strong></span> <span class='ocrx_word' id='word_1_293' title='bbox 568 3813 822 3870; x_wconf 77' lang='lat' dir='ltr'><strong>rationis</strong></span> <span class='ocrx_word' id='word_1_294' title='bbox 877 3822 1141 3890; x_wconf 79' lang='lat' dir='ltr'><strong>egentem</strong></span> <span class='ocrx_word' id='word_1_295' title='bbox 1155 3853 1178 3880; x_wconf 87' lang='lat'><em>‚</em></span> <span class='ocrx_word' id='word_1_296' title='bbox 1233 3830 1382 3870; x_wconf 76' lang='lat' dir='ltr'><strong>eon-</strong></span> 
     </span>
     <span class='ocr_line' id='line_1_48' title="bbox 299 3888 1382 3980; baseline -0.001 -24"><span class='ocrx_word' id='word_1_297' title='bbox 299 3897 409 3956; x_wconf 82' lang='lat' dir='ltr'><strong>silii</strong></span> <span class='ocrx_word' id='word_1_298' title='bbox 433 3899 710 3976; x_wconf 87' lang='lat' dir='ltr'><strong>inopem,</strong></span> <span class='ocrx_word' id='word_1_299' title='bbox 755 3896 828 3955; x_wconf 86' lang='lat' dir='ltr'><strong>de</strong></span> <span class='ocrx_word' id='word_1_300' title='bbox 857 3889 1192 3980; x_wconf 69' lang='grc' dir='ltr'><strong><em>ἀμηχανίᾳ,</em></strong></span> <span class='ocrx_word' id='word_1_301' title='bbox 1235 3888 1382 3956; x_wconf 75' lang='grc' dir='ltr'><strong><em>ἄπο-</em></strong></span> 
     </span>
     <span class='ocr_line' id='line_1_49' title="bbox 300 3979 1386 4065; baseline -0.005 -23"><span class='ocrx_word' id='word_1_302' title='bbox 300 3981 404 4065; x_wconf 72' lang='grc' dir='ltr'><strong>ρίᾳ</strong></span> <span class='ocrx_word' id='word_1_303' title='bbox 417 4023 434 4056; x_wconf 86' lang='grc'><strong>,</strong></span> <span class='ocrx_word' id='word_1_304' title='bbox 479 4003 556 4040; x_wconf 83' lang='lat' dir='ltr'><strong>ex</strong></span> <span class='ocrx_word' id='word_1_305' title='bbox 593 4001 842 4061; x_wconf 79' lang='lat' dir='ltr'><strong>pavore:</strong></span> <span class='ocrx_word' id='word_1_306' title='bbox 883 3979 948 4041; x_wconf 88' lang='lat' dir='ltr'><strong>h.</strong></span> <span class='ocrx_word' id='word_1_307' title='bbox 977 3993 1205 4044; x_wconf 67' lang='lat' dir='ltr'><strong>‚terrore</strong></span> <span class='ocrx_word' id='word_1_308' title='bbox 1243 3999 1386 4060; x_wconf 85' lang='lat' dir='ltr'><strong>per-</strong></span> 
     </span>
     <span class='ocr_line' id='line_1_50' title="bbox 300 4063 1386 4144; baseline 0 -20"><span class='ocrx_word' id='word_1_309' title='bbox 300 4069 547 4127; x_wconf 81' lang='lat' dir='ltr'><strong>culsum.</strong></span> <span class='ocrx_word' id='word_1_310' title='bbox 635 4072 780 4132; x_wconf 82' lang='lat'><strong>302.</strong></span> <span class='ocrx_word' id='word_1_311' title='bbox 811 4068 1040 4138; x_wconf 80' lang='lat' dir='ltr'><strong>dexter,</strong></span> <span class='ocrx_word' id='word_1_312' title='bbox 1069 4063 1215 4125; x_wconf 85' lang='lat' dir='ltr'><strong>adsis</strong></span> <span class='ocrx_word' id='word_1_313' title='bbox 1243 4085 1386 4144; x_wconf 85' lang='lat' dir='ltr'><strong>pro-</strong></span> 
     </span>
     <span class='ocr_line' id='line_1_51' title="bbox 299 4150 1384 4230; baseline -0.001 -23"><span class='ocrx_word' id='word_1_314' title='bbox 299 4154 493 4230; x_wconf 81' lang='lat' dir='ltr'><strong>pitius.</strong></span> <span class='ocrx_word' id='word_1_315' title='bbox 595 4151 878 4226; x_wconf 81' lang='grc'><strong>(-803.</strong></span> <span class='ocrx_word' id='word_1_316' title='bbox 933 4171 1116 4230; x_wconf 81' lang='lat' dir='ltr'><strong>super</strong></span> <span class='ocrx_word' id='word_1_317' title='bbox 1153 4150 1384 4224; x_wconf 74' lang='lat' dir='ltr'><strong>omnia,</strong></span> 
     </span>
     <span class='ocr_line' id='line_1_52' title="bbox 303 4234 1384 4314; baseline -0.001 -20"><span class='ocrx_word' id='word_1_318' title='bbox 303 4255 442 4314; x_wconf 80' lang='lat' dir='ltr'><strong>prae</strong></span> <span class='ocrx_word' id='word_1_319' title='bbox 491 4239 692 4296; x_wconf 63' lang='lat' dir='ltr'><strong>veteris</strong></span> <span class='ocrx_word' id='word_1_320' title='bbox 733 4249 1099 4313; x_wconf 82' lang='lat' dir='ltr'><strong>memorant3</strong></span> <span class='ocrx_word' id='word_1_321' title='bbox 1154 4234 1275 4296; x_wconf 79' lang='lat' dir='ltr'><strong>vid.</strong></span> <span class='ocrx_word' id='word_1_322' title='bbox 1313 4235 1384 4293; x_wconf 87' lang='lat' dir='ltr'><strong>V.</strong></span> 
     </span>
     <span class='ocr_line' id='line_1_53' title="bbox 301 4318 1388 4402; baseline -0.004 -24"><span class='ocrx_word' id='word_1_323' title='bbox 301 4323 372 4378; x_wconf 87' lang='lat' dir='ltr'><strong>L.</strong></span> <span class='ocrx_word' id='word_1_324' title='bbox 403 4318 479 4378; x_wconf 82' lang='lat' dir='ltr'><strong>ad</strong></span> <span class='ocrx_word' id='word_1_325' title='bbox 499 4321 622 4394; x_wconf 82' lang='lat' dir='ltr'><strong>VII,</strong></span> <span class='ocrx_word' id='word_1_326' title='bbox 644 4325 790 4384; x_wconf 81' lang='lat'><strong>462.</strong></span> <span class='ocrx_word' id='word_1_327' title='bbox 819 4323 996 4402; x_wconf 73' lang='lat' dir='ltr'><strong>lVr.)</strong></span> <span class='ocrx_word' id='word_1_328' title='bbox 1082 4321 1228 4386; x_wconf 79' lang='lat'><strong>304.</strong></span> <span class='ocrx_word' id='word_1_329' title='bbox 1257 4321 1388 4397; x_wconf 64' lang='lat' dir='ltr'><strong>spti-</strong></span> 
     </span>
     <span class='ocr_line' id='line_1_54' title="bbox 302 4403 1386 4488; baseline 0.001 -26"><span class='ocrx_word' id='word_1_330' title='bbox 302 4413 540 4466; x_wconf 70' lang='lat' dir='ltr'><strong>mntem</strong></span> <span class='ocrx_word' id='word_1_331' title='bbox 609 4403 852 4483; x_wconf 63' lang='lat' dir='ltr'><strong>ignibus</strong></span> <span class='ocrx_word' id='word_1_332' title='bbox 924 4407 1146 4470; x_wconf 83' lang='lat' dir='ltr'><strong>doctius</strong></span> <span class='ocrx_word' id='word_1_333' title='bbox 1207 4423 1386 4488; x_wconf 80' lang='lat' dir='ltr'><strong>quam</strong></span> 
     </span>
    </p>
   </div>
   <div class='ocr_carea' id='block_1_29' title="bbox 1427 3891 2090 3969">
    <p class='ocr_par' dir='ltr' id='par_1_31' title="bbox 1427 3891 2090 3969">
     <span class='ocr_line' id='line_1_55' title="bbox 1427 3891 2090 3969; baseline -0.002 -17"><span class='ocrx_word' id='word_1_334' title='bbox 1427 3935 1434 3942; x_wconf 82' lang='lat'><strong>·</strong></span> <span class='ocrx_word' id='word_1_335' title='bbox 1465 3892 1735 3952; x_wconf 83' lang='lat' dir='ltr'><strong>naecbm.</strong></span> <span class='ocrx_word' id='word_1_336' title='bbox 1763 3895 1837 3969; x_wconf 88' lang='lat' dir='ltr'><strong>V,</strong></span> <span class='ocrx_word' id='word_1_337' title='bbox 1892 3897 1951 3969; x_wconf 85' lang='lat'><strong>2,</strong></span> <span class='ocrx_word' id='word_1_338' title='bbox 1996 3891 2090 3956; x_wconf 83' lang='lat'><strong>4.:</strong></span> 
     </span>
    </p>
   </div>
   <div class='ocr_carea' id='block_1_30' title="bbox 1455 3203 2560 4482">
    <p class='ocr_par' dir='ltr' id='par_1_32' title="bbox 1455 3203 2541 3370">
     <span class='ocr_line' id='line_1_56' title="bbox 1455 3203 2541 3289; baseline -0.006 -19"><span class='ocrx_word' id='word_1_339' title='bbox 1455 3211 1621 3289; x_wconf 83' lang='lat' dir='ltr'><strong>ignes</strong></span> <span class='ocrx_word' id='word_1_340' title='bbox 1650 3210 2058 3288; x_wconf 81' lang='lat' dir='ltr'><strong>exspirantem.</strong></span> <span class='ocrx_word' id='word_1_341' title='bbox 2119 3205 2347 3284; x_wconf 76' lang='lat' dir='ltr'><strong>(ipsum</strong></span> <span class='ocrx_word' id='word_1_342' title='bbox 2358 3247 2387 3278; x_wconf 87' lang='lat'><strong>,</strong></span> <span class='ocrx_word' id='word_1_343' title='bbox 2421 3203 2541 3266; x_wconf 79' lang='lat' dir='ltr'><strong>vid.</strong></span> 
     </span>
     <span class='ocr_line' id='line_1_57' title="bbox 1457 3292 2267 3370; baseline -0.006 -16"><span class='ocrx_word' id='word_1_344' title='bbox 1457 3297 1529 3368; x_wconf 75' lang='lat' dir='ltr'><strong>Q.</strong></span> <span class='ocrx_word' id='word_1_345' title='bbox 1557 3297 1629 3355; x_wconf 89' lang='lat' dir='ltr'><strong>V.</strong></span> <span class='ocrx_word' id='word_1_346' title='bbox 1658 3297 1869 3368; x_wconf 83' lang='lat' dir='ltr'><strong>xvm,</strong></span> <span class='ocrx_word' id='word_1_347' title='bbox 1900 3298 1960 3369; x_wconf 81' lang='lat'><strong>2,</strong></span> <span class='ocrx_word' id='word_1_348' title='bbox 1990 3294 2049 3353; x_wconf 92' lang='lat' dir='ltr'><strong>b.</strong></span> <span class='ocrx_word' id='word_1_349' title='bbox 2086 3292 2267 3370; x_wconf 86' lang='lat' dir='ltr'><strong>Wr.)</strong></span> 
     </span>
    </p>

    <p class='ocr_par' dir='ltr' id='par_1_33' title="bbox 1455 3378 2560 4482">
     <span class='ocr_line' id='line_1_58' title="bbox 1546 3378 2547 3445; baseline -0.01 0"><span class='ocrx_word' id='word_1_350' title='bbox 1546 3385 1690 3445; x_wconf 85' lang='lat'><strong>307.</strong></span> <span class='ocrx_word' id='word_1_351' title='bbox 1720 3401 1824 3438; x_wconf 83' lang='lat' dir='ltr'><strong>rex</strong></span> <span class='ocrx_word' id='word_1_352' title='bbox 1847 3378 2071 3438; x_wconf 75' lang='lat' dir='ltr'><strong>obsitus</strong></span> <span class='ocrx_word' id='word_1_353' title='bbox 2094 3399 2241 3436; x_wconf 77' lang='lat' dir='ltr'><strong>aevo</strong></span> <span class='ocrx_word' id='word_1_354' title='bbox 2261 3401 2278 3435; x_wconf 90' lang='lat'><em>:</em></span> <span class='ocrx_word' id='word_1_355' title='bbox 2311 3389 2377 3440; x_wconf 84' lang='lat' dir='ltr'><strong>ut</strong></span> <span class='ocrx_word' id='word_1_356' title='bbox 2406 3378 2547 3436; x_wconf 80' lang='lat' dir='ltr'><strong>alias</strong></span> 
     </span>
     <span class='ocr_line' id='line_1_59' title="bbox 1455 3465 2545 3546; baseline -0.004 -22"><span class='ocrx_word' id='word_1_357' title='bbox 1455 3469 1669 3546; x_wconf 74' lang='lat' dir='ltr'><strong>gravis</strong></span> <span class='ocrx_word' id='word_1_358' title='bbox 1700 3465 1773 3524; x_wconf 87' lang='lat' dir='ltr'><strong>de</strong></span> <span class='ocrx_word' id='word_1_359' title='bbox 1800 3486 2017 3545; x_wconf 76' lang='lat' dir='ltr'><strong>magua</strong></span> <span class='ocrx_word' id='word_1_360' title='bbox 2054 3468 2221 3545; x_wconf 86' lang='lat' dir='ltr'><strong>copia</strong></span> <span class='ocrx_word' id='word_1_361' title='bbox 2236 3509 2252 3538; x_wconf 87' lang='lat'><strong>,</strong></span> <span class='ocrx_word' id='word_1_362' title='bbox 2296 3483 2545 3541; x_wconf 77' lang='lat' dir='ltr'><strong>oppres-</strong></span> 
     </span>
     <span class='ocr_line' id='line_1_60' title="bbox 1461 3551 2541 3631; baseline -0.005 -21"><span class='ocrx_word' id='word_1_363' title='bbox 1461 3573 1565 3610; x_wconf 69' lang='lat' dir='ltr'><strong>sus</strong></span> <span class='ocrx_word' id='word_1_364' title='bbox 1590 3594 1618 3622; x_wconf 81' lang='lat'><em>‚</em></span> <span class='ocrx_word' id='word_1_365' title='bbox 1690 3551 1937 3610; x_wconf 78' lang='lat' dir='ltr'><strong>obrutus·</strong></span> <span class='ocrx_word' id='word_1_366' title='bbox 1962 3595 1989 3623; x_wconf 84' lang='lat'><strong>,</strong></span> <span class='ocrx_word' id='word_1_367' title='bbox 2058 3551 2273 3631; x_wconf 74' lang='lat' dir='ltr'><strong>gravis</strong></span> <span class='ocrx_word' id='word_1_368' title='bbox 2326 3559 2541 3608; x_wconf 81' lang='lat' dir='ltr'><strong>aetate.</strong></span> 
     </span>
     <span class='ocr_line' id='line_1_61' title="bbox 1463 3636 2549 3715; baseline -0.003 -20"><span class='ocrx_word' id='word_1_369' title='bbox 1463 3636 1537 3695; x_wconf 85' lang='lat' dir='ltr'><strong>cf.</strong></span> <span class='ocrx_word' id='word_1_370' title='bbox 1569 3639 1771 3696; x_wconf 84' lang='lat' dir='ltr'><strong>Burm.</strong></span> <span class='ocrx_word' id='word_1_371' title='bbox 1804 3639 2072 3715; x_wconf 82' lang='lat' dir='ltr'><strong>(Terent.</strong></span> <span class='ocrx_word' id='word_1_372' title='bbox 2100 3639 2279 3710; x_wconf 69' lang='lat' dir='ltr'><strong>Eun„</strong></span> <span class='ocrx_word' id='word_1_373' title='bbox 2316 3655 2352 3693; x_wconf 82' lang='lat' dir='ltr'><strong>a</strong></span> <span class='ocrx_word' id='word_1_374' title='bbox 2380 3636 2549 3696; x_wconf 81' lang='lat' dir='ltr'><strong>Serv.</strong></span> 
     </span>
     <span class='ocr_line' id='line_1_62' title="bbox 1462 3721 2551 3801; baseline -0.004 -20"><span class='ocrx_word' id='word_1_375' title='bbox 1462 3721 1644 3799; x_wconf 65' lang='lat' dir='ltr'><strong>laud„</strong></span> <span class='ocrx_word' id='word_1_376' title='bbox 1672 3725 1748 3797; x_wconf 86' lang='lat'><strong>11,</strong></span> <span class='ocrx_word' id='word_1_377' title='bbox 1778 3729 1838 3798; x_wconf 85' lang='lat'><strong>2,</strong></span> <span class='ocrx_word' id='word_1_378' title='bbox 1869 3723 1969 3788; x_wconf 85' lang='lat'><strong>5.:</strong></span> <span class='ocrx_word' id='word_1_379' title='bbox 2032 3723 2309 3798; x_wconf 80' lang='lat' dir='ltr'><strong>„annis</strong></span> <span class='ocrx_word' id='word_1_380' title='bbox 2352 3741 2551 3801; x_wconf 77' lang='lat' dir='ltr'><strong>pan-</strong></span> 
     </span>
     <span class='ocr_line' id='line_1_63' title="bbox 1464 3807 2553 3889; baseline -0.001 -21"><span class='ocrx_word' id='word_1_381' title='bbox 1464 3809 1747 3889; x_wconf 75' lang='lat' dir='ltr'><strong>nisque</strong></span> <span class='ocrx_word' id='word_1_382' title='bbox 1788 3829 1821 3866; x_wconf 94' lang='grc' dir='ltr'>ο</span> <span class='ocrx_word' id='word_1_383' title='bbox 1842 3810 2168 3867; x_wconf 77' lang='lat' dir='ltr'><strong>bsitu8.“</strong></span> <span class='ocrx_word' id='word_1_384' title='bbox 2199 3807 2391 3868; x_wconf 81' lang='lat' dir='ltr'><strong>Plaut.</strong></span> <span class='ocrx_word' id='word_1_385' title='bbox 2419 3809 2553 3867; x_wconf 73' lang='lat' dir='ltr'><strong>Me-</strong></span> 
     </span>
     <span class='ocr_line' id='line_1_64' title="bbox 1467 3903 2555 4039; baseline -0.006 0"><span class='ocrx_word' id='word_1_386' title='bbox 1467 3999 1600 4039; x_wconf 83' lang='lat' dir='ltr'><strong>sum</strong></span> <span class='ocrx_word' id='word_1_387' title='bbox 1674 4001 1700 4038; x_wconf 89' lang='lat' dir='ltr'><strong>s</strong></span> <span class='ocrx_word' id='word_1_388' title='bbox 1716 4001 1804 4038; x_wconf 86' lang='lat' dir='ltr'><strong>en</strong></span> <span class='ocrx_word' id='word_1_389' title='bbox 1820 3999 1895 4037; x_wconf 86' lang='lat' dir='ltr'><strong>ec</strong></span> <span class='ocrx_word' id='word_1_390' title='bbox 1913 3989 2031 4036; x_wconf 80' lang='lat' dir='ltr'><strong>tut</strong></span> <span class='ocrx_word' id='word_1_391' title='bbox 2046 3999 2099 4036; x_wconf 90' lang='lat' dir='ltr'><strong>e.</strong></span> <span class='ocrx_word' id='word_1_392' title='bbox 2122 3937 2195 4010; x_wconf 69' lang='lat'><strong>“”</strong></span> <span class='ocrx_word' id='word_1_393' title='bbox 2210 3903 2555 4036; x_wconf 50' lang='grc' dir='ltr'>οιῗῦἳειὶιξὶῖ</span> 
     </span>
     <span class='ocr_line' id='line_1_65' title="bbox 1469 4059 2557 4142; baseline -0.007 -18"><span class='ocrx_word' id='word_1_394' title='bbox 1469 4065 1727 4126; x_wconf 79' lang='lat' dir='ltr'><strong>Taubm.</strong></span> <span class='ocrx_word' id='word_1_395' title='bbox 1818 4060 1993 4142; x_wconf 90' lang='lat' dir='ltr'><strong>Wr.)</strong></span> <span class='ocrx_word' id='word_1_396' title='bbox 2108 4067 2258 4126; x_wconf 85' lang='lat'><strong>310.</strong></span> <span class='ocrx_word' id='word_1_397' title='bbox 2318 4059 2557 4140; x_wconf 71' lang='lat' dir='ltr'><strong>faciles</strong></span> 
     </span>
     <span class='ocr_line' id='line_1_66' title="bbox 1471 4147 2555 4230; baseline -0.009 -19"><span class='ocrx_word' id='word_1_398' title='bbox 1471 4151 1771 4230; x_wconf 81' lang='lat' dir='ltr'><strong>epitheton</strong></span> <span class='ocrx_word' id='word_1_399' title='bbox 1815 4167 2025 4208; x_wconf 81' lang='lat' dir='ltr'><strong>ornans</strong></span> <span class='ocrx_word' id='word_1_400' title='bbox 2044 4191 2061 4222; x_wconf 91' lang='lat'><strong>,</strong></span> <span class='ocrx_word' id='word_1_401' title='bbox 2116 4147 2393 4218; x_wconf 86' lang='lat' dir='ltr'><strong>mobiles,</strong></span> <span class='ocrx_word' id='word_1_402' title='bbox 2449 4163 2555 4202; x_wconf 70' lang='lat' dir='ltr'><strong>vu-</strong></span> 
     </span>
     <span class='ocr_line' id='line_1_67' title="bbox 1469 4228 2556 4314; baseline -0.013 -19"><span class='ocrx_word' id='word_1_403' title='bbox 1469 4255 1574 4314; x_wconf 84' lang='lat' dir='ltr'><strong>gos</strong></span> <span class='ocrx_word' id='word_1_404' title='bbox 1616 4237 1813 4296; x_wconf 81' lang='lat' dir='ltr'><strong>oculos</strong></span> <span class='ocrx_word' id='word_1_405' title='bbox 1828 4279 1843 4308; x_wconf 95' lang='lat'><strong>,</strong></span> <span class='ocrx_word' id='word_1_406' title='bbox 1888 4232 2189 4292; x_wconf 77' lang='lat' dir='ltr'><strong>volubiles.</strong></span> <span class='ocrx_word' id='word_1_407' title='bbox 2235 4228 2461 4304; x_wconf 82' lang='lat' dir='ltr'><strong>(Manil.</strong></span> <span class='ocrx_word' id='word_1_408' title='bbox 2509 4229 2556 4300; x_wconf 87' lang='lat'><strong>1,</strong></span> 
     </span>
     <span class='ocr_line' id='line_1_68' title="bbox 1471 4315 2560 4403; baseline -0.018 -18"><span class='ocrx_word' id='word_1_409' title='bbox 1471 4320 1652 4385; x_wconf 83' lang='lat'><strong>647.:</strong></span> <span class='ocrx_word' id='word_1_410' title='bbox 1699 4318 2059 4403; x_wconf 65' lang='lat' dir='ltr'><strong>„Cimtqnfer</strong></span> <span class='ocrx_word' id='word_1_411' title='bbox 2086 4315 2161 4372; x_wconf 78' lang='lat' dir='ltr'><strong>fa</strong></span> <span class='ocrx_word' id='word_1_412' title='bbox 2178 4335 2208 4371; x_wconf 87' lang='lat' dir='ltr'><strong>c</strong></span> <span class='ocrx_word' id='word_1_413' title='bbox 2226 4315 2369 4370; x_wconf 85' lang='lat' dir='ltr'><strong>iles</strong></span> <span class='ocrx_word' id='word_1_414' title='bbox 2412 4328 2560 4368; x_wconf 51' lang='lat' dir='ltr'><strong>ocu*</strong></span> 
     </span>
     <span class='ocr_line' id='line_1_69' title="bbox 1468 4405 1843 4482; baseline -0.003 -20"><span class='ocrx_word' id='word_1_415' title='bbox 1468 4406 1617 4468; x_wconf 82' lang='lat' dir='ltr'><strong>los.“</strong></span> <span class='ocrx_word' id='word_1_416' title='bbox 1667 4405 1843 4482; x_wconf 78' lang='lat' dir='ltr'><strong>W.)</strong></span> 
     </span>
    </p>
   </div>
   <div class='ocr_carea' id='block_1_31' title="bbox 2991 688 3000 1241">
    <p class='ocr_par' dir='ltr' id='par_1_34' title="bbox 2991 688 3000 1241">
     <span class='ocr_line' id='line_1_70' title="bbox 2991 688 3000 1241; baseline 0 0"><span class='ocrx_word' id='word_1_417' title='bbox 2991 688 3000 1241; x_wconf 95' lang='lat' dir='ltr'><strong> </strong></span> 
     </span>
    </p>
   </div>
  </div>
 </body>
</html>
