3009 5050
475 423 576 493 68
1001 413 1082 489 Ρ.
1118 406 1652 488 VIRGILII
1712 401 2273 480 MARONIS

477 607 668 678 Arte
701 619 945 690 nova,
999 593 1398 696 speculata
1425 591 1732 684 locum,
1786 613 1949 690 quo
1984 587 2220 664 litore
2250 585 2527 687 pulcer

477 699 786 779 Insidiis
821 722 1214 800 cursuque
1248 694 1452 772 feras
1491 693 1827 792 agitabat
1849 691 2092 789 IuluS‚

477 805 625 880 Hic
654 802 992 879 subitam
1031 800 1350 878 canibus
1385 797 1691 874 rabiem
1722 795 2039 892 Cocytia
2064 795 2286 894 virgo

483 906 810 1002 Obiicit‚
864 917 948 981 et
973 918 1173 980 noto
1205 903 1412 979 naris
1441 900 1831 997 contingit
1860 897 2142 996 odore,
2564 899 2723 970 480

477 1013 585 1089 Ut
616 1032 937 1084 cervum
981 1007 1350 1084 ardentes
1395 1014 1751 1102 agerent:
1806 1025 2013 1103 quae
2056 1001 2313 1102 prima
2352 995 2721 1073 laborum

579 1154 753 1226 477.
799 1165 1056 1238 NovA3
1364 1148 1537 1223 478.
1589 1143 1860 1234 11311183

611 1347 717 1408 477
751 1369 860 1422 quo
906 1351 1118 1403 Oudai-t.
1153 1367 1254 1419 pro
1293 1347 1399 1402 dar.
1441 1347 1567 1402 lect.
1636 1351 1777 1402 Bene
1826 1347 2227 1400 Hom-worthns
2266 1341 2581 1396 observabat
2602 1349 2726 1391 aru

477 1440 627 1474 nova
657 1439 762 1473 non
787 1421 924 1474 bene
953 1421 1097 1488 iungi
1122 1437 1236 1472 cum
1263 1418 1551 1490 speculata
1578 1419 1787 1480 locum3
1818 1435 1939 1470 narn
1962 1418 2015 1469 in
2052 1416 2184 1480 hoc«,
2220 1414 2361 1484 quod
2384 1412 2555 1466 locum
2595 1423 2727 1476 spe-

471 1491 747 1543 calabutor
766 1529 780 1554 ,
831 1507 914 1542 urs
966 1491 1176 1542 Alectus
1224 1489 1454 1556 spectari
1491 1505 1596 1540 nou
1640 1489 1828 1558 potuit.
1914 1489 2096 1556 Itaque
2136 1483 2441 1553 interpungi
2476 1479 2615 1531 vult:
2666 1494 2726 1528 ee

477 1562 718 1612 concitat
739 1559 848 1612 alis
875 1564 1014 1611 Arte
1041 1575 1220 1620 nova,
1256 1574 1338 1628 sp.
1373 1557 1412 1610 l.
1481 1559 1587 1610 Sed
1614 1575 1718 1609 non
1748 1555 1914 1624 magis
1946 1563 2059 1608 Ars
2094 1573 2241 1608 nova
2270 1553 2339 1606 ad
2368 1551 2601 1630 volatum·
2630 1563 2726 1597 re-

479 1628 610 1680 ferri
633 1638 832 1696 potest.
903 1628 1098 1680 Saltem
1121 1635 1260 1678 Arte
1285 1625 1729 1678 nova—rabiem
1763 1625 1971 1686 οόἱὲοιίς
2022 1625 2115 1676 sed
2145 1641 2261 1676 cum
2297 1621 2401 1675 alia
2444 1621 2727 1671 interiecta

481 1707 661 1749 essent
678 1735 694 1761 ,
737 1715 786 1750 v.
809 1695 912 1751 479
945 1699 1050 1748 Hic
1076 1694 1365 1748 interserit.
1433 1695 1603 1748 Locus
1629 1707 1800 1748 autem
1828 1695 1905 1746 sic
1934 1693 2357 1761 distinguendus:
2395 1693 2553 1742 Dum·
2575 1689 2727 1766 Tur-2

473 1783 662 1818 πω-
681 1783 740 1816 se
765 1783 810 1817 c.
840 1767 963 1818 alie.
1033 1771 1173 1817 Arte
1196 1781 1371 1828 nova,
1399 1781 1500 1844 ἐρ.
1518 1793 1579 1804 -—
1604 1765 1795 1828 Iulus,
1843 1767 1950 1816 Hic
1974 1781 2017 1815 s.
2034 1793 2099 1802 ·—
2113 1763 2305 1815 obiicit
2334 1769 2435 1812 etc.
2506 1757 2729 1826 (Mutari

479 1834 872 1886 distinctionem
897 1835 966 1886 ad
989 1845 1218 1886 mentem
1241 1833 1464 1900 Heynti3
1515 1835 1568 1884 in
1608 1833 1713 1886 hoc
1744 1843 1919 1886 tamen
1946 1833 2118 1885 verius
2142 1833 2273 1884 vidit
2300 1829 2535 1892 Iahnius,
2584 1823 2728 1894 quod

479 1904 526 1955 ic
552 1904 716 1955 verba
742 1915 883 1954 Arte
921 1921 1068 1956 nova
1109 1903 1178 1954 ad
1223 1902 1516 1953 universam
1552 1903 1859 1955 senteutiam
1904 1901 2188 1969 speculata
2225 1913 2309 1953 ess
2332 1900 2508 1951 Iocum
2540 1907 2593 1946 et
2626 1911 2728 1945 ra·-

482 1972 617 2024 biem
653 1970 834 2024 obiicit
871 1973 1136 2038 pertinere
1167 1971 1452 2024 contendit.
1522 1972 1703 2040 Itaque
1731 1971 1835 2026 hoc
1871 1971 2000 2023 dicit
2044 1981 2231 2038 poeta:
2284 1969 2466 2020 Utitur
2492 1964 2587 2017 ina
2622 1963 2731 2015 iam

479 2057 617 2093 nova
641 2051 788 2101 arte,
821 2042 855 2092 i.
889 2057 935 2093 e.
976 2040 1079 2092 alia
1103 2040 1315 2092 frande:
1365 2042 1663 2109 speculatur
1691 2041 1828 2092 enim
1868 2041 2038 2092 locum
2063 2052 2165 2092 cet.
2192 2048 2247 2090 et
2286 2037 2499 2090 canibus
2529 2033 2731 2086 rabiem

481 2110 680 2163 obiicit.
751 2111 856 2160 Hie
888 2119 1058 2161 antem
1079 2127 1157 2162 vs.
1185 2108 1305 2163 479.
1325 2125 1430 2160 non
1464 2119 1546 2161 est
1574 2110 1825 2174 temporis
1844 2149 1858 2172 ,
1893 2109 1988 2160 sed
2012 2107 2150 2172 loci,
2180 2107 2512 2167 adver-binim
2549 2113 2602 2154 et
2622 2119 2729 2170 op-

484 2179 696 2248 ponitur
723 2178 770 2231 is
795 2178 970 2242 locus,
1005 2179 1094 2230 nbi
1125 2193 1264 2230 nunc
1287 2179 1472 2230 Alecto
1498 2179 1681 2230 turbas
1710 2179 2081 2242 machinatur„
2112 2177 2189 2229 illi
2209 2217 2225 2240 ‚
2260 2193 2415 2245 quem
2442 2173 2601 2226 modo
2634 2189 2731 2223 re·-

475 2251 738 2314 liquerat‚
773 2248 990 2300 Ardeae.
1035 2247 1178 2314 Wr.)

482 2319 594 2369 tica
607 2355 622 2380 ,
659 2318 902 2370 Coc-itinn
928 2317 1176 2368 abet-ratt-

1316 2245 1422 2300 478
1456 2245 1620 2316 nesae
1648 2264 1749 2318 pro
1792 2247 1948 2316 seros
1980 2248 2145 2300 Goth.
2174 2255 2299 2298 tert.

1313 2315 1413 2368 481
1524 2319 1662 2368 item
1697 2319 1831 2368 Ven.
1904 2318 2000 2386 qui
2036 2317 2217 2369 Franc.
2257 2325 2314 2366 et
2338 2330 2439 2386 pro
2473 2330 2581 2365 var.
2603 2310 2729 2362 lect.

2436 2243 2541 2298 479
2576 2240 2731 2293 Coci-

476 2404 562 2456 pr.
583 2386 770 2438 Hnmb.
841 2383 1092 2438 laborum
1133 2401 1250 2438 cum
1294 2335 1597 2438 meliotilm·
1638 2387 1818 2439 Heius.
1860 2394 1987 2455 post
2023 2387 2161 2437 Pier.
2230 2391 2302 2436 At
2326 2383 2516 2451 vulgo,
2550 2379 2730 2432 malo-

479 2563 520 2603 a
547 2545 773 2623 magnis
803 2546 1132 2604 animorum
1159 2546 1438 2620 motibus,
1467 2546 1565 2604 iris

486 2640 544 2688 et
573 2629 735 2706 odiis,
769 2650 862 2689 eas
890 2634 1180 2691 arcessitos
1215 2652 1354 2706 esse,
1387 2650 1567 2713 quam

483 2736 520 2773 a
559 2715 894 2775 Discordiae
933 2738 1038 2775 sen
1079 2720 1286 2775 Furiae
1329 2719 1565 2776 artibus.

483 2800 552 2859 Si
599 2804 781 2859 semel
826 2815 1000 2881 poeta
1043 2822 1238 2861 rerum
1285 2804 1569 2861 miracula

481 2880 602 2965 pro'
620 2888 829 2946 caussis
856 2890 1206 2947 naturalibus
1237 2887 1404 2947 affert
1417 2933 1433 2961 ‚
1491 2889 1565 2946 ab

481 2972 790 3050 allegorica
845 2985 1000 3031 certe
1058 2993 1304 3053 persona
1357 2974 1567 3031 frustra

485 3076 554 3115 ea
579 3060 702 3136 peti
742 3068 905 3137 puto.
989 3060 1045 3115 N
1047 3078 1112 3115 ec
1155 3070 1358 3117 tamen
1399 3078 1569 3117 cerva

477 3140 580 3199 -hic
625 3142 760 3199 belli
805 3152 888 3199 est
931 3162 1158 3219 caussa3
1201 3142 1304 3201 sed
1345 3146 1569 3201 occasio

483 3236 712 3283 tantum
741 3238 800 3284 et
835 3228 1087 3286 initium.
1169 3230 1573 3287 Narrationem

487 3330 722 3391 quoque
779 3308 926 3369 haec
982 3315 1106 3391 ipsa
1148 3333 1236 3371 res
1253 3356 1270 3387 ,
1316 3333 1568 3373 concur-

477 3416 582 3455 sus
609 3414 773 3453 caesa
799 3415 969 3455 cerva
995 3416 1158 3455 sacra
1195 3399 1380 3457 factus
1403 3443 1420 3472 ,
1458 3418 1566 3479 pro

484 3482 598 3539 illis
621 3482 980 3563 temporibus
1006 3482 1143 3541 facit
1189 3484 1566 3561 probabilem,

485 3584 625 3623 cum
653 3568 834 3624 semel
858 3586 980 3625 non
1009 3568 1247 3627 consino
1291 3567 1394 3627 sed
1439 3572 1570 3627 ani-

489 3669 724 3709 morum
765 3653 990 3731 impetu
1032 3652 1434 3713 conmnittendi
1473 3676 1571 3713 es-

484 3746 618 3795 sent
641 3737 835 3795 Latini
883 3758 1021 3795 cum
1063 3740 1331 3797 Troianis
1372 3750 1432 3798 et
1479 3760 1571 3799 res

491 3820 566 3878 ad
593 3840 799 3880 manus
828 3820 1187 3883 deducenda.
1231 3826 1398 3883 Tum
1423 3845 1573 3905 poe-

490 3916 552 3965 ta
594 3908 914 3967 aemulatus
956 3920 1188 3989 putatur
1231 3912 1368 3969 belli
1407 3912 1573 3969 Iliaci

489 3992 655 4051 initia
682 4004 741 4051 et
767 4004 1022 4053 retentae
1062 3997 1124 4054 in
1165 3996 1380 4055 Aulide
1423 3998 1574 4054 clas-

489 4078 567 4135 sis
591 4076 952 4138 Achivorum
981 4100 1204 4139 caussas
1219 4125 1237 4155 ‚
1266 4084 1574 4140 interemta

492 4163 566 4222 ab
622 4164 1067 4243 Agamemnone
1122 4186 1293 4225 cerva
1348 4169 1572 4225 Dianae

492 4266 671 4309 sacra.
798 4249 1051 4309 Omnino
1121 4253 1358 4310 invento
1433 4250 1571 4311 huic

491 4345 698 4413 poetae
755 4345 987 4395 strenue
1028 4337 1413 4395 incubuerunt
1427 4382 1444 4412 ,
1505 4348 1573 4397 ut

489 4438 822 4500 pugnarum
849 4432 908 4481 et
936 4421 1204 4483 odiorum
1245 4443 1469 4483 caussas
1497 4424 1571 4483 ab

1650 2548 1849 2607 occisis
1900 2566 2035 2607 casu
2087 2547 2258 2606 sacris
2324 2540 2731 2613 animantibus,

1650 2650 1801 2714 quae
1858 2626 2201 2713 (ἅνειμένα,
2262 2626 2509 2709 ἔφεπ’)
2553 2628 2733 2685 libere

1648 2730 2025 2796 vagarentur,
2070 2728 2437 2779 arcesserent.
2504 2714 2733 2772 Exem-

1646 2806 1747 2883 pla
1774 2804 1943 2863 affert
1969 2804 2173 2877 cerda,
2204 2801 2308 2861 sed
2337 2820 2403 2858 ea
2428 2809 2569 2858 sunt
2594 2798 2735 2855 imi-

1649 2899 1907 2947 tatorum
1942 2890 2199 2967 Virgilii:
2246 2888 2494 2944 alterum
2539 2883 2730 2956 Statii,

1652 2976 1753 3054 qui
1790 2978 1979 3053 prima
2020 2992 2255 3053 pugnae
2294 2966 2534 3029 exordia
2578 2987 2613 3024 a
2656 2967 2737 3025 ti·-

1651 3060 1847 3136 gribus
1900 3057 2131 3117 Baccho
2190 3058 2361 3115 sacris
2420 3052 2587 3111 duxit
2628 3052 2733 3117 lib.

1650 3144 1759 3201 Vll
1786 3140 1980 3201 Theb.
2026 3141 2153 3208 664
2198 3161 2325 3222 sqq.
2373 3149 2431 3196 et
2470 3138 2600 3198 val.
2643 3138 2733 3195 ΕΙ.

1655 3230 1756 3309 qui
1791 3248 2026 3308 pugnae
2042 3272 2058 3301 ,
2104 3246 2219 3309 qua
2276 3226 2517 3307 Cyzicus
2561 3222 2733 3297 cadit,

1648 3334 1911 3373 caussam
1938 3315 2011 3371 ab
2033 3315 2124 3371 ira
2153 3312 2397 3393 Cybeles
2422 3312 2566 3391 petit
2593 3328 2733 3389 pro-

1648 3410 1779 3478 pter
1807 3418 2041 3458 caesum
2060 3418 2296 3457 sacrum
2326 3396 2469 3455 deae
2500 3398 2733 3455 leonem

1650 3486 1751 3543 lib.
1778 3486 1881 3559 111,
1913 3486 1991 3549 15
2021 3504 2107 3565 sq.
2153 3483 2255 3542 sed
2298 3482 2581 3543 iudicium
2627 3478 2734 3537 ad-

1651 3568 1820 3645 hibe,
1863 3572 1953 3628 uti
1979 3568 2138 3649 apud
2162 3572 2289 3629 illos
2322 3588 2587 3650 quoque,
2633 3565 2734 3647 qni

1650 3674 1893 3734 magnas
1964 3674 2161 3713 rerum
2232 3657 2633 3715 conversiones
2700 3670 2735 3707 a

1648 3744 1843 3821 parvis
1890 3743 2099 3799 caussis
2142 3761 2330 3821 nuper
2372 3740 2575 3799 libellis
2619 3736 2735 3796 suis

1650 3827 1983 3907 persequuti
2008 3836 2164 3886 sunt.

1737 3911 1863 3977 475
1880 3911 2123 3979 -483-
2152 3914 2376 3971 animis·
2400 3930 2463 3967 α.
2498 3904 2727 3985 implet.

1654 3999 2054 4057 Homericum.
2158 3994 2434 4077 θάρσους
2505 3996 2736 4069 πλῆσεν

1656 4080 1911 4162 φρένας,
1955 4094 2021 4142 ut
2060 4081 2224 4141 Iliad.
2257 4106 2314 4163 ρ,
2345 4084 2491 4148 583.
2574 4080 2735 4136 Facit

1654 4188 1811 4227 nunc
1854 4170 2058 4227 Alecto
2075 4214 2092 4243 ,
2135 4166 2295 4250 quod
2336 4168 2465 4225 Eris
2509 4166 2737 4223 Home-

1654 4256 1771 4313 rica
1798 4253 1964 4313 Iliad·
1995 4254 2052 4329 ὃ,
2082 4251 2208 4317 444
2250 4258 2451 4325 νεῖκος
2494 4246 2737 4327 ὁμοίϊον

1655 4336 1875 4419 ἔμβαλε
1901 4350 2011 4397 etc.
2056 4348 2183 4395 arte
2218 4358 2377 4395 nova
2391 4381 2417 4408 ,
2460 4356 2597 4394 cum
2624 4336 2737 4395 alia

1653 4423 1857 4484 fraude
1874 4468 1891 4497 ,
1932 4442 2157 4483 novum
2196 4423 2399 4483 dolum
2436 4421 2735 4483 meditata.
