3009 5050
481 407 628 480 228

955 397 1038 468 Ρ.
1090 392 1600 471 ’VIRGILII
1652 389 2203 516 luAROle
2272 460 2279 467 .

481 586 1006 661 Cunctantem
1035 577 1406 678 amplexu
1439 576 1665 653 molli
1704 574 1943 655 fovet.
2046 576 2193 656 Ille
2226 592 2565 679 repente

357 684 364 690 ’
479 684 812 785 Adcepit
836 682 1148 769 solitam
1178 678 1629 776 flammam,
1677 694 2077 781 notusque
2108 681 2500 759 medullas

479 788 805 864 Intravit
833 784 1082 880 calor,
1139 798 1217 859 et
1244 782 1626 859 labefacta
1660 808 1808 885 per
1837 807 2011 860 ossa
2046 786 2423 865 cucurrit:

2570 794 2725 864 390

476 897 660 967 Non
687 913 912 967 secus
943 901 1184 989 atque
1219 886 1458 983 olim,
1500 888 1802 969 tonitru
1838 912 2093 989 quum
2119 897 2351 989 rupta
2390 911 2720 965 corusco

473 996 718 1093 Ignea
749 995 950 1067 rima
987 992 1284 1067 micans
1314 990 1705 1091 percurrit
1728 990 2030 1065 lumine
2060 990 2399 1071 nimbos,

480 1096 750 1174 Sensit
770 1094 971 1171 laeta
1007 1093 1208 1171 dolis
1239 1106 1320 1171 et
1347 1092 1659 1171 formae
1690 1095 2001 1170 conscia
2030 1096 2391 1175 coniunx.

483 1202 693 1287 Tum
731 1213 956 1301 pater
995 1212 1320 1273 aeterno
1351 1196 1565 1274 fatur
1594 1196 2001 1273 devinctus
2032 1222 2347 1277 amore:
2428 1270 2433 1275 .

483 1302 694 1397 Quid
733 1326 1034 1382 caussas
1071 1302 1276 1401 petis
1310 1325 1402 1375 ex
1429 1299 1585 1378 alto
1605 1308 1641 1375 ἓ
1691 1298 1981 1409 fiducia
2010 1302 2237 1405 cessit

615 1510 720 1565 888
753 1510 933 1563 mollis
979 1528 1059 1579 pr.
1115 1503 1309 1563 Mon-et.

2564 1310 2717 1381 395

1419 1506 1523 1561 389
1563 1508 1795 1561 solidam
1843 1526 1945 1561 eeu.
1981 1510 2233 1561 Bottend.
2280 1528 2395 1563 cum
2430 1510 2594 1563 Goth.
2636 1528 2717 1577 pr.

470 1579 682 1649 famam
712 1580 846 1631 alter
891 1596 1008 1630 cum
1047 1576 1294 1629 Rottend.
1339 1584 1463 1627 tert.
1534 1590 1802 1647 notasque
1834 1597 1915 1647 pr.
1949 1578 2135 1633 Hamb.
2167 1588 2225 1634 et
2266 1580 2440 1633 Lutat.
2482 1580 2551 1631 ad
2589 1584 2720 1633 Stat.

479 1651 502 1701 1
536 1648 724 1701 Achill.
765 1646 883 1702 508.
951 1646 1206 1699 medullis
1245 1662 1328 1715 pr.
1375 1647 1534 1697 Voss.

477 1720 582 1770 hoc
609 1718 821 1768 serioris
851 1716 970 1767 aevi
1007 1732 1122 1766 esse
1154 1715 1472 1782 pronuntiat.

1588 1656 1641 1697 et
1682 1646 1828 1699 Laid.
1872 1667 1901 1698 a
1940 1666 2007 1699 m.
2090 1668 2132 1699 r.
2205 1648 2365 1701 Recte
2402 1652 2721 1701 Burmannus

1594 1716 1697 1769 390
1722 1716 1992 1786 calefacta
2052 1668 2085 1768 i)

2076 1718 2253 1787 erique
2274 1720 2409 1771 Pier.
2436 1729 2491 1771 et
2520 1720 2723 1781 Heius„

479 1786 638 1838 etiam
670 1788 961 1850 Romanus,
995 1784 1090 1835 sed
1121 1782 1392 1854 labefacta
1419 1794 1597 1837 tuetur
1624 1784 1812 1837 Medic.
1842 1804 1956 1837 cum
1978 1805 2007 1839 a
2034 1788 2094 1838 iis
2124 1798 2176 1839 et
2202 1790 2399 1853 Servio,
2436 1788 2576 1841 haud
2616 1788 2721 1839 du·-

480 1855 570 1907 bie
606 1854 932 1923 exquisitius.
1000 1853 1218 1922 Proprie
1257 1871 1407 1903 mans
1447 1872 1655 1919 amore,
1692 1854 1775 1907 cui
1812 1855 2110 1917 restiterat,
2156 1856 2241 1909 vel
2268 1857 2372 1908 alio
2399 1858 2586 1909 affectu
2615 1858 2723 1908 im-

479 1924 630 1993 pulsa
647 1962 662 1985 ,
695 1924 836 1975 vieta
855 1960 872 1984 ,
903 1922 1096 1973 dicitur
1123 1920 1401 1974 labascet-e
1427 1923 1509 1973 vel
1538 1924 1811 1989 labefieri3
1846 1942 1979 1975 nunc
2007 1926 2308 1978 translatum
2338 1928 2405 1979 ad
2443 1944 2579 1979 ossa.
2615 1926 2723 1980 Sed

481 2005 536 2045 et
571 1994 721 2063 ignis
745 1990 1031 2060 labefacit,
1069 1990 1278 2059 quando
1303 1991 1543 2043 incendia
1570 1993 1743 2044 ruinas
1773 1992 1913 2045 dant.
1964 2012 2013 2047 v.
2046 1996 2172 2046 Not.

477 2064 529 2118 7.
575 2064 656 2114 11.
701 2062 782 2114 12.
851 2064 918 2113 At
961 2056 1265 2129 labefacta,

1340 2062 1487 2128 quod
1530 2062 1744 2117 Waket'.
1789 2079 1995 2133 quoque
2038 2073 2213 2115 tuetur
2252 2066 2317 2116 ad

2234 1994 2527 2119 (calagana
2565 1996 2723 2049 etiam

2412 2076 2574 2117 ucret.
2628 2068 2721 2131 IV,

482 2132 650 2189 110⁷..
687 2140 742 2180 et
765 2128 974 2198 plurimi
1000 2130 1123 2179 Mss.
1147 2129 1448 2195 Heinsiani,
1483 2142 1539 2181 et
1569 2131 1620 2181 in
1650 2132 1733 2183 hie
1757 2132 1981 2201 optimus
2008 2135 2223 2201 quisque
2246 2134 2548 2186 defendunt.
2574 2138 2657 2189 W
2650 2136 2719 2203 r.)

475 2200 578 2254 891
605 2200 762 2250 Haut
794 2214 950 2250 secus
970 2198 1160 2253 Medic.
1197 2197 1321 2263 (vid.
1346 2202 1414 2250 V.
1449 2200 1511 2250 L.
1552 2202 1619 2253 ad
1650 2202 1772 2265 xn,
1807 2202 1925 2255 723.
1997 2214 2270 2255 tonetrum
2304 2205 2358 2254 in
2397 2204 2589 2256 MedIc.
2630 2223 2719 2273 ap.

478 2268 698 2337 Poggin.
739 2268 882 2331 Wr.)
953 2280 1116 2337 rapta
1148 2278 1258 2318 tres
1285 2268 1454 2320 Burm-

1593 2271 1697 2324 392
1738 2272 1905 2321 limite
1940 2289 2183 2339 nusquam
2220 2272 2438 2339 legitur:
2488 2274 2541 2325 iu
2578 2274 2721 2343 quod

479 2338 778 2389 coniectura
809 2334 1039 2387 incidere
1066 2338 1251 2405 possis.
1319 2338 1507 2402 (micas
1538 2340 1749 2403 Medic„
1800 2340 1895 2390 sed
1928 2341 2280 2409 superscripta
2309 2362 2375 2401 ης
2422 2344 2524 2395 vid.
2552 2344 2617 2397 V.
2653 2344 2719 2395 Ι..

479 2407 547 2457 ad
573 2406 669 2457 Ge.
702 2406 798 2467 lv,
828 2404 949 2459 239.
984 2406 1127 2471 Wr.)

479 2553 626 2615 tert„
646 2561 820 2614 prave.

565 2699 712 2770 387.
775 2707 967 2763 niveis
1015 2705 1254 2766 lacertis
1266 2731 1292 2781 ;
1339 2711 1553 2790 quippe

479 2788 592 2847 dea
619 2784 998 2864 λευκώλενος.
1061 2792 1326 2852 ornatius
1357 2809 1555 2854 autem

480 2877 688 2933 extulit
707 2877 1082 2936 Homericum
1099 2873 1286 2962 a’yndg
1299 2879 1557 2960 ἔμαρπτε

479 2959 643 3020 Iliad.
673 2961 724 3036 ξ,
756 2961 900 3036 346,
932 2975 989 3021 et
1013 2983 1158 3022 mox
1186 2985 1296 3024 vss.
1327 2969 1555 3028 388-—

481 3049 606 3110 892
634 3066 828 3104 versus
857 3051 1194 3107 Homericos
1236 3047 1378 3106 ibid.
1407 3049 1553 3116 294.

479 3130 626 3194 295.
675 3135 823 3196 296·
842 3204 854 3215 .
907 3135 1052 3196 390.
1097 3131 1400 3208 labefacta
1442 3152 1558 3208 per

480 3234 616 3272 om
629 3255 656 3284 ‚
709 3219 770 3272 in
819 3217 1026 3296 quibus
1065 3215 1321 3276 medulla
1362 3217 1559 3296 lique-

480 3299 634 3358 facta
649 3343 667 3374 ,
695 3302 881 3359 soluta
895 3346 912 3373 ,
941 3312 1242 3359 consumta
1271 3311 1372 3358 est.
1429 3301 1555 3360 Lu-

445 3383 450 3388 ’
481 3388 731 3444 cretiana
793 3384 988 3444 dictio.
1083 3387 1324 3464 Proprie
1385 3402 1555 3444 mens

481 3488 678 3529 amore
691 3515 707 3546 ,
749 3471 844 3527 cui
870 3470 1232 3548 aliquantum
1258 3471 1553 3546 restiterat,

479 3556 724 3632 impulsa
741 3597 760 3625 ,
806 3570 1072 3632 percussa
1089 3597 1105 3628 ,
1149 3556 1330 3630 vieta,
1387 3554 1557 3614 labe-

465 3639 614 3712 steri
639 3635 862 3694 dicitur.
949 3638 1095 3718 Sup.
1123 3640 1230 3714 lv,
1252 3639 1374 3710 395
1419 3661 1559 3700 ma-

474 3740 716 3799 gnoque
743 3721 1016 3778 animacm
1032 3721 1557 3805 labefactat-enmo—

480 3824 564 3862 re.
621 3805 778 3878 Iam,
821 3825 960 3864 cum
997 3809 1292 3872 labefacta·
1321 3813 1557 3872 solvan-

480 3899 608 3962 tur,
652 3900 854 3964 ruant‚
897 3891 1139 3954 cadant:
1201 3897 1279 3956 cf.
1322 3899 1556 3958 Lucret.

479 3973 582 4047 m,
609 3973 754 4040 599.
783 3977 929 4041 600.
959 3983 1102 4043 601.
1144 3984 1192 4056 Ῑ,
1237 3984 1380 4048 529.
1411 3985 1557 4060 580,

480 4077 611 4118 voc.
666 4079 1062 4142 synonymum
1121 4063 1389 4126 habitum
1443 4089 1551 4149 pro

480 4143 732 4220 solutus,
773 4145 1061 4222 diffluens.
1138 4155 1341 4236 Itaque
1379 4157 1557 4212 etiam

484 4231 619 4310 igni
643 4250 792 4311 quae
831 4231 1215 4299 dissolvuntur
1257 4251 1314 4298 et
1361 4241 1557 4320 lique-

483 4326 651 4374 scunt
665 4361 683 4392 ,
725 4316 1086 4398 labefactari
1125 4321 1394 4384 dicuntur
1429 4327 1559 4384 Lu-

484 4403 661 4460 cretio
689 4403 786 4480 IV,
813 4407 1022 4481 701.1,
1035 4405 1180 4472 493.
1250 4413 1394 4475 391.
1411 4411 1559 4476 392.

1277 2406 1381 2460 ³94
1415 2408 1660 2461 devictus
1688 2412 1769 2475 (ut
1800 2408 1955 2461 estin
1982 2410 2032 2463 3.
2057 2408 2105 2461 5.
2132 2412 2183 2464 7.
2220 2412 2268 2464 8.
2303 2412 2382 2466 12.
2414 2414 2557 2479 lVr.)

479 2475 658 2526 Heius.
684 2472 737 2524 in
768 2473 958 2544 vulgg„
993 2476 1134 2544 quod
1167 2474 1392 2529 deterius
1415 2476 1504 2532 hic
1530 2488 1585 2530 et
1614 2477 1742 2531 alibi
1768 2478 2080 2532 habendum.

2593 2422 2719 2463 ante

2160 2478 2264 2536 395
2278 2479 2333 2554 f
2360 2486 2530 2535 sensit
2558 2483 2718 2536 Goth.

1638 2711 1937 2770 Praeclare
1964 2713 2261 2772 flammam
2290 2716 2501 2772 amoris
2533 2733 2720 2791 pene·

1638 2807 1885 2854 trantem
1916 2797 2199 2857 medullas
2228 2803 2441 2856 ossium
2476 2817 2723 2878 compa-

1639 2891 1723 2937 rat
1755 2899 1890 2938 cum
1919 2883 2146 2959 fulgure
2190 2887 2281 2942 vel
2330 2883 2578 2960 fulgetro
2620 2886 2723 2938 iu·—

1637 2976 1726 3020 ter
1784 2975 1930 3022 atras
1978 2969 2163 3024 nubes
2212 2977 2467 3040 errante,
2527 2975 2721 3024 tractu

1640 3069 1705 3106 ac
1765 3051 1925 3106 sulco
1978 3054 2139 3106 tenui
2166 3095 2183 3124 ‚
2258 3071 2439 3131 quem
2494 3052 2721 3110 rimam

1638 3133 1882 3212 &neam
1926 3145 2173 3210 neptam
2224 3135 2483 3216 (proprie
2530 3139 2720 3196 nubes

1638 3220 1954 3296 rumpitur,
1992 3217 2097 3276 sed
2136 3221 2215 3278 sic
2264 3241 2433 3301 saepe
2480 3226 2719 3301 poetae)

1639 3299 1821 3367 dixit:
1864 3320 1935 3360 ea
1950 3309 2257 3380 percurrit
2282 3306 2515 3366 nimbos
2526 3349 2554 3379 ,
2580 3326 2717 3365 ·nu-

1636 3388 1737 3446 bes
1778 3386 1981 3449 densas
2022 3401 2082 3447 et
2126 3401 2273 3451 atras
2290 3438 2306 3469 ,
2351 3393 2579 3452 lumine
2614 3413 2717 3450 co·-

1636 3493 1829 3530 rusco.

1724 3561 1868 3622 393.
1900 3558 2061 3618 heta
2086 3560 2261 3620 dolie.
2308 3566 2414 3622 Est
2442 3585 2581 3623 sane.
2610 3563 2716 3624 60-

1638 3642 2055 3723 λοφρονέουσα
2095 3647 2260 3708 Iliad.
2306 3651 2359 3726 ξ,
2417 3653 2560 3723 329,
2614 3646 2717 3706 sed

1640 3740 1841 3788 ornate
1864 3775 1881 3804 ‚
1932 3731 2084 3792 laeta
2140 3754 2407 3796 successu
2480 3735 2600 3792 doli
2634 3744 2717 3796 et

1638 3813 1856 3874 fraudis
1880 3836 2037 3875 suae.
2126 3821 2226 3878 Sic
2254 3821 2351 3894 IV,
2390 3825 2510 3884 128
2551 3820 2717 3876 risit-

1640 3921 1754 3978 que
1786 3901 1941 3958 dolis·
1973 3903 2261 3978 Cytherea
2286 3907 2553 3983 repertis.
2614 3905 2715 3962 Sic

1639 3996 1697 4047 et
1758 3985 2007 4064 Jbrmae
2074 3992 2309 4048 mma-ia
2333 4034 2361 4061 ,
2444 3991 2715 4068 sentiens,

1634 4091 1815 4152 quam
1842 4074 1965 4132 vim
2001 4076 2191 4135 ,forma
2235 4075 2309 4134 ad
2350 4078 2544 4134 mariti
2584 4076 2717 4132 ani-

1634 4176 1803 4217 mum
1828 4178 1987 4216 nunc
2018 4157 2249 4218 habeat.
2334 4159 2479 4225 894.
2522 4171 2715 4218 aeter-

1639 4261 1716 4298 no
1780 4263 1979 4300 amore
2004 4265 2031 4314 ;
2108 4247 2398 4323 potentius
2468 4247 2715 4304 verbum

1639 4347 1836 4406 quam,
1880 4329 2137 4410 antiquo,
2176 4331 2440 4410 pristinu.
2510 4332 2715 4388 Praei-

1638 4415 1721 4472 vit
1745 4413 1976 4472 Lucret.
2004 4415 2051 4487 1,
2096 4413 2181 4497 85
2223 4426 2460 4473 aeterno
2502 4413 2715 4475 devm-
2742 4479 2748 4484 ,
