3009 5050
515 431 660 502 132
1073 396 1975 488 EXCURSUS
2080 395 2171 470 11

677 611 794 670 Vix
819 608 882 666 in
909 615 1074 686 grato
1099 603 1224 662 solo
1251 596 1629 660 consederant
1642 638 1661 669 ,
1703 610 1843 650 cum
1868 606 2023 648 nova
2060 581 2329 666 prodigia
2370 597 2467 638 eos
2508 593 2761 656 excepe-

515 707 670 758 runt.
755 697 908 752 Nam
933 691 1102 750 humi
1126 689 1462 746 recubantes
1479 727 1496 756 ,
1540 690 1597 738 et
1614 723 1631 754 ,
1674 689 1741 736 ut
1786 696 1819 733 a
1862 676 2041 752 longa
2083 667 2455 748 navigatione
2497 663 2637 721 fessi
2675 653 2764 718 sa-

516 802 648 842 cere
675 780 860 842 solent
875 823 892 852 ,
935 777 1064 836 cibo
1091 783 1348 853 potuque
1391 789 1454 826 se
1491 765 1811 824 reficientes
1828 805 1844 838 ,
1900 779 2009 840 pro
2050 773 2255 816 mensa
2298 768 2515 832 panem
2554 749 2763 827 pomis,

519 869 726 950 quibus
763 873 1072 926 vescuntur
1087 905 1103 934 ,
1160 858 1466 917 subiiciunt
1481 897 1498 926 ‚
1562 865 1821 928 moxque
1836 889 1853 920 ,
1912 861 2096 902 coena
2148 840 2301 898 facta
2344 835 2662 894 constantis
2711 841 2765 890 et

517 953 608 1014 his
621 998 638 1029 ,
681 971 742 1010 se
774 967 1010 1008 mensas
1037 943 1352 1003 comedisse
1378 938 1641 1017 adeoque
1686 943 1851 992 vetus
1894 929 2233 988 vaticinium
2248 969 2267 998 ‚
2328 941 2405 980 ex
2448 918 2767 978 nonnullo-

521 1058 656 1098 rum
681 1034 796 1094 fide
822 1037 944 1094 iam
965 1033 1107 1091 olim
1135 1049 1171 1088 a
1199 1028 1420 1108 Sibylla
1448 1020 1769 1102 Erythraea
1814 1014 2017 1076 datum
2034 1059 2051 1088 ,
2094 1009 2255 1094 quod
2303 1005 2461 1066 hunc
2504 1022 2765 1063 errorum

521 1125 840 1185 terminum
881 1119 1096 1198 figebat
1113 1160 1130 1190 ,
1185 1135 1262 1174 ne
1303 1111 1378 1170 ad
1419 1111 1719 1168 ulteriores
1768 1100 2078 1160 occidentis
2130 1115 2257 1156 oras
2296 1101 2605 1173 pergerent
2620 1135 2636 1166 ,
2693 1087 2767 1168 ad

524 1219 798 1269 eventum
848 1203 1184 1285 perduxisse
1224 1198 1425 1258 vident
1443 1241 1460 1270 ,
1518 1203 1587 1250 ut
1642 1211 1677 1249 a
1716 1198 1891 1268 poeta
1934 1187 2163 1265 copiose
2205 1189 2499 1254 narratur3
2552 1195 2662 1236 nec
2706 1171 2769 1231 id

524 1297 648 1354 sine
678 1293 956 1372 dignitate
984 1289 1146 1368 epica
1171 1287 1393 1344 factum
1409 1325 1426 1356 ,
1467 1290 1536 1336 ut
1562 1281 1683 1336 iam
1712 1275 1849 1332 alias
1894 1271 2251 1330 declaratmn
2294 1275 2397 1322 est.
2446 1262 2600 1322 conf.
2642 1261 2770 1321 Ex-

525 1399 674 1440 curs.
703 1378 840 1438 VIII
865 1376 966 1434 lib.
995 1376 1098 1432 111.
1183 1373 1573 1449 Frequentata
1600 1373 1685 1420 est
1711 1359 1907 1418 fabula
1950 1356 2218 1416 omnium
2236 1397 2253 1426 ,
2294 1353 2398 1432 qui
2440 1347 2515 1408 de
2558 1347 2769 1405 Troia-

523 1484 739 1524 norum
783 1465 847 1518 in
882 1462 1122 1520 Latium
1176 1454 1432 1514 adventu
1473 1450 1895 1518 meminennit,
1936 1441 2386 1512 memoratione3
2426 1436 2772 1514 plerumque

525 1549 860 1629 simpliciter
873 1590 891 1620 ‚
931 1547 1054 1604 sine
1097 1560 1334 1600 mensae
1375 1538 1621 1596 materia
1660 1548 1927 1610 expressa
1942 1573 1958 1603 ,
2002 1539 2067 1585 ut
2108 1527 2172 1582 in
2215 1525 2455 1582 Conone
2512 1518 2617 1594 46,
2670 1517 2773 1576 ubi

528 1629 708 1716 λόγος
749 1621 928 1703 οὗτος
949 1622 1420 1707 κατημαξευται,
1465 1623 1585 1680 sive
1615 1620 1819 1677 Conon
1848 1617 1967 1673 sive
2006 1610 2249 1670 Photius
2290 1606 2528 1679 adiecit,
2578 1605 2775 1663 tritam

531 1738 664 1784 esse,
695 1717 958 1776 fabulam
993 1712 1338 1792 significans.
1425 1704 1547 1766 Sed
1590 1707 1741 1762 inest
1794 1699 2087 1760 diversitas
2130 1699 2195 1754 in
2232 1712 2471 1752 mensae
2512 1691 2773 1762 materia,
2826 1727 2833 1732 ·

535 1821 716 1884 qnam
745 1801 841 1862 alii
881 1819 1002 1857 non
1040 1799 1227 1856 libum
1263 1793 1366 1854 sed
1410 1795 1611 1872 apium
1648 1790 1821 1846 fuisse
1860 1783 2238 1844 tradiderunt.
2321 1781 2561 1857 Dionys.
2602 1775 2653 1850 1,
2694 1774 2775 1839 55

531 1891 833 1967 utriusque
873 1885 1212 1942 narrationis
1253 1881 1391 1940 facit
1448 1878 1808 1936 mentionem
1830 1916 1847 1946 ‚
1917 1861 2119 1944 σέλιγά
2174 1887 2285 1946 μεν
2340 1867 2586 1934 πολλοῖς
2636 1857 2775 1922 ‹55⁸5-

538 1991 796 2054 στρωτο,
831 1968 934 2031 καὶ
963 1959 1045 2048 ἦν
1075 1971 1261 2030 ταῦτα
1293 1959 1486 2044 ὥςπερ
1512 1955 1770 2044 τράπεζα
1801 1961 1922 2020 τῶν
1962 1947 2337 2032 ἐδεσμάτων·
2396 1946 2479 2023 ὥς
2513 1944 2579 2008 δέ
2624 1945 2779 2024 φασί

537 2079 732 2132 τινες,
778 2055 936 2134 ἴτρια
971 2055 1214 2128 καρποῦ
1257 2046 1633 2128 πεποιημένα
1676 2044 1967 2120 πυρίνου,
2028 2030 2445 2120 καθαρότητος
2478 2035 2612 2104 ταῖς
2648 2053 2779 2112 τρο-

537 2148 684 2223 φαῖς
717 2139 907 2203 ἕνεκα.
989 2139 1186 2196 Etiam
1227 2138 1340 2194 Dio
1385 2137 1447 2192 iu
1489 2135 1637 2190 Exc.
1680 2130 1870 2188 Vales.
1911 2148 1973 2186 n.
2032 2127 2116 2183 111
2158 2119 2447 2202 τραπέζας
2484 2118 2783 2188 σελινίνας

539 2223 727 2299 οὔσας
753 2234 1041 2284 memorat
1079 2217 1124 2302 ἢ
1161 2221 1227 2285 ἐκ
1263 2223 1385 2283 τῶν
1429 2214 1837 2296 σκληροτέρων
1872 2215 2076 2293 μεροῖν
2114 2213 2238 2270 τῶν
2276 2203 2475 2286 ἄρτων
2516 2204 2784 2280 (ignora-

537 2314 622 2370 vit
646 2312 758 2370 Dio
788 2320 887 2368 aut
929 2311 1150 2368 Tzetza
1187 2308 1374 2386 potius
1419 2303 1493 2362 ad
1530 2297 1823 2384 Lycophr.
1870 2301 2050 2371 1232,
2092 2292 2252 2352 unde
2294 2290 2439 2350 haec
2481 2310 2515 2347 a
2554 2289 2783 2347 Valesio

545 2394 626 2456 ad
653 2397 906 2454 Dionem
932 2403 1174 2452 retracta
1199 2402 1364 2464 sunt,
1405 2408 1623 2470 panem
1657 2385 1854 2465 priscis
1881 2381 2213 2441 hominibus
2241 2376 2388 2436 nihil
2418 2373 2577 2434 aliud
2605 2393 2787 2454 quam

547 2483 866 2541 crustulum
895 2489 953 2538 et
979 2481 1306 2559 placentam
1325 2477 1531 2551 fuisse-3
1572 2472 1859 2552 ignoravit
1886 2485 2119 2551 quoque
2144 2466 2343 2526 Victor
2372 2464 2441 2521 0.
2472 2464 2545 2520 G.
2584 2461 2657 2518 R.
2708 2463 2787 2523 10

545 2578 848 2647 consumto
905 2564 1071 2644 quod
1109 2564 1328 2643 fiaerat
1375 2560 1496 2619 cibi
1512 2602 1535 2631 ,
1607 2568 1872 2615 crustam
1922 2556 2100 2613 etiam
2158 2552 2231 2609 de
2256 2550 2491 2629 sat-reis
2538 2547 2788 2613 mensis,

541 2673 697 2733 quas
722 2661 993 2711 moratas
1018 2670 1220 2707 secum
1241 2645 1506 2709 hahebat
1524 2688 1549 2715 ,
1592 2641 1932 2719 comedisse)
1974 2651 2031 2699 et
2069 2640 2357 2697 Domitius
2389 2632 2544 2715 apud
2584 2631 2788 2689 Aurel.

541 2739 756 2799 Victor.
799 2738 866 2795 0.
912 2737 986 2793 G.
1035 2736 1106 2795 R.
1153 2740 1232 2801 12
1272 2751 1616 2791 mensarum
1657 2730 1785 2787 vice
1830 2724 2109 2785 sumendi
2148 2721 2269 2781 eibi
2293 2722 2505 2801 gratia
2544 2720 2789 2796 apium,

543 2826 717 2881 ωιίιιε
745 2823 1014 2880 maxima
1037 2830 1168 2879 erat
1193 2818 1412 2877 ibidem
1438 2818 1614 2895 copia
1625 2858 1649 2887 ‚
1676 2814 1881 2893 fuisse
1926 2810 2333 2882 substratum,
2381 2804 2547 2885 quod
2586 2806 2793 2882 ipsum

545 2910 870 2967 consumtis
896 2906 1039 2965 aliie
1065 2904 1281 2963 eduliis
1307 2926 1404 2963 eos
1445 2902 1766 2961 comedam
1807 2910 1916 2963 etc.
2002 2896 2404 2954 Diversitatem
2446 2891 2793 2949 narrationis

543 3004 670 3075 post
713 3004 800 3052 tot
839 2992 1052 3051 harum
1091 3010 1288 3050 rerum
1324 2994 1388 3047 in
1431 2986 1816 3067 superioribus
1860 2982 2128 3061 exempla
2184 2999 2305 3037 non
2358 2976 2538 3036 modo
2598 2994 2794 3056 aequo

545 3082 740 3137 animo
766 3078 916 3135 ferre
943 3074 1248 3133 didicimus
1266 3119 1282 3148 ,
1325 3092 1532 3131 verum
1560 3072 1764 3142 etiam,
1810 3066 1951 3150 quid
1977 3066 2115 3125 inde
2143 3076 2416 3147 sequatur
2432 3106 2449 3137 ‚
2480 3060 2792 3143 quomodo

547 3182 582 3221 a
607 3162 864 3241 pluribus
889 3161 1004 3219 tale
1033 3169 1443 3239 argumentum
1469 3166 1806 3227 tractatum,
1852 3164 1951 3211 aut
1978 3154 2255 3212 iactatum
2280 3150 2469 3207 multo
2498 3166 2796 3221 sermone,

548 3256 878 3329 quantaque
907 3244 1044 3302 inde
1071 3254 1277 3325 poetae
1307 3262 1502 3301 rerum
1542 3242 1708 3321 copia
1752 3238 1826 3297 ad
1868 3258 2114 3297 manum
2158 3257 2277 3295 esse
2322 3234 2613 3308 debuerit,
2655 3234 2800 3291 satis

547 3330 816 3390 vidimus.
902 3332 1068 3387 Hanc
1129 3341 1326 3387 tamen
1382 3328 1771 3390 diversitatem
1824 3324 2097 3383 narrandi
2163 3319 2485 3379 admodum
2545 3322 2803 3377 miratur

550 3417 814 3493 Toupius
848 3416 911 3472 in
937 3412 1270 3471 Emendatt.
1300 3416 1362 3470 in
1394 3412 1638 3473 Suidam
1666 3414 1735 3470 P.
1762 3414 1809 3487 1,
1838 3432 1897 3491 p.
1929 3414 2031 3475 38.
2062 3411 2164 3483 39,
2194 3427 2448 3489 cumque
2490 3407 2643 3463 inter
2680 3404 2805 3461 alia

549 3502 949 3581 placentarum
995 3518 1210 3576 genera
1227 3542 1244 3571 ,
1291 3518 1442 3580 quae
1478 3498 1703 3556 infinita
1749 3495 1904 3577 apud
1944 3506 2165 3553 veteres
2215 3504 2349 3551 sunt
2365 3537 2383 3568 ,
2430 3494 2491 3549 in
2536 3484 2804 3570 σελήνας

549 3584 872 3659 incidisset,
921 3603 1072 3665 quae
1099 3584 1330 3641 lunatae
1375 3594 1432 3642 et
1475 3584 1812 3665 μηνοειδεῖς
1854 3592 2046 3653 erant,
2092 3590 2281 3637 totum
2325 3577 2399 3636 de
2434 3578 2577 3655 apio
2624 3594 2806 3633 com-

550 3680 819 3728 mentum
845 3679 1040 3727 ortum
1068 3666 1347 3731 habuisse
1374 3691 1444 3728 ex
1473 3679 1755 3747 corrupta
1778 3666 1891 3723 illa
1932 3664 2181 3723 lectione
2219 3664 2488 3723 historici
2530 3660 2809 3719 alicuius

551 3756 762 3812 veteris
777 3796 803 3826 ,
847 3774 1034 3832 quam
1059 3752 1362 3829 bonafide
1405 3754 1671 3812 exhibuit
1707 3754 1834 3811 Dio
1852 3794 1875 3821 ,
1918 3750 2205 3831 τραπέζας
2260 3748 2577 3820 σελινίνας.
2665 3746 2809 3803 At-

553 3840 663 3919 qui
692 3840 943 3917 scriptor
972 3841 1080 3897 iste
1102 3873 1186 3883 —
1205 3840 1430 3919 procul
1450 3839 1632 3899 dubio
1662 3838 1906 3896 dederat
1929 3836 2219 3919 τραπέζας
2247 3834 2594 3913 σεληναίαςε
2646 3851 2809 3890 con-

554 3926 730 3983 iectat
779 3926 1076 4003 ingeniose
1124 3936 1182 3983 et
1233 3930 1402 4003 scite3
1445 3946 1555 3983 nec
1610 3936 1807 3983 tamen
1862 3942 2017 3981 vere.
2108 3922 2263 3979 Sane
2296 3920 2537 4003 quidem
2578 3918 2808 3997 plures,

552 4010 778 4068 Italicas
815 4011 1075 4090 inprimis
1091 4056 1107 4086 ,
1147 4012 1368 4071 fabulas
1392 4031 1428 4070 a
1455 4010 1769 4070 verborum
1809 4006 2183 4067 similitudine
2226 4006 2424 4065 ductas
2466 4022 2647 4063 nemo
2686 4024 2811 4061 ne-

554 4104 672 4173 get.
757 4096 883 4154 Hoc
908 4098 1102 4176 ipsum
1128 4094 1202 4154 de
1228 4100 1442 4156 mensis
1469 4098 1736 4155 comestis
1760 4096 2101 4154 vaticinium
2120 4094 2433 4151 verborum
2470 4089 2603 4149 lusu
2648 4108 2814 4148 con-

556 4178 726 4281 tineri
765 4197 940 4260 supra
975 4180 1262 4257 vidimus3
1317 4193 1373 4240 et
1415 4179 1663 4239 aliorum
1715 4200 1951 4261 quoque
2000 4178 2353 4259 populorum
2392 4178 2625 4235 fabulae
2642 4220 2659 4249 ‚
2703 4177 2815 4233 in-

553 4284 753 4345 primis
806 4268 1196 4325 Romanenses
1209 4308 1224 4337 ,
1285 4284 1320 4323 a
1373 4268 1686 4323 nominum
1724 4264 2097 4325 similitudine
2136 4265 2233 4321 vel
2271 4266 2429 4323 vario
2472 4260 2819 4341 significatu

554 4352 766 4427 petitae
791 4362 926 4410 sunt
939 4394 956 4423 ,
996 4351 1244 4427 ingeniis
1269 4348 1579 4409 hominum
1607 4353 1921 4429 agrestibus
1968 4362 2027 4407 et
2066 4350 2295 4407 incultis
2334 4350 2397 4405 in
2439 4350 2507 4405 iis
2550 4348 2679 4405 fere
2734 4346 2819 4405 ad

555 4436 776 4493 maiora
815 4455 876 4494 se
905 4433 1274 4493 acuentibus.
1357 4437 1448 4495 Ita
1499 4434 1573 4495 de
1624 4436 1906 4495 Melusina
1954 4434 2215 4495 fabulam
2252 4435 2385 4493 satis
2424 4433 2823 4515 probabiliter
