3009 5050
65 1720 144 1903 ἐξ

59 1929 132 2042 κ’

57 2047 124 2155 ⁹5

43 2359 114 2423 -g

63 2540 114 2591 εὶ

70 2605 113 2623 υ

603 1525 686 1602 P.
772 1521 1410 1602 VIRGILII
1488 1521 2139 1600 MARONIS

243 1715 344 1822 A
569 1716 726 1820 E
881 1715 986 1826 N
1209 1717 1300 1824 E
1521 1715 1570 1819 1
1788 1715 1888 1820 D
2104 1709 2217 1821 O
2426 1719 2498 1826 s

749 1931 1174 2090 L14BER
1281 1919 1984 2022 SEPTIMUS
2329 1932 2339 1942 ’

895 2312 1833 2378 ARGUMENTUM

243 2443 584 2563 Caietam,
643 2490 934 2548 nutricem
975 2507 1144 2549 suam
1161 2534 1178 2564 ,
1249 2489 1478 2548 Aeneas
1528 2487 1761 2569 sepelit,
1808 2485 2123 2571 locumque
2175 2487 2371 2568 ipsum
2420 2490 2494 2549 ab

239 2578 366 2629 eius
407 2578 648 2633 nomine
679 2576 941 2633 Caietam
984 2577 1236 2655 appellat
1263 2608 1350 2618 —-
1379 2574 1440 2639 5.
1526 2574 1671 2635 Inde
1714 2574 1903 2634 Circes
1934 2572 2135 2631 sedem
2158 2586 2494 2653 praeterve-

239 2654 504 2713 hitur—
531 2659 634 2728 24,
695 2658 1070 2739 secundoque
1112 2672 1289 2719 vento
1333 2658 1408 2725 ad
1451 2662 1679 2722 Tiberis
1710 2662 1853 2717 ostia
1882 2657 2171 2719 defertur:
2218 2660 2495 2723 adverso-

239 2761 358 2823 que
383 2740 626 2797 flumine
655 2742 978 2815 subvectus,
1033 2748 1096 2801 in
1123 2748 1478 2803 Laurentem
1510 2764 1717 2823 agrum
1748 2742 2041 2822 egreditur
2064 2778 2156 2794 —-
2182 2750 2286 2812 35.
2383 2748 2495 2822 Dj-

237 2830 534 2906 gressione
582 2819 655 2883 de
699 2828 888 2907 prisco
925 2830 1076 2887 Latii
1119 2839 1270 2887 statu
1302 2838 1358 2883 et
1388 2828 1460 2885 de
1487 2828 1765 2906 prodigiis
1782 2872 1799 2901 ,
1860 2831 2067 2908 quibus
2098 2830 2493 2891 Troianorum

237 2912 520 2971 adventus
581 2910 950 2971 denuntiatus
1003 2914 1224 2986 suerat,
1283 2912 1434 2970 facta
1461 2944 1551 2957 —
1584 2918 1739 2983 106,
1812 2917 2002 2991 pergit
2042 2932 2275 2971 narrare
2320 2927 2491 2993 poeta

239 2998 402 3056 aliud
433 3009 726 3057 ostentum
756 3018 1122 3057 comesurum
1149 3016 1523 3071 mensarum3
1569 3016 1705 3057 cum
1734 2996 1961 3055 Aeneas
1993 3016 2069 3055 ex
2092 3000 2331 3057 Ascanii
2354 3020 2492 3057 ver-

235 3084 322 3143 bis
351 3087 748 3163 cognovisset,
809 3104 939 3142 eam
985 3104 1108 3143 esse
1147 3096 1364 3143 terram
1407 3084 1537 3143 fatis
1580 3084 1689 3143 sibi
1733 3080 2023 3157 debitam3
2094 3082 2169 3141 ad
2210 3082 2489 3145 Latinum

236 3178 472 3249 regem,
535 3172 635 3251 qui
680 3172 802 3229 eius
830 3182 1320 3249 tractusregnum
1349 3170 1675 3244 obtinebat,
1734 3179 1971 3225 centum
1997 3179 2261 3235 oratores
2294 3173 2487 3245 mittit,

237 3259 339 3337 qui
367 3267 425 3314 et
452 3276 558 3313 suo
585 3259 826 3315 nomine
851 3258 938 3315 illi
963 3276 1204 3315 munera
1237 3258 1545 3329 offerrent,
1612 3266 1669 3313 et
1708 3255 1867 3313 urbis
1912 3252 2249 3318 condendae
2288 3256 2489 3315 loeum

235 3352 518 3419 peterent.
601 3346 826 3401 Interea
870 3354 1053 3402 eastra
1099 3354 1351 3401 metatur
1375 3374 1463 3384 —
1495 3340 1637 3405 159.
1720 3342 1992 3414 Latinus,
2044 3342 2335 3419 legatione
2381 3343 2489 3401 be-

233 3429 412 3505 nigne
444 3426 670 3503 audita,
720 3440 950 3507 praeter
972 3432 1258 3507 postulata
1275 3474 1292 3503 ,
1353 3428 1661 3488 Lavinium
1686 3426 1870 3485 filiam
1896 3446 2097 3500 suam,
2144 3446 2351 3506 quam,
2410 3446 2489 3485 ex

235 3514 422 3573 Fauni
439 3558 455 3586 ,
511 3518 684 3592 patris
727 3517 816 3572 sui
830 3560 846 3588 ‚
907 3516 1150 3574 oraculis
1195 3526 1252 3573 et
1295 3536 1371 3573 ex
1398 3532 1689 3591 augurum
1716 3513 1997 3591 responsis
2016 3557 2031 3585 ‚
2090 3523 2334 3578 externo
2359 3514 2485 3573 viro

235 3596 461 3656 tradere
489 3600 826 3673 iubebatur,
884 3600 1038 3659 ultro
1066 3602 1304 3659 Aeneae
1345 3600 1659 3677 coniugem
1686 3599 1857 3657 offert
1883 3593 1981 3641 --'
1998 3598 2144 3663 285.
2242 3600 2485 3656 Interim

235 3685 400 3759 Iuno,
442 3689 726 3765 prosperis
753 3686 1148 3745 Troianorum
1175 3688 1345 3745 rebus
1377 3684 1631 3759 offensa,
1688 3686 1895 3743 Alecto
1940 3678 2015 3741 ad
2044 3680 2483 3754 disturbandam

233 3788 442 3847 pacem
499 3771 570 3829 ab
627 3772 824 3831 inferis
872 3783 1074 3829 evooat
1103 3808 1182 3817 —
1213 3770 1374 3835 840:
1438 3790 1589 3851 quae
1626 3772 1882 3850 primum
1924 3770 2198 3827 Amatam
2214 3814 2231 3843 ,
2289 3771 2482 3828 Latini

235 3874 480 3913 uxorem
507 3888 593 3899 —-
621 3857 746 3923 405
763 3902 780 3930 ‚
837 3855 1048 3915 deiude
1086 3860 1278 3937 ipsum
1309 3858 1486 3915 etiam
1515 3857 1791 3915 Turnum
1816 3856 1976 3916 furiis
2020 3856 2135 3913 suis
2163 3856 2369 3933 implet
2390 3886 2482 3899 ··—

235 3938 390 4005 434:
436 3953 610 4022 atque
653 3942 792 4001 inde
832 3941 906 4001 ad
949 3939 1342 4002 Troianorum
1384 3944 1745 4005 iuventutem
1790 3958 2062 4001 conversa
2080 3982 2095 4010 ‚
2158 3960 2329 4020 quae·
2350 3951 2481 3997 tum

233 4024 379 4085 forte
405 4030 700 4085 venationi
729 4048 968 4107 operam
995 4029 1167 4088 dabat
1185 4072 1202 4102 ,
1243 4038 1619 4091 mansuetum
1642 4028 1751 4085 illis
1778 4044 2023 4085 cervum
2048 4025 2244 4092 obiicit
2259 4067 2276 4098 ,
2318 4026 2481 4105 Tyr-

233 4108 355 4185 rhi,
401 4116 732 4173 armentarii
774 4118 920 4194 regii
936 4161 953 4189 ‚
997 4116 1192 4176 liberis
1231 4116 1494 4193 inprimis
1538 4130 1771 4185 carum3
1826 4130 2007 4194 quem
2033 4130 2169 4169 oum
2196 4111 2479 4192 Asoauins

231 4199 436 4275 sagitta
477 4200 830 4259 vulnerasset
846 4246 863 4274 ‚
923 4202 1152 4274 rustici,
1211 4202 1445 4279 arreptis
1490 4200 1693 4271 armis,
1755 4199 1818 4255 in
1862 4200 2151 4257 Troianos
2188 4198 2477 4275 impetum

229 4280 451 4352 faciunt
476 4316 564 4338 «ι-
594 4284 738 4350 510.
822 4287 1029 4352 Alecto
1073 4306 1150 4343 ex
1194 4288 1488 4364 superiore
1530 4285 1660 4352 loco
1692 4284 1993 4363 classicum
2020 4284 2206 4339 canit:
2261 4276 2478 4339 cadunt

229 4368 290 4423 in
321 4388 392 4427 eo
419 4370 677 4429 tumultu
693 4373 945 4447 „Almam
994 4370 1214 4451 Tyrrhi
1242 4372 1392 4431 filius
1421 4381 1563 4429 natu
1588 4370 1899 4439 maximus,
1928 4378 1986 4425 et
2014 4368 2272 4437 Galesus,
2316 4367 2477 4443 agri-

229 4454 358 4510 oola
383 4457 636 4533 regionis
659 4460 834 4517 totius
858 4458 1340 4537 locupletissimus
1355 4476 1374 4515 ε
1429 4444 1541 4537 qui*
1560 4472 1699 4513 oum
1724 4456 1787 4513 in
1814 4455 2023 4515 urbem
2046 4452 2264 4513 mortui
2291 4462 2477 4510 essent

334 4552 646 4632 Vnum..
701 4558 913 4633 Tou.
963 4557 1100 4632 111.
2015 4554 2058 4623 l
