3009 5050
472 469 625 542 412

874 553 880 565 ¹
955 463 1038 538 P.
1091 459 1622 542 vmclml
1671 458 2228 540 MARoms

470 655 639 728 Nec
686 647 951 726 dextra
982 645 1219 726 valet:
1272 647 1575 722 iniectis
1603 645 1712 722 sic
1733 644 2094 747 undique
2119 644 2301 722 telis

476 753 881 830 Obruitur.
992 751 1289 851 Strepit
1319 749 1652 826 adsiduo
1693 773 1873 825 cava
1903 762 2270 849 tempora
2312 748 2648 824 circum

476 857 803 933 Tinnitu
832 853 1089 954 galea,
1148 865 1226 928 et
1264 856 1455 928 saxis
1482 852 1738 929 solida
1765 877 1944 928 aera
1980 851 2384 945 fatiscunt3

468 960 1038 1059 Discussaeque
1072 957 1303 1032 iubae
1336 957 1564 1057 capiti
1593 993 1613 1050 3
1668 980 1818 1032 nec
1858 954 2153 1032 sufficit
2183 953 2440 1031 umbo

2587 964 2752 1034 810

468 1059 795 1157 Ictibus3
848 1061 1339 1160 ingeminant
1363 1059 1602 1136 hastis
1631 1072 1712 1135 et
1737 1065 1990 1135 Troes
2021 1073 2099 1135 et
2124 1059 2293 1161 ipse

468 1166 935 1244 Fulmineus
968 1164 1451 1242 Mnestheus.
1559 1168 1770 1240 Tum
1796 1175 1969 1239 toto
2013 1185 2354 1263 corpore
2388 1159 2670 1236 sudor

469 1270 867 1373 Liquitur‚
924 1281 1004 1344 et
1029 1269 1346 1369 piceum
1386 1275 1588 1364 (nec
1615 1268 2003 1366 respirare
2047 1273 2444 1368 potestas)

468 1373 807 1474 Flumen
844 1372 1036 1470 agit3
1089 1369 1342 1448 sessos
1368 1370 1624 1471 'quatit
1649 1369 1888 1467 'aeger
1920 1368 2312 1446 anhelitus
2347 1379 2600 1448 artuS.

473 1482 687 1554 Tum
765 1475 1097 1552 demum
1168 1497 1552 1575 praeceps
1623 1471 1823 1549 saltu
1893 1497 2067 1550 sese
2142 1471 2532 1549 omnibus
2611 1496 2740 1547 ar-

1633 1577 1782 1652 mis
2577 1585 2733 1656 815

466 1683 563 1758 In
590 1677 924 1756 fluvium
957 1677 1197 1758 dedit.
1301 1677 1447 1756 Ille
1477 1703 1626 1756 suo
1663 1704 1847 1756 cum
1875 1679 2182 1779 gurgite
2215 1675 2422 1755 flavo

572 1824 742 1897 814.
794 1839 1001 1895 Aclm
1021 1806 1030 1815 ’
1048 1838 1227 1894 ΛΝΒ.

570 2025 673 2080 807
704 2023 925 2078 obiectis
946 2023 1181 2075 Macrob.
1200 2023 1291 2080 vl.
1328 2023 1381 2080 3.
1452 2025 1683 2079 :invectis
1707 2025 1871 2078 Goth.
1899 2035 1982 2078 ter

2461 2025 2722 2091 (-soss.

2077 2039 2374 2093 perperam.

466 2097 701 2164 strepitu
729 2093 937 2157 Medic„
972 2093 1067 2144 sed
1104 2111 1141 2144 u
1175 2091 1231 2144 in
1262 2091 1440 2145 litura.
1465 2096 1611 2159 Wr.)
1692 2097 1794 2150 809
1813 2097 1988 2167 Singa
2013 2107 2074 2146 tu
2101 2094 2238 2145 alter
2267 2093 2454 2145 Hamb.
2497 2096 2725 2164 (galea-e

466 2181 606 2227 sax„
638 2163 996 2232 superscripto
1022 2174 1093 2224 σε,
1133 2161 1323 2215 Medic.
1359 2164 1503 2227 Wr.)
1559 2167 1695 2218 ·810
1723 2165 1968 2234 Dg'ffusae
2003 2183 2072 2216 ue
2098 2163 2298 2214 zulich.
2381 2164 2492 2218 812
2524 2170 2660 2216 Cum
2683 2175 2722 2214 e.

465 2232 571 2283 dno
602 2235 768 2284 θαι-ω.
808 2244 954 2284 torto
982 2230 1143 2284 eiusd.
1169 2233 1293 2284 Exc.
1377 2233 1481 2286 813
1496 2235 1788 2303 Linquitur
1802 2233 1982 2285 Dorvil
2005 2271 2018 2284 .

2089 2233 2194 2286 814
2215 2232 2440 2284 Fulmen
2472 2236 2530 2284 Μ
2535 2231 2720 2286 ncrob.

463 2301 593 2353 ibid.
615 2319 729 2352 cum
754 2301 913 2354 Goth.
947 2309 1071 2351 tert.
1121 2299 1307 2368 sessus
1332 2306 1453 2370 agit
1481 2303 1640 2354 Goth.
1668 2313 1792 2355 tert.
1862 2305 1986 2353 Mox
2015 2301 2201 2370 vulgo:
2235 2319 2402 2372 aeger
2429 2321 2505 2369 a.,
2539 2313 2600 2356 ut
2625 2301 2719 2352 lib.

465 2373 535 2435 V,
582 2369 685 2425 432
728 2371 830 2422 hoc
874 2368 1013 2421 idem
1063 2369 1446 2422 hemistichium
1480 2373 1722 2424 occurrit.
1791 2373 1892 2425 Sed
1943 2391 2070 2425 acer
2125 2371 2406 2426 anhelitus
2452 2371 2718 2442 quosdam

464 2440 589 2492 olim
622 2440 817 2508 legisse
848 2439 904 2491 in
939 2439 1199 2490 Servianis
1232 2441 1502 2507 proditum
1539 2453 1679 2503 ποις
1729 2441 1831 2494 hoc
1863 2442 2088 2510 arripuit
2119 2441 2390 2508 Heinsius,
2439 2453 2503 2494 ut
2539 2441 2719 2494 varie-

462 2521 553 2563 tur
586 2511 788 2571 cratim
858 2527 973 2561 esse
1024 2509 1163 2561 enim
1210 2509 1343 2561 tales
1395 2512 1711 2564 mutationes
1767 2511 1989 2580 Virgilio
2024 2512 2351 2581 frequentes:
2402 2532 2450 2564 v.
2489 2531 2616 2565 eum
2651 2509 2721 2563 ad

460 2580 516 2632 h.
552 2580 589 2631 l.
628 2591 683 2631 et
715 2581 784 2631 ad
816 2580 926 2631 1301.
963 2580 1030 2644 V,
1062 2580 1147 2633 37.
1220 2578 1442 2645 (Reduxi
1486 2601 1653 2652 aeger
1687 2582 1912 2633 omnium
1957 2580 2212 2632 librorum
2247 2582 2351 2633 fide
2385 2584 2714 2639 stabilinum

460 2648 569 2701 vid.
606 2650 672 2701 V.
704 2650 768 2702 L.
806 2650 873 2701 ad
907 2648 980 2713 X,
1014 2650 1135 2703 871.
1203 2654 1279 2701 Ac
1318 2650 1421 2702 nisi
1453 2652 1788 2703 vehementer
1823 2651 2012 2714 fallor,
2063 2668 2127 2702 ex
2161 2651 2262 2702 hoc
2295 2652 2467 2703 servii
2503 2650 2712 2705 scholio

460 2719 735 2784 discimus,
769 2718 1031 2788 quomodo
1066 2720 1166 2769 iam
1202 2727 1407 2771 veteres
1444 2721 1611 2773 critici
1656 2722 1710 2772 in
1745 2718 2078 2773 recensendis
2126 2721 2474 2788 scriptoribus
2515 2719 2714 2772 versati

458 2790 670 2840 fuerint.
740 2789 845 2852 Qui
878 2806 1031 2857 quum
1064 2787 1339 2853 sentirent,
1374 2790 1650 2859 Virgilium
1682 2790 1910 2858 gaudere
1945 2788 2142 2841 variata
2171 2789 2423 2843 similibus
2457 2790 2516 2842 in
2551 2791 2711 2843 rebus

462 2857 719 2922 oratione,
752 2858 890 2910 hunc
924 2875 1121 2909 morem
1156 2858 1351 2927 ubique
1384 2861 1665 2911 tenendum
1689 2859 2058 2921 existimantes,
2093 2855 2201 2910 suis
2239 2859 2399 2911 etiam·
2431 2862 2711 2913 coniectu-

458 2928 531 2979 ris
567 2938 766 2979 textum
800 2938 999 2979 mutare
1035 2927 1209 2979 conati
1246 2928 1507 2981 videntur.
1581 2928 1768 2979 Mirum
1803 2928 2076 2999 profecto,
2112 2928 2158 2979 si
2191 2928 2272 2979 illi
2307 2948 2434 2982 acer
2467 2932 2528 2982 in
2563 2936 2710 2982 textu

458 2996 794 3063 invenerunt,
828 3015 894 3047 ne
930 3014 1084 3047 unum
1126 2998 1333 3064 quidem
1367 2999 1517 3049 huius
1551 2998 1796 3050 lectionis
1831 2997 2109 3063 vestigium
2143 2998 2198 3049 in
2235 2998 2389 3050 codd.
2423 3016 2702 3069 apparere.

456 3067 583 3117 Vid.
622 3070 687 3129 Q.
716 3068 782 3120 V.
818 3066 965 3129 XVI,
998 3066 1048 3119 6.
1091 3068 1234 3131 Wr.)
1338 3066 1440 3121 815
1479 3072 1608 3119 Cum
1647 3068 1698 3119 d.
1737 3084 1817 3133 pr.
1853 3068 2046 3120 Moret-
2097 3068 2246 3120 saltu
2263 3086 2540 3141 praeceps
2569 3068 2705 3122 Gud.

457 3136 563 3189 816
592 3138 815 3208 gurgite
846 3148 1005 3189 vasto
1038 3131 1179 3186 idem
1212 3144 1270 3186 et
1301 3134 1521 3188 Mentel.
1557 3154 1661 3189 sec.
1701 3136 1861 3189 Goth.
1889 3154 1992 3189 sec.

454 3294 581 3360 527
628 3316 756 3377 sqq.
804 3300 930 3360 602
987 3315 1108 3376 seq.
1164 3305 1223 3353 et
1264 3293 1340 3353 ad
1384 3293 1443 3355 h.
1490 3297 1532 3355 1.
1628 3296 1804 3372 Wr.)
1871 3301 2036 3365 813.
2077 3296 2263 3356 sudor
2291 3300 2539 3375 piceum
2559 3297 2704 3375 flu-

454 3384 580 3446 668
612 3402 742 3463 sqq.
1618 3402 1756 3439 men
1803 3384 1940 3461 agit
1949 3405 1976 3455 ;
2032 3381 2146 3442 hoc
2193 3394 2311 3459 est,
2381 3384 2698 3444 sordidum.

540 3469 687 3531 806.
734 3468 1211 3539 tantum—sim
1253 3442 1359 3546 pro
1398 3470 1536 3527 vul-
1625 3468 1796 3525 Serv.
1817 3490 1844 3541 ;
1887 3470 2126 3547 pulvere
2155 3481 2214 3529 et
2242 3490 2464 3529 cruore.
2555 3468 2698 3536 815.

362 3614 373 3629 ⁰
453 3553 609 3629 gari:
655 3573 765 3610 nec
792 3552 982 3629 elcpeo
996 3594 1021 3622 ,
1066 3553 1357 3631 excipiens
1396 3556 1531 3629 tela,

452 3656 563 3694 nec
592 3637 829 3711 dextra,
872 3656 1140 3716 pugnans
1188 3659 1352 3714 ense,
1396 3642 1532 3698 satis

449 3720 763 3779 subsistere
788 3764 811 3791 ,
866 3742 1023 3781 nunc
1057 3726 1315 3783 resistere
1332 3770 1349 3799 ,
1379 3722 1530 3786 ὕπο-

450 3812 664 3883 στῆναι
677 3852 693 3881 ,
724 3818 937 3867 stutum
964 3819 1163 3867 tenere
1178 3856 1195 3883 ‚
1224 3812 1410 3868 valet:
1444 3844 1532 3855 --

448 3891 595 3951 adeo
624 3893 889 3951 obruitur
933 3896 1078 3953 telis.
1169 3899 1313 3960 809.
1356 3894 1530 3974 sats]—

446 3986 626 4035 ccunt
640 3998 813 4048 aera,
844 3978 1057 4038 cedunt
1072 3982 1310 4055 ictibus3
1340 3982 1526 4059 galea,

444 4082 586 4120 nam
626 4060 699 4121 de
744 4062 855 4123 hac
906 4068 1125 4144 agitur,
1170 4068 1289 4145 agit
1330 4070 1526 4141 rimaS,

442 4150 750 4227 rumpitur.
800 4152 874 4209 cf.
916 4150 991 4209 ad
1034 4155 1248 4230 Georg.
1287 4154 1332 4226 1,
1370 4157 1524 4227 1803

443 4236 642 4315 itaque
670 4256 808 4294 cum
838 4236 1052 4295 dilectu
1080 4236 1371 4296 adiectum
1398 4240 1528 4317 epi-

442 4318 681 4381 theton:
711 4322 927 4380 colt'da.
978 4322 1238 4399 (—811.
1270 4334 1325 4379 et
1350 4324 1528 4382 Troe-3

444 4418 505 4463 et
532 4409 659 4486 ipse
670 4399 885 4487 sulm.
905 4410 1277 4484 Mnestheus,
1304 4409 1423 4469 vid.
1456 4412 1528 4481 0.

440 4494 514 4554 V.
558 4498 786 4572 XVIII,
828 4500 904 4573 2,
947 4494 1113 4557 h.'et
1154 4498 1435 4574 XXXIII,
1466 4501 1529 4561 6.

1617 3552 1736 3612 vid.
1779 3574 1908 3634 sup.
1953 3554 2026 3614 ad
2071 3576 2128 3615 v.
2174 3558 2320 3619 790.
2380 3553 2699 3634 (omnibus

1617 3640 1832 3709 amis,
1862 3634 2070 3714 αὐτοῖς
2099 3636 2384 3719 τεύχεσιν,
2415 3641 2532 3701 vid.
2563 3644 2697 3700 Not.

1616 3722 1692 3783 ad
1731 3722 1845 3799 IV,
1890 3725 2034 3791 517.
2101 3727 2294 3803 W.)
2394 3732 2540 3792 816.
2591 3744 2697 3783 suo

1615 3831 1756 3869 cum
1798 3814 2046 3891 gurgite
2092 3823 2193 3871 aut
2236 3825 2302 3871 ut
2327 3825 2496 3872 vacet
2540 3831 2693 3883 cum,

1610 3908 1678 3954 ut
1703 3916 1893 3977 saepe,
1925 3910 2024 3956 aut
2051 3910 2118 3956 ut
2145 3900 2404 3978 capiatur
2430 3920 2498 3958 ac
2527 3902 2576 3959 si
2603 3918 2696 3955 es·-

1609 3994 1698 4041 set
1742 3984 1829 4040 in.
1923 3985 2022 4043 Sic
2068 3980 2182 4046 σΰν
2221 4005 2327 4063 pro
2375 3984 2460 4047 ἐν.
2547 3986 2691 4043 Usus

1607 4070 1824 4150 ubique
1869 4071 2089 4128 obvius.
2194 4068 2360 4146 (Sed
2413 4090 2548 4129 usus
2597 4069 2691 4127 ille

1609 4156 1832 4235 ubique
1862 4157 2062 4215 obvius
2091 4158 2192 4237 qui
2220 4158 2292 4213 sit
2313 4201 2329 4230 ‚
2371 4158 2556 4214 fateor
2595 4172 2689 4211 me

1611 4242 1901 4319 ignorare.
1985 4244 2212 4320 Nempe
2253 4244 2410 4300 male
2437 4242 2691 4320 iungitur

1613 4327 1950 4403 accepit
2023 4347 2164 4383 cum
2235 4348 2344 4385 suo
2408 4330 2686 4407 gurg-it&

1612 4414 1792 4491 iunge
1849 4409 2000 4467 ille
2052 4432 2193 4469 cum
2247 4434 2358 4471 suo
2411 4415 2686 4494 gurg-itu

1615 4498 1716 4557 cFr.
1746 4498 1897 4573 vm,
1928 4502 2030 4563 72.
2061 4509 2120 4557 et
2155 4501 2380 4559 Ennius
2423 4520 2557 4581 pag.
2587 4499 2683 4564 43·
