3009 5050
445 395 599 468 696
908 387 1007 482 P.
1058 384 1582 466 VIRGILII
1631 384 2196 466 MARoms

546 576 859 652 Interea
884 577 1261 654 Turnum
1295 571 1375 649 in
1409 571 1624 648 silvis
1657 571 2150 650 saevissimus
2181 571 2442 674 inplet

442 677 821 774 NuntiuS‚
878 690 957 754 et
994 677 1262 753 iuveni
1295 679 1712 774 ingentem
1745 675 1905 754 fert
1935 685 2136 754 Acca
2175 675 2654 754 tumultum:

448 781 770 858 Deletas
799 779 1278 860 Volscorum
1314 781 1552 876 acies»,
1603 780 1977 856 cecidisse
2015 778 2450 878 Camillam,

443 884 827 982 Ingruere
872 881 1231 961 infensos
1263 882 1550 982 hostiS,
1603 896 1684 960 et
1715 889 1968 961 Marte
2009 882 2368 960 secundo

452 987 745 1066 Omnia
778 987 1265 1089 conripuisse
1284 1022 1305 1080 3
1334 999 1646 1063 metum
1677 989 1836 1064 iam
1853 989 1953 1064 ad
1971 988 2292 1065 moenia
2319 983 2530 1064 ferri.
2547 993 2702 1065 900

442 1089 585 1168 Ille
612 1090 889 1168 furens
927 1098 1044 1188 (et
1074 1116 1301 1168 saeva
1344 1090 1555 1168 lovis
1599 1091 1711 1168 sic
1747 1092 2077 1170 numina
2117 1097 2496 1193 poscunt)

446 1311 682 1384 Duplici·
710 1313 961 1366 'lectionis
994 1313 1232 1369 diversae
1264 1315 1452 1368 duces:
1488 1315 1691 1368 ardens
1718 1316 1872 1368 Rom.
1907 1323 1964 1368 et
1995 1313 2182 1382 fragm.
2211 1311 2404 1378 Vatic-⁹
2435 1323 2542 1364 tum
2563 1311 2698 1364 Gud-

442 1383 650 1453 Menag.
689 1400 771 1453 pr.
822 1395 879 1436 et.
922 1385 1180 1437 Montalb.
1232 1395 1287 1436 et
1334 1386 1450 1452 ipse
1494 1385 1689 1439 Medic.
1735 1404 1764 1437 a
1809 1403 1878 1438 m.
1913 1402 2014 1452 pn,
2057 1383 2152 1434 sed
2201 1381 2342 1436 idem
2386 1401 2417 1434 a
2459 1399 2529 1434 m.
2577 1399 2700 1444 sec„

443 1453 681 1522 adeoque
716 1471 779 1506 ex
815 1453 1099 1521 Aproniani
1134 1454 1530 1520 emendatione,
1565 1455 1804 1517 audens,
1837 1453 1981 1522 quod
2015 1453 2256 1521 plerique
2285 1461 2600 1520 sequnntur,
2635 1467 2698 1501 ex

442 1522 703 1575 Gothanis
740 1524 947 1592 quidem
985 1541 1066 1592 pr.
1104 1533 1159 1575 et
1189 1533 1313 1576 tert.
1350 1541 1449 1576 nec
1482 1524 1620 1576 male
1655 1522 1778 1584 hoc,
1812 1533 2056 1590 respectu
2093 1538 2272 1574 sexus:
2309 1522 2519 1574 audem
2551 1537 2701 1572 nunc

444 1595 598 1658 mori,
640 1592 691 1646 h.
730 1609 774 1643 e.
814 1591 1097 1644 discrimen
1146 1591 1329 1644 mortis
1364 1593 1544 1654 adire,
1595 1593 1696 1644 etsi
1742 1593 1984 1644 feminae.
2052 1591 2305 1658 (ardent,
2351 1590 2496 1660 quod
2545 1591 2698 1642 etiam

442 1659 496 1712 in
532 1661 581 1716 3.
622 1669 821 1728 exstat,
871 1671 954 1713 est
1003 1661 1154 1731 prior
1204 1661 1363 1714 lectio
1400 1661 1661 1728 Medicei,
1707 1662 1946 1728 audent,
1993 1661 2134 1730 quod
2167 1660 2334 1713 Palst.
2369 1667 2565 1725 tuetur,
2613 1659 2697 1711 ul·-

442 1738 572 1783 tera.
614 1732 697 1784 W
691 1733 759 1793 r.)
878 1731 983 1784 896
1016 1733 1075 1783 in
1111 1731 1264 1783 abest
1298 1731 1472 1800 Bigot.
1512 1741 1566 1782 et
1605 1731 1768 1784 Goth.
1803 1750 1885 1803 pr.
1921 1749 1982 1783 ac
2014 1741 2157 1794 tert„
2196 1740 2248 1782 et
2282 1732 2510 1781 Interea
2543 1729 2698 1781 silvis

452 1801 677 1850 Turnus
713 1801 807 1851 Ed.
844 1801 981 1853 Ven.
1015 1801 1207 1866 Burm.‚
1241 1803 1331 1869 qui
1366 1801 1642 1870 Virgilium
1680 1802 1836 1854 silvis
1869 1800 2044 1852 dicere
2087 1798 2348 1864 maluisse,
2378 1815 2530 1867 quam
2555 1801 2612 1850 in
2635 1815 2697 1862 e..

446 1876 615 1919 notat.
655 1869 931 1936 (Turnum
956 1871 1014 1920 in
1060 1871 1247 1935 silvis,
1309 1869 1344 1922 i.
1382 1887 1429 1922 e.
1466 1870 1556 1938 qui
1603 1869 1657 1921 in
1709 1871 1850 1922 silvis
1886 1880 1994 1922 tum
2031 1867 2366 1930 subsidebat;
2413 1867 2558 1938 quod
2591 1883 2696 1920 non

440 1936 598 1999 lieet,
632 1937 824 2003 omissa
861 1939 1286 2007 praepositione,
1320 1939 1396 1990 ita
1432 1937 1646 1991 efferre:
1701 1942 1948 1991 Turnum
1983 1939 2155 1991 silvis.
2208 1939 2355 1998 Wnl
2431 1939 2695 1989 densissi-

441 2024 563 2058 mus
598 2007 783 2058 Moret.
836 2024 941 2058 sec.
1014 2007 1328 2060 lenissimus
1369 2009 1554 2062 Franc.
1692 2009 1795 2064 897
1841 2019 1899 2060 et
1943 2008 2096 2060 deest
2147 2007 2366 2060 Mentel.
2415 2024 2517 2075 pr„
2564 2005 2694 2058 undo

440 2076 620 2127 Heius.
658 2076 797 2126 coni.
832 2075 1113 2139 Nuntius,
1160 2078 1441 2146 ingentem
1488 2077 1868 2137 2'uven1'3inde
1912 2089 2087 2130 tamen
2133 2077 2264 2128 nihil
2301 2075 2540 2129 lucreris.
2606 2078 2695 2128 in-

480 2157 655 2196 ensem
692 2143 775 2196 vel
811 2163 1025 2197 caecum
1060 2147 1249 2198 Hnmb.
1390 2147 1493 2201 898
1529 2149 1782 2198 Deiectus
1827 2165 1908 2215 pr.
1947 2147 2132 2198 l‘lnmb.
2169 2165 2198 2198 a
2233 2165 2302 2198 m.
2349 2163 2453 2198 sec.
2490 2145 2582 2197 Ed.
2617 2162 2694 2214 pr.

482 2231 610 2265 urm.
715 2214 816 2268 899
850 2213 1085 2282 insessos
1132 2213 1262 2267 Edd.
1296 2224 1429 2270 vett.
1468 2225 1553 2282 et,
1605 2215 1744 2268 haud
1795 2216 1952 2269 dubie
1986 2215 2112 2267 inde
2150 2217 2366 2281 ductus,
2405 2215 2563 2267 Goth.
2597 2232 2696 2284 pr.,

436 2300 470 2335 a
504 2282 694 2352 quibus
731 2281 973 2335 discessit
1024 2285 1315 2352 Naugerius
1360 2285 1415 2337 in
1454 2284 1538 2339 ed.
1585 2287 1712 2338 ter't.
1746 2285 1866 2339 Ald.
2004 2288 2109 2339 900
2144 2287 2336 2337 Omnia
2368 2285 2696 2354 corre'puiue

436 2365 670 2404 metum:
722 2355 831 2403 iam
858 2369 965 2404 sec.
1000 2353 1209 2416 Moret„
1260 2355 1404 2425 quod
1441 2363 1495 2407 et
1546 2355 1718 2422 ipsum
1753 2355 1882 2408 ferri
1917 2356 2104 2421 possit.
2166 2365 2329 2423 (recte
2361 2363 2488 2423 post
2519 2353 2696 2405 corri-

482 2423 629 2474 uiue
664 2421 720 2472 in
760 2419 952 2475 Medic.
1008 2422 1411 2492 interpungitur.
1471 2426 1615 2492 Wr.)
1685 2438 1832 2478 metu
1865 2427 2077 2490 Μανιος.
2113 2442 2214 2493 pr„
2265 2423 2444 2492 sicque
2492 2422 2696 2474 videtur

460 2491 635 2559 egisse
671 2490 927 2545 lul..8ab.
1069 2493 1171 2547 901
1222 2507 1277 2546 σε
1311 2511 1485 2547 saeva
1532 2493 1687 2547 codd.
1722 2491 1884 2548 Pierii
1921 2493 2240 2547 ettlieinsiiz
2287 2494 2466 2563 sicque
2500 2491 2694 2545 editum

437 2578 468 2613 a
503 2561 809 2630 Naugerio,
863 2570 918 2613 et
950 2572 1257 2615 revocatum
1290 2564 1357 2616 ab
1394 2562 1645 2617 Heinsio:
1694 2574 1822 2617 vett.
1858 2565 1978 2617 edd.
2013 2566 2152 2617 fere:
2199 2566 2308 2618 iam
2343 2582 2386 2615 s.
2457 2563 2537 2614 lta
2569 2578 2691 2614 vero

434 2630 689 2699 distingui
724 2630 977 2683 debebat:
1012 2632 1121 2684 Ille
1144 2632 1355 2703 furens
1388 2634 1529 2699 iam,
1566 2652 1733 2686 saeva
1767 2636 1832 2696 1.,
1863 2634 2023 2701 idque
2057 2650 2163 2686 non
2197 2632 2506 2698 improbem.
2559 2632 2690 2699 (Ego

435 2716 566 2753 vero
602 2700 955 2753 vehementer.
1024 2701 1267 2754 Ceterum
1311 2702 1419 2755 vid.
1458 2705 1523 2769 Q.
1563 2704 1631 2757 V.
1667 2704 1905 2769 XXXV,
1939 2704 1990 2757 9.
2043 2703 2188 2772 Wr.)
2259 2701 2354 2754 Ed.
2389 2699 2606 2755 Mediol.
2641 2708 2693 2753 et

520 2880 666 2943 896.
696 2878 975 2937 Nuntius
998 2898 1106 2958 pro
1144 2898 1209 2938 re
1234 2882 1522 2939 nuntiata.

434 2964 561 3021 Hoc
593 2964 765 3023 facile
797 2967 1042 3047 quisque
1090 2964 1301 3025 videat.
1390 2968 1524 3025 Ma-

434 3048 538 3106 lim
585 3046 731 3108 illud
776 3050 1179 3110 observatum:
1247 3052 1526 3109 IVuntius·

430 3132 647 3211 implet
682 3136 972 3213 Ila-num,
1002 3146 1068 3195 ut
1094 3138 1373 3213 absolute,
1402 3140 1522 3195 im-

427 3218 595 3297 plere
616 3219 884 3299 aliquem
900 3264 924 3293 ‚
970 3221 1191 3281 dictum
1232 3224 1325 3282 sit.
1398 3221 1522 3283 Sed

432 3324 521 3363 res
580 3308 661 3364 sic
718 3307 1081 3387 expedienda
1094 3326 1123 3368 :¹
1180 3328 1353 3369 usum
1398 3328 1524 3367 esse

429 3400 665 3471 poetam
708 3412 874 3451 more
916 3413 1053 3469 suc,
1103 3405 1162 3453 et
1204 3394 1266 3454 id
1282 3440 1301 3471 ,
1362 3394 1521 3475 quod

430 3476 824 3537 adiiciendum
870 3490 1021 3538 erat:
1093 3479 1303 3559 implet
1362 3482 1520 3537 Tur-¹

430 3583 579 3621 num
618 3566 856 3643 ingenti
895 3562 1161 3621 tumultu
1178 3606 1204 3635 ‚
1262 3566 1325 3623 in
1355 3568 1520 3625 binas

431 3652 855 3708 enuntiationes
882 3650 1212 3710 resolvisse:
1245 3650 1524 3709 Nuntius

428 3733 639 3811 implet
707 3736 1010 3810 Τιινηιιηι,
1074 3746 1133 3793 et
1173 3735 1357 3795 Acca
1384 3736 1526 3815 sert

366 3878 391 3897 .·
428 3821 639 3877 iuveni
664 3820 967 3898 ingentem
998 3821 1353 3893 tumultum,
1380 3843 1522 3901 per-

428 3905 815 3963 turbationem
828 3950 845 3981 ,
888 3925 1015 3963 rem
1066 3910 1324 3982 nuntiat,
1368 3928 1521 3989 quae

430 3990 623 4049 turbet
678 3992 799 4049 eius
858 3994 1139 4051 animum.
1210 3992 1256 4073 ζ(
1270 3992 1521 4071 implere

426 4072 521 4135 hic
566 4078 825 4135 absolute
868 4080 1153 4158 positum,
1212 4090 1270 4138 et
1312 4077 1524 4137 dicitur

426 4158 499 4220 de
530 4182 632 4237 ec,
700 4166 862 4223 cuius
906 4166 1131 4223 animus
1174 4165 1268 4222 vel
1312 4166 1522 4223 nuntio

428 4248 624 4329 aliquo
644 4292 661 4318 ‚
719 4252 813 4307 vel
856 4270 1001 4309 sono
1018 4296 1035 4325 ,
1088 4250 1179 4309 vel
1233 4249 1391 4307 fama
1440 4252 1524 4307 iia

423 4336 785 4413 percutitur,
856 4346 923 4395 ut
982 4335 1077 4395 vel
1132 4336 1522 4413 perturbetur,

422 4420 516 4478 vel
558 4430 787 4500 stupeat
810 4465 828 4497 ,
884 4422 979 4481 vel
1022 4418 1371 4496 admiretur,
1417 4420 1524 4480 ‘vel

1607 2882 1724 2941 alio
1767 2877 1948 2939 modo
1985 2879 2289 2939 afficiatur.
2373 2877 2562 2935 Valer.
2603 2876 2688 2934 ΕΙ.

1605 2968 1680 3041 11,
1712 2970 1836 3033 889
1879 2984 2005 3047 sq.:
2077 2967 2305 3040 „Frena
2341 2973 2539 3022 tamen
2583 2960 2691 3021 do-

1606 3054 1955 3133 minumque
1995 3052 2152 3126 velit,
2196 3071 2412 3130 equus,
2457 3050 2506 3107 si
2533 3050 2690 3107 Mar-

1607 3140 1722 3197 tius
1753 3158 1918 3196 aures
1949 3138 2212 3211 Clamor,
2257 3146 2316 3194 et
2356 3136 2520 3193 obliti
2560 3153 2688 3192 rur-

1605 3243 1700 3283 sus
1713 3224 1910 3303 fragor
1929 3226 2024 3281 im
2039 3224 2112 3302 pl
2130 3242 2162 3279 e
2179 3232 2252 3279 at
2283 3222 2490 3279 aeris.“
2521 3217 2686 3279 ovid.

1604 3312 1746 3367 Met.
1773 3312 1890 3379 IX,
1927 3310 2049 3373 134
2079 3326 2202 3390 sq.:
2237 3318 2532 3387 „actaque
2559 3324 2688 3363 ma·-

1605 3397 1708 3475 gni
1759 3395 2024 3453 Herculis
2065 3394 2486 3473 implerant
2512 3403 2686 3451 terras

1605 3480 1925 3562 odiumque
1953 3482 2297 3541 novercae.“
2355 3476 2506 3536 adde
2549 3474 2684 3537 ibid.

1605 3587 1692 3625 vs.
1742 3564 1869 3631 665
1910 3586 1999 3647 sq.
2067 3565 2253 3641 lVr.)
2342 3566 2552 3622 Mur-te
2595 3582 2685 3621 se-

1605 3652 1805 3709 cundo
1836 3652 2040 3709 omnia
2073 3651 2431 3727 corripuisse
2449 3692 2470 3719 ,
2516 3659 2574 3707 et
2599 3650 2686 3707 vi-

1607 3748 1791 3796 ctores
1811 3756 2012 3817 pugna
2039 3736 2192 3795 facta
2211 3738 2412 3794 omnia
2435 3736 2566 3795 loca
2586 3754 2686 3793 oc·

1605 3842 1862 3903 cupas-se.
2009 3847 2024 3868 ·

1690 3912 1834 3973 901.
1882 3907 2235 3988 comparant
2262 3904 2408 3965 illud
2437 3900 2588 3977 Διδς
2617 3900 2684 3965 δ’

1605 3991 1881 4055 ἐτελείετο
1921 3987 2115 4074 βουλη1
2151 3990 2316 4050 Iliad.
2349 4016 2405 4065 α,
2438 3991 2499 4055 5.
2541 3993 2685 4049 Per-

1607 4081 1751 4137 tinet
1791 4088 1988 4137 autem
2032 4076 2146 4137 hoc
2161 4122 2178 4153 ,
2221 4087 2290 4135 ut
2328 4080 2498 4135 toties
2536 4074 2686 4135 vidi-

1605 4184 1768 4239 mus,
1801 4162 1874 4223 ad
1903 4166 2128 4243 epicam
2157 4164 2583 4237 oeconomiam,
2611 4179 2684 4219 ne

1605 4269 1744 4308 casu
1787 4250 2006 4309 factum
2051 4248 2315 4308 videatur
2333 4293 2349 4322 ,
2391 4246 2498 4307 sed
2539 4246 2686 4313 Iovis

1606 4336 1923 4396 voluntate.
1977 4354 2164 4391 saeva
2178 4376 2206 4404 ,
2249 4344 2316 4392 ut
2355 4334 2494 4392 alibi
2532 4328 2686 4412 apud

1603 4432 1838 4499 poetam
1851 4466 1868 4496 ,
1897 4419 2122 4495 infesta,
2153 4417 2423 4479 adversa:
2459 4429 2522 4477 at
2545 4434 2685 4477 mox
