<?xml version="1.0" encoding="UTF-8"?>
<!DOCTYPE html PUBLIC "-//W3C//DTD XHTML 1.0 Transitional//EN"
    "http://www.w3.org/TR/xhtml1/DTD/xhtml1-transitional.dtd">
<html xmlns="http://www.w3.org/1999/xhtml" xml:lang="en" lang="en">
 <head>
  <title>
</title>
<meta http-equiv="Content-Type" content="text/html;charset=utf-8" />
  <meta name='ocr-system' content='tesseract 3.04.00' />
  <meta name='ocr-capabilities' content='ocr_page ocr_carea ocr_par ocr_line ocrx_word'/>
</head>
<body>
  <div class='ocr_page' id='page_1' title='image "./pvblivsvirgiliv00unkngoog_0128.png"; bbox 0 0 3009 5050; ppageno 0'>
   <div class='ocr_carea' id='block_1_1' title="bbox 801 303 2523 474">
    <p class='ocr_par' dir='ltr' id='par_1_1' title="bbox 801 303 2523 474">
     <span class='ocr_line' id='line_1_1' title="bbox 801 303 2523 474; baseline 0.005 -30"><span class='ocrx_word' id='word_1_1' title='bbox 801 355 986 444; x_wconf 76' lang='lat' dir='ltr'><strong>An</strong></span> <span class='ocrx_word' id='word_1_2' title='bbox 1087 365 1743 474; x_wconf 56' lang='lat' dir='ltr'>LIBRUM</span> <span class='ocrx_word' id='word_1_3' title='bbox 1845 369 2023 446; x_wconf 85' lang='lat' dir='ltr'><strong>vu</strong></span> <span class='ocrx_word' id='word_1_4' title='bbox 2252 303 2523 452; x_wconf 55' lang='lat'><strong>&#39;129</strong></span> 
     </span>
    </p>
   </div>
   <div class='ocr_carea' id='block_1_2' title="bbox 278 551 2523 729">
    <p class='ocr_par' dir='ltr' id='par_1_2' title="bbox 278 551 2523 729">
     <span class='ocr_line' id='line_1_2' title="bbox 287 551 2522 642; baseline 0.003 -22"><span class='ocrx_word' id='word_1_5' title='bbox 287 552 514 638; x_wconf 72' lang='grc' dir='ltr'><strong><em>Τύρσιν</em></strong></span> <span class='ocrx_word' id='word_1_6' title='bbox 531 603 550 630; x_wconf 84' lang='grc'><strong><em>,</em></strong></span> <span class='ocrx_word' id='word_1_7' title='bbox 603 552 905 638; x_wconf 77' lang='grc' dir='ltr'><strong><em>μακεδνᾶς</em></strong></span> <span class='ocrx_word' id='word_1_8' title='bbox 947 551 1108 638; x_wconf 70' lang='grc' dir='ltr'><strong>α’μφῑ</strong></span> <span class='ocrx_word' id='word_1_9' title='bbox 1154 557 1451 636; x_wconf 76' lang='grc' dir='ltr'><strong><em>Κιρκαίου</em></strong></span> <span class='ocrx_word' id='word_1_10' title='bbox 1497 551 1697 634; x_wconf 66' lang='grc' dir='ltr'><strong><em>νάπας</em></strong></span> <span class='ocrx_word' id='word_1_11' title='bbox 1736 569 1846 619; x_wconf 88' lang='lat' dir='ltr'><strong>etc.</strong></span> <span class='ocrx_word' id='word_1_12' title='bbox 1935 560 2111 620; x_wconf 87' lang='lat' dir='ltr'><strong>Cuius</strong></span> <span class='ocrx_word' id='word_1_13' title='bbox 2151 563 2265 622; x_wconf 89' lang='lat' dir='ltr'><strong>loci</strong></span> <span class='ocrx_word' id='word_1_14' title='bbox 2306 562 2522 642; x_wconf 86' lang='lat' dir='ltr'><strong>perdo-</strong></span> 
     </span>
     <span class='ocr_line' id='line_1_3' title="bbox 278 641 2523 729; baseline 0.003 -28"><span class='ocrx_word' id='word_1_15' title='bbox 278 653 435 701; x_wconf 86' lang='lat' dir='ltr'><strong>ctam</strong></span> <span class='ocrx_word' id='word_1_16' title='bbox 460 644 990 724; x_wconf 79' lang='lat' dir='ltr'><strong>interpretationem</strong></span> <span class='ocrx_word' id='word_1_17' title='bbox 1021 641 1179 702; x_wconf 83' lang='lat' dir='ltr'><strong>dedit</strong></span> <span class='ocrx_word' id='word_1_18' title='bbox 1207 645 1506 704; x_wconf 80' lang='lat' dir='ltr'><strong>Cluverius</strong></span> <span class='ocrx_word' id='word_1_19' title='bbox 1532 646 1659 704; x_wconf 85' lang='lat' dir='ltr'><strong>Ital.</strong></span> <span class='ocrx_word' id='word_1_20' title='bbox 1690 656 1807 704; x_wconf 86' lang='lat' dir='ltr'><strong>ant.</strong></span> <span class='ocrx_word' id='word_1_21' title='bbox 1838 666 1899 725; x_wconf 87' lang='lat' dir='ltr'><strong>p.</strong></span> <span class='ocrx_word' id='word_1_22' title='bbox 1928 650 2057 712; x_wconf 80' lang='lat'><strong>762</strong></span> <span class='ocrx_word' id='word_1_23' title='bbox 2082 667 2209 729; x_wconf 84' lang='lat' dir='ltr'><strong>sqq.</strong></span> <span class='ocrx_word' id='word_1_24' title='bbox 2294 651 2523 708; x_wconf 85' lang='lat' dir='ltr'><strong>Home-</strong></span> 
     </span>
    </p>
   </div>
   <div class='ocr_carea' id='block_1_3' title="bbox 278 724 2632 810">
    <p class='ocr_par' dir='ltr' id='par_1_3' title="bbox 278 724 2632 810">
     <span class='ocr_line' id='line_1_4' title="bbox 278 724 2632 810; baseline 0.004 -24"><span class='ocrx_word' id='word_1_25' title='bbox 278 744 373 786; x_wconf 86' lang='lat' dir='ltr'><strong>rus</strong></span> <span class='ocrx_word' id='word_1_26' title='bbox 390 773 408 803; x_wconf 88' lang='lat'>‚</span> <span class='ocrx_word' id='word_1_27' title='bbox 453 731 556 809; x_wconf 90' lang='lat' dir='ltr'><strong>qui</strong></span> <span class='ocrx_word' id='word_1_28' title='bbox 582 730 846 787; x_wconf 87' lang='lat' dir='ltr'><strong>locorum</strong></span> <span class='ocrx_word' id='word_1_29' title='bbox 873 724 1292 788; x_wconf 87' lang='lat' dir='ltr'><strong>nonnullorum</strong></span> <span class='ocrx_word' id='word_1_30' title='bbox 1333 731 1472 789; x_wconf 87' lang='lat' dir='ltr'><strong>situs</strong></span> <span class='ocrx_word' id='word_1_31' title='bbox 1510 750 1617 810; x_wconf 88' lang='lat' dir='ltr'><strong>per</strong></span> <span class='ocrx_word' id='word_1_32' title='bbox 1660 730 1923 790; x_wconf 87' lang='lat' dir='ltr'><strong>Siciliam</strong></span> <span class='ocrx_word' id='word_1_33' title='bbox 1964 741 2021 790; x_wconf 86' lang='lat' dir='ltr'><strong>et</strong></span> <span class='ocrx_word' id='word_1_34' title='bbox 2060 733 2285 791; x_wconf 86' lang='lat' dir='ltr'><strong>Italiam</strong></span> <span class='ocrx_word' id='word_1_35' title='bbox 2300 777 2319 810; x_wconf 91' lang='lat'>‚</span> <span class='ocrx_word' id='word_1_36' title='bbox 2361 736 2523 796; x_wconf 88' lang='lat' dir='ltr'><strong>litto-</strong></span> <span class='ocrx_word' id='word_1_37' title='bbox 2626 799 2632 806; x_wconf 67' lang='grc'><strong>,</strong></span> 
     </span>
    </p>
   </div>
   <div class='ocr_carea' id='block_1_4' title="bbox 277 814 2523 1065">
    <p class='ocr_par' dir='ltr' id='par_1_4' title="bbox 277 814 2523 1065">
     <span class='ocr_line' id='line_1_5' title="bbox 277 814 2521 894; baseline 0.004 -22"><span class='ocrx_word' id='word_1_38' title='bbox 277 815 461 872; x_wconf 88' lang='lat' dir='ltr'><strong>ralem</strong></span> <span class='ocrx_word' id='word_1_39' title='bbox 487 816 690 872; x_wconf 88' lang='lat' dir='ltr'><strong>saltem</strong></span> <span class='ocrx_word' id='word_1_40' title='bbox 705 859 722 890; x_wconf 89' lang='lat'>,</span> <span class='ocrx_word' id='word_1_41' title='bbox 767 814 1026 874; x_wconf 87' lang='lat' dir='ltr'><strong>audierat</strong></span> <span class='ocrx_word' id='word_1_42' title='bbox 1041 859 1058 890; x_wconf 92' lang='lat'>‚</span> <span class='ocrx_word' id='word_1_43' title='bbox 1100 825 1324 874; x_wconf 79' lang='lat' dir='ltr'><strong>servato</strong></span> <span class='ocrx_word' id='word_1_44' title='bbox 1363 815 1592 874; x_wconf 82' lang='lat' dir='ltr'><strong>Oceani</strong></span> <span class='ocrx_word' id='word_1_45' title='bbox 1628 817 1911 876; x_wconf 79' lang='lat' dir='ltr'><strong>vocabulo</strong></span> <span class='ocrx_word' id='word_1_46' title='bbox 1958 817 2151 894; x_wconf 90' lang='lat' dir='ltr'><strong>(cuius</strong></span> <span class='ocrx_word' id='word_1_47' title='bbox 2192 821 2354 878; x_wconf 88' lang='lat' dir='ltr'><strong>notio</strong></span> <span class='ocrx_word' id='word_1_48' title='bbox 2400 841 2521 880; x_wconf 86' lang='lat' dir='ltr'><strong>una</strong></span> 
     </span>
     <span class='ocr_line' id='line_1_6' title="bbox 278 895 2521 983; baseline 0.004 -27"><span class='ocrx_word' id='word_1_49' title='bbox 278 898 600 980; x_wconf 87' lang='lat' dir='ltr'><strong>eademque</strong></span> <span class='ocrx_word' id='word_1_50' title='bbox 619 903 740 959; x_wconf 70' lang='lat' dir='ltr'><strong>‘nec</strong></span> <span class='ocrx_word' id='word_1_51' title='bbox 768 901 879 960; x_wconf 87' lang='lat' dir='ltr'><strong>fuit</strong></span> <span class='ocrx_word' id='word_1_52' title='bbox 906 921 1016 960; x_wconf 89' lang='lat' dir='ltr'><strong>nec</strong></span> <span class='ocrx_word' id='word_1_53' title='bbox 1045 921 1166 958; x_wconf 88' lang='lat' dir='ltr'><strong>esse</strong></span> <span class='ocrx_word' id='word_1_54' title='bbox 1193 902 1412 981; x_wconf 87' lang='lat' dir='ltr'><strong>potuit,</strong></span> <span class='ocrx_word' id='word_1_55' title='bbox 1455 895 1673 959; x_wconf 66' lang='lat' dir='ltr'><strong>vaPiata</strong></span> <span class='ocrx_word' id='word_1_56' title='bbox 1699 903 1798 960; x_wconf 89' lang='lat' dir='ltr'><strong>illa</strong></span> <span class='ocrx_word' id='word_1_57' title='bbox 1839 905 1959 960; x_wconf 86' lang='lat' dir='ltr'><strong>iam</strong></span> <span class='ocrx_word' id='word_1_58' title='bbox 2002 915 2136 962; x_wconf 85' lang='lat' dir='ltr'><strong>ante</strong></span> <span class='ocrx_word' id='word_1_59' title='bbox 2180 907 2521 983; x_wconf 85' lang='lat' dir='ltr'><strong>Homerum,</strong></span> 
     </span>
     <span class='ocr_line' id='line_1_7' title="bbox 277 983 2523 1065; baseline 0.004 -22"><span class='ocrx_word' id='word_1_60' title='bbox 277 994 342 1042; x_wconf 89' lang='lat' dir='ltr'><strong>ut</strong></span> <span class='ocrx_word' id='word_1_61' title='bbox 368 987 565 1064; x_wconf 89' lang='lat' dir='ltr'><strong>paullo</strong></span> <span class='ocrx_word' id='word_1_62' title='bbox 595 997 728 1044; x_wconf 88' lang='lat' dir='ltr'><strong>ante</strong></span> <span class='ocrx_word' id='word_1_63' title='bbox 758 983 1036 1064; x_wconf 84' lang='lat' dir='ltr'>diximus)</span> <span class='ocrx_word' id='word_1_64' title='bbox 1067 988 1282 1065; x_wconf 81' lang='lat' dir='ltr'><strong>Ulyssis</strong></span> <span class='ocrx_word' id='word_1_65' title='bbox 1311 1005 1530 1044; x_wconf 88' lang='lat' dir='ltr'><strong>errores</strong></span> <span class='ocrx_word' id='word_1_66' title='bbox 1560 984 1634 1045; x_wconf 90' lang='lat' dir='ltr'><strong>ad</strong></span> <span class='ocrx_word' id='word_1_67' title='bbox 1661 988 1857 1045; x_wconf 88' lang='lat' dir='ltr'><strong>Italiae</strong></span> <span class='ocrx_word' id='word_1_68' title='bbox 1886 1007 2051 1046; x_wconf 88' lang='lat' dir='ltr'><strong>oram</strong></span> <span class='ocrx_word' id='word_1_69' title='bbox 2078 991 2270 1052; x_wconf 76' lang='lat' dir='ltr'><strong>retulit</strong></span> <span class='ocrx_word' id='word_1_70' title='bbox 2296 1009 2363 1049; x_wconf 88' lang='lat' dir='ltr'><strong>ac</strong></span> <span class='ocrx_word' id='word_1_71' title='bbox 2402 989 2523 1052; x_wconf 83' lang='lat' dir='ltr'><strong>dis-</strong></span> 
     </span>
    </p>
   </div>
   <div class='ocr_carea' id='block_1_5' title="bbox 275 1069 2644 1157">
    <p class='ocr_par' dir='ltr' id='par_1_5' title="bbox 275 1069 2644 1157">
     <span class='ocr_line' id='line_1_8' title="bbox 275 1069 2644 1157; baseline 0.004 -29"><span class='ocrx_word' id='word_1_72' title='bbox 275 1073 468 1152; x_wconf 79' lang='lat' dir='ltr'><strong>posuit</strong></span> <span class='ocrx_word' id='word_1_73' title='bbox 485 1117 500 1146; x_wconf 94' lang='lat'>,</span> <span class='ocrx_word' id='word_1_74' title='bbox 543 1072 852 1154; x_wconf 84' lang='lat' dir='ltr'><strong>Circesque</strong></span> <span class='ocrx_word' id='word_1_75' title='bbox 882 1071 1028 1132; x_wconf 90' lang='lat' dir='ltr'><strong>adeo</strong></span> <span class='ocrx_word' id='word_1_76' title='bbox 1055 1073 1306 1130; x_wconf 88' lang='lat' dir='ltr'><strong>insulam</strong></span> <span class='ocrx_word' id='word_1_77' title='bbox 1334 1072 1388 1128; x_wconf 89' lang='lat' dir='ltr'><strong>ei</strong></span> <span class='ocrx_word' id='word_1_78' title='bbox 1425 1073 1556 1130; x_wconf 92' lang='lat' dir='ltr'><strong>loco</strong></span> <span class='ocrx_word' id='word_1_79' title='bbox 1597 1074 1931 1152; x_wconf 73' lang='lat' dir='ltr'><strong>assignavit,</strong></span> <span class='ocrx_word' id='word_1_80' title='bbox 1976 1075 2079 1155; x_wconf 90' lang='lat' dir='ltr'><strong>qui</strong></span> <span class='ocrx_word' id='word_1_81' title='bbox 2122 1075 2341 1134; x_wconf 86' lang='lat' dir='ltr'><strong>Circaei</strong></span> <span class='ocrx_word' id='word_1_82' title='bbox 2381 1095 2523 1157; x_wconf 79' lang='lat' dir='ltr'><strong>pro-</strong></span> <span class='ocrx_word' id='word_1_83' title='bbox 2615 1069 2644 1087; x_wconf 47' lang='grc'><strong><em>“</em></strong></span> 
     </span>
    </p>
   </div>
   <div class='ocr_carea' id='block_1_6' title="bbox 275 1155 2525 2094">
    <p class='ocr_par' dir='ltr' id='par_1_6' title="bbox 275 1155 2522 1558">
     <span class='ocr_line' id='line_1_9' title="bbox 275 1155 2519 1243; baseline 0.004 -29"><span class='ocrx_word' id='word_1_84' title='bbox 275 1159 553 1216; x_wconf 87' lang='lat' dir='ltr'><strong>montorii</strong></span> <span class='ocrx_word' id='word_1_85' title='bbox 609 1168 668 1216; x_wconf 85' lang='lat' dir='ltr'><strong>et</strong></span> <span class='ocrx_word' id='word_1_86' title='bbox 721 1169 920 1238; x_wconf 89' lang='lat' dir='ltr'><strong>portus</strong></span> <span class='ocrx_word' id='word_1_87' title='bbox 963 1177 1185 1216; x_wconf 88' lang='lat' dir='ltr'><strong>nomen</strong></span> <span class='ocrx_word' id='word_1_88' title='bbox 1224 1177 1328 1215; x_wconf 85' lang='lat' dir='ltr'><strong>seu</strong></span> <span class='ocrx_word' id='word_1_89' title='bbox 1367 1167 1509 1215; x_wconf 87' lang='lat' dir='ltr'><strong>tunc</strong></span> <span class='ocrx_word' id='word_1_90' title='bbox 1550 1158 1671 1214; x_wconf 86' lang='lat' dir='ltr'><strong>iam</strong></span> <span class='ocrx_word' id='word_1_91' title='bbox 1714 1155 1917 1218; x_wconf 85' lang='lat' dir='ltr'><strong>habuit</strong></span> <span class='ocrx_word' id='word_1_92' title='bbox 1954 1178 2059 1216; x_wconf 90' lang='lat' dir='ltr'><strong>seu</strong></span> <span class='ocrx_word' id='word_1_93' title='bbox 2100 1157 2237 1218; x_wconf 89' lang='lat' dir='ltr'><strong>inde</strong></span> <span class='ocrx_word' id='word_1_94' title='bbox 2282 1164 2519 1243; x_wconf 88' lang='lat' dir='ltr'><strong>accepit.</strong></span> 
     </span>
     <span class='ocr_line' id='line_1_10' title="bbox 276 1243 2522 1328; baseline 0.003 -29"><span class='ocrx_word' id='word_1_95' title='bbox 276 1243 527 1300; x_wconf 84' lang='lat' dir='ltr'><strong>Nomina</strong></span> <span class='ocrx_word' id='word_1_96' title='bbox 543 1287 560 1318; x_wconf 89' lang='lat'>,</span> <span class='ocrx_word' id='word_1_97' title='bbox 601 1243 723 1300; x_wconf 79' lang='lat' dir='ltr'><strong>iam</strong></span> <span class='ocrx_word' id='word_1_98' title='bbox 747 1245 808 1302; x_wconf 88' lang='lat' dir='ltr'><strong>in</strong></span> <span class='ocrx_word' id='word_1_99' title='bbox 839 1243 1242 1322; x_wconf 88' lang='lat' dir='ltr'><strong>Argonauticis</strong></span> <span class='ocrx_word' id='word_1_100' title='bbox 1272 1243 1470 1316; x_wconf 83' lang='lat' dir='ltr'><strong>obvia,</strong></span> <span class='ocrx_word' id='word_1_101' title='bbox 1514 1262 1633 1302; x_wconf 90' lang='lat' dir='ltr'><strong>esse</strong></span> <span class='ocrx_word' id='word_1_102' title='bbox 1678 1246 2075 1302; x_wconf 87' lang='lat' dir='ltr'><strong>commentitia</strong></span> <span class='ocrx_word' id='word_1_103' title='bbox 2090 1289 2107 1318; x_wconf 90' lang='lat'>,</span> <span class='ocrx_word' id='word_1_104' title='bbox 2160 1247 2283 1324; x_wconf 88' lang='lat' dir='ltr'><strong>ipsa</strong></span> <span class='ocrx_word' id='word_1_105' title='bbox 2327 1257 2522 1328; x_wconf 83' lang='lat' dir='ltr'><strong>etyma</strong></span> 
     </span>
     <span class='ocr_line' id='line_1_11' title="bbox 279 1321 2522 1410; baseline 0.002 -25"><span class='ocrx_word' id='word_1_106' title='bbox 279 1325 520 1404; x_wconf 83' lang='lat' dir='ltr'><strong>docent3</strong></span> <span class='ocrx_word' id='word_1_107' title='bbox 561 1347 704 1385; x_wconf 87' lang='lat' dir='ltr'><strong>nam</strong></span> <span class='ocrx_word' id='word_1_108' title='bbox 731 1323 858 1390; x_wconf 80' lang='grc' dir='ltr'><strong>Αἶα</strong></span> <span class='ocrx_word' id='word_1_109' title='bbox 886 1339 969 1388; x_wconf 87' lang='lat' dir='ltr'><strong>est</strong></span> <span class='ocrx_word' id='word_1_110' title='bbox 998 1331 1303 1409; x_wconf 89' lang='lat' dir='ltr'><strong>antiquum</strong></span> <span class='ocrx_word' id='word_1_111' title='bbox 1329 1347 1549 1387; x_wconf 89' lang='lat' dir='ltr'><strong>nomen</strong></span> <span class='ocrx_word' id='word_1_112' title='bbox 1578 1327 1831 1404; x_wconf 82' lang='lat' dir='ltr'><strong>Terrae3</strong></span> <span class='ocrx_word' id='word_1_113' title='bbox 1873 1329 2048 1387; x_wconf 87' lang='lat' dir='ltr'><strong>frater</strong></span> <span class='ocrx_word' id='word_1_114' title='bbox 2088 1321 2357 1410; x_wconf 77' lang='grc' dir='ltr'><strong><em>Αἰήτης,</em></strong></span> <span class='ocrx_word' id='word_1_115' title='bbox 2402 1342 2522 1390; x_wconf 87' lang='lat' dir='ltr'><strong>ter-</strong></span> 
     </span>
     <span class='ocr_line' id='line_1_12' title="bbox 279 1413 2522 1498; baseline 0.003 -28"><span class='ocrx_word' id='word_1_116' title='bbox 279 1414 512 1492; x_wconf 85' lang='lat' dir='ltr'><strong>rigena;</strong></span> <span class='ocrx_word' id='word_1_117' title='bbox 565 1424 728 1494; x_wconf 82' lang='lat' dir='ltr'><strong>pater</strong></span> <span class='ocrx_word' id='word_1_118' title='bbox 777 1413 927 1486; x_wconf 87' lang='lat' dir='ltr'><strong>Sol,</strong></span> <span class='ocrx_word' id='word_1_119' title='bbox 975 1425 1033 1472; x_wconf 93' lang='lat' dir='ltr'><strong>et</strong></span> <span class='ocrx_word' id='word_1_120' title='bbox 1070 1424 1258 1472; x_wconf 87' lang='lat' dir='ltr'><strong>mater</strong></span> <span class='ocrx_word' id='word_1_121' title='bbox 1302 1413 1484 1470; x_wconf 83' lang='lat' dir='ltr'><strong>Perse</strong></span> <span class='ocrx_word' id='word_1_122' title='bbox 1528 1414 1850 1490; x_wconf 81' lang='lat' dir='ltr'><strong>Oceanina3</strong></span> <span class='ocrx_word' id='word_1_123' title='bbox 1894 1415 2175 1498; x_wconf 88' lang='lat' dir='ltr'><strong>quoniam</strong></span> <span class='ocrx_word' id='word_1_124' title='bbox 2216 1417 2403 1474; x_wconf 87' lang='lat' dir='ltr'><strong>insula</strong></span> <span class='ocrx_word' id='word_1_125' title='bbox 2457 1419 2522 1476; x_wconf 89' lang='lat' dir='ltr'><strong>in</strong></span> 
     </span>
     <span class='ocr_line' id='line_1_13' title="bbox 282 1497 1358 1558; baseline 0.001 -1"><span class='ocrx_word' id='word_1_126' title='bbox 282 1500 515 1557; x_wconf 79' lang='lat' dir='ltr'><strong>Oceano</strong></span> <span class='ocrx_word' id='word_1_127' title='bbox 547 1497 889 1557; x_wconf 86' lang='lat' dir='ltr'><strong>occidentali</strong></span> <span class='ocrx_word' id='word_1_128' title='bbox 915 1501 1020 1558; x_wconf 86' lang='lat' dir='ltr'><strong>sita</strong></span> <span class='ocrx_word' id='word_1_129' title='bbox 1047 1499 1358 1558; x_wconf 86' lang='lat' dir='ltr'><strong>ferebatur.</strong></span> 
     </span>
    </p>

    <p class='ocr_par' dir='ltr' id='par_1_7' title="bbox 280 1581 2525 2094">
     <span class='ocr_line' id='line_1_14' title="bbox 462 1581 2522 1660; baseline 0.001 -19"><span class='ocrx_word' id='word_1_130' title='bbox 462 1584 630 1642; x_wconf 81' lang='lat' dir='ltr'><strong>Circe</strong></span> <span class='ocrx_word' id='word_1_131' title='bbox 655 1585 954 1660; x_wconf 70' lang='lat' dir='ltr'><strong>veneficiis</strong></span> <span class='ocrx_word' id='word_1_132' title='bbox 987 1587 1271 1644; x_wconf 87' lang='lat' dir='ltr'><strong>celebrata</strong></span> <span class='ocrx_word' id='word_1_133' title='bbox 1300 1595 1386 1643; x_wconf 87' lang='lat' dir='ltr'><strong>est</strong></span> <span class='ocrx_word' id='word_1_134' title='bbox 1411 1582 1551 1642; x_wconf 89' lang='lat' dir='ltr'><strong>inde</strong></span> <span class='ocrx_word' id='word_1_135' title='bbox 1580 1585 1654 1642; x_wconf 89' lang='lat' dir='ltr'><strong>ab</strong></span> <span class='ocrx_word' id='word_1_136' title='bbox 1684 1585 1963 1642; x_wconf 81' lang='lat' dir='ltr'><strong>Homero.</strong></span> <span class='ocrx_word' id='word_1_137' title='bbox 2052 1585 2189 1641; x_wconf 71' lang='lat' dir='ltr'><strong>Fuit</strong></span> <span class='ocrx_word' id='word_1_138' title='bbox 2224 1581 2340 1643; x_wconf 87' lang='lat' dir='ltr'><strong>hoc</strong></span> <span class='ocrx_word' id='word_1_139' title='bbox 2370 1585 2522 1644; x_wconf 87' lang='lat' dir='ltr'><strong>anti-</strong></span> 
     </span>
     <span class='ocr_line' id='line_1_15' title="bbox 282 1670 2521 1750; baseline 0.001 -24"><span class='ocrx_word' id='word_1_140' title='bbox 282 1687 536 1750; x_wconf 87' lang='lat' dir='ltr'><strong>quorum</strong></span> <span class='ocrx_word' id='word_1_141' title='bbox 552 1680 888 1750; x_wconf 84' lang='lat' dir='ltr'><strong>temporum</strong></span> <span class='ocrx_word' id='word_1_142' title='bbox 904 1715 921 1746; x_wconf 88' lang='lat'>,</span> <span class='ocrx_word' id='word_1_143' title='bbox 961 1682 1028 1729; x_wconf 86' lang='lat' dir='ltr'><strong>ut</strong></span> <span class='ocrx_word' id='word_1_144' title='bbox 1050 1675 1370 1729; x_wconf 77' lang='lat' dir='ltr'><strong>etiamnum</strong></span> <span class='ocrx_word' id='word_1_145' title='bbox 1397 1671 1549 1728; x_wconf 89' lang='lat' dir='ltr'><strong>inter</strong></span> <span class='ocrx_word' id='word_1_146' title='bbox 1572 1671 1818 1750; x_wconf 87' lang='lat' dir='ltr'><strong>populos</strong></span> <span class='ocrx_word' id='word_1_147' title='bbox 1862 1670 2129 1728; x_wconf 86' lang='lat' dir='ltr'><strong>barbaros</strong></span> <span class='ocrx_word' id='word_1_148' title='bbox 2158 1689 2248 1729; x_wconf 84' lang='lat' dir='ltr'><strong>res</strong></span> <span class='ocrx_word' id='word_1_149' title='bbox 2276 1681 2362 1728; x_wconf 90' lang='lat' dir='ltr'><strong>est</strong></span> <span class='ocrx_word' id='word_1_150' title='bbox 2388 1673 2521 1729; x_wconf 84' lang='lat' dir='ltr'><strong>satis</strong></span> 
     </span>
     <span class='ocr_line' id='line_1_16' title="bbox 281 1755 2525 1836; baseline -0 -22"><span class='ocrx_word' id='word_1_151' title='bbox 281 1757 556 1836; x_wconf 80' lang='lat' dir='ltr'><strong>frequens</strong></span> <span class='ocrx_word' id='word_1_152' title='bbox 572 1800 591 1831; x_wconf 89' lang='lat'>‚</span> <span class='ocrx_word' id='word_1_153' title='bbox 633 1767 700 1814; x_wconf 92' lang='lat' dir='ltr'><strong>ut</strong></span> <span class='ocrx_word' id='word_1_154' title='bbox 726 1759 940 1836; x_wconf 89' lang='lat' dir='ltr'><strong>passim</strong></span> <span class='ocrx_word' id='word_1_155' title='bbox 965 1757 1026 1814; x_wconf 89' lang='lat' dir='ltr'><strong>in</strong></span> <span class='ocrx_word' id='word_1_156' title='bbox 1054 1759 1248 1815; x_wconf 89' lang='lat' dir='ltr'><strong>minus</strong></span> <span class='ocrx_word' id='word_1_157' title='bbox 1275 1757 1426 1814; x_wconf 86' lang='lat' dir='ltr'><strong>notis</strong></span> <span class='ocrx_word' id='word_1_158' title='bbox 1453 1755 1593 1814; x_wconf 86' lang='lat' dir='ltr'><strong>locis</strong></span> <span class='ocrx_word' id='word_1_159' title='bbox 1622 1755 1993 1814; x_wconf 78' lang='lat' dir='ltr'><strong>crederentur</strong></span> <span class='ocrx_word' id='word_1_160' title='bbox 2020 1775 2141 1813; x_wconf 88' lang='lat' dir='ltr'><strong>esse</strong></span> <span class='ocrx_word' id='word_1_161' title='bbox 2187 1756 2391 1836; x_wconf 89' lang='lat' dir='ltr'><strong>populi</strong></span> <span class='ocrx_word' id='word_1_162' title='bbox 2429 1757 2525 1815; x_wconf 79' lang='lat' dir='ltr'><strong>vel</strong></span> 
     </span>
     <span class='ocr_line' id='line_1_17' title="bbox 280 1838 2523 1924; baseline 0 -26"><span class='ocrx_word' id='word_1_163' title='bbox 280 1841 532 1899; x_wconf 79' lang='lat' dir='ltr'><strong>familiae</strong></span> <span class='ocrx_word' id='word_1_164' title='bbox 573 1843 668 1899; x_wconf 81' lang='lat' dir='ltr'><strong>vel</strong></span> <span class='ocrx_word' id='word_1_165' title='bbox 707 1838 973 1901; x_wconf 82' lang='lat' dir='ltr'><strong>homines</strong></span> <span class='ocrx_word' id='word_1_166' title='bbox 990 1887 1007 1916; x_wconf 91' lang='lat'>,</span> <span class='ocrx_word' id='word_1_167' title='bbox 1063 1845 1166 1924; x_wconf 90' lang='lat' dir='ltr'><strong>qui</strong></span> <span class='ocrx_word' id='word_1_168' title='bbox 1219 1840 1511 1900; x_wconf 78' lang='lat' dir='ltr'><strong>veneficiis</strong></span> <span class='ocrx_word' id='word_1_169' title='bbox 1572 1851 1629 1898; x_wconf 90' lang='lat' dir='ltr'><strong>et</strong></span> <span class='ocrx_word' id='word_1_170' title='bbox 1682 1844 1923 1920; x_wconf 85' lang='lat' dir='ltr'><strong>magicis</strong></span> <span class='ocrx_word' id='word_1_171' title='bbox 1961 1841 2175 1900; x_wconf 82' lang='lat' dir='ltr'><strong>artibus</strong></span> <span class='ocrx_word' id='word_1_172' title='bbox 2216 1842 2523 1920; x_wconf 88' lang='lat' dir='ltr'><strong>pollerent.</strong></span> 
     </span>
     <span class='ocr_line' id='line_1_18' title="bbox 280 1924 2523 2007; baseline 0.001 -23"><span class='ocrx_word' id='word_1_173' title='bbox 280 1927 376 1984; x_wconf 83' lang='lat' dir='ltr'><strong>Ex</strong></span> <span class='ocrx_word' id='word_1_174' title='bbox 403 1927 690 1985; x_wconf 77' lang='lat' dir='ltr'><strong>Strabone</strong></span> <span class='ocrx_word' id='word_1_175' title='bbox 717 1926 758 1985; x_wconf 94' lang='lat' dir='ltr'><strong>l.</strong></span> <span class='ocrx_word' id='word_1_176' title='bbox 789 1948 840 1986; x_wconf 91' lang='lat' dir='ltr'><strong>c.</strong></span> <span class='ocrx_word' id='word_1_177' title='bbox 870 1927 971 1986; x_wconf 89' lang='lat' dir='ltr'><strong>lib.</strong></span> <span class='ocrx_word' id='word_1_178' title='bbox 999 1929 1071 2002; x_wconf 82' lang='lat' dir='ltr'><strong>V,</strong></span> <span class='ocrx_word' id='word_1_179' title='bbox 1113 1948 1174 2007; x_wconf 90' lang='lat' dir='ltr'><strong>p.</strong></span> <span class='ocrx_word' id='word_1_180' title='bbox 1220 1927 1344 1992; x_wconf 85' lang='lat'><strong>355</strong></span> <span class='ocrx_word' id='word_1_181' title='bbox 1385 1929 1460 1984; x_wconf 87' lang='grc' dir='ltr'><strong>Β.</strong></span> <span class='ocrx_word' id='word_1_182' title='bbox 1501 1937 1771 2006; x_wconf 88' lang='lat' dir='ltr'><strong>apparet,</strong></span> <span class='ocrx_word' id='word_1_183' title='bbox 1815 1924 2129 1984; x_wconf 83' lang='lat' dir='ltr'><strong>herbarum</strong></span> <span class='ocrx_word' id='word_1_184' title='bbox 2178 1928 2409 2006; x_wconf 89' lang='lat' dir='ltr'><strong>copiam</strong></span> <span class='ocrx_word' id='word_1_185' title='bbox 2456 1947 2523 1986; x_wconf 88' lang='lat' dir='ltr'><strong>ac</strong></span> 
     </span>
     <span class='ocr_line' id='line_1_19' title="bbox 283 2009 2525 2094; baseline 0 -24"><span class='ocrx_word' id='word_1_186' title='bbox 283 2013 672 2094; x_wconf 80' lang='lat' dir='ltr'><strong>frequentiam</strong></span> <span class='ocrx_word' id='word_1_187' title='bbox 709 2015 772 2070; x_wconf 90' lang='lat' dir='ltr'><strong>in</strong></span> <span class='ocrx_word' id='word_1_188' title='bbox 811 2009 903 2073; x_wconf 85' lang='lat' dir='ltr'><strong>his</strong></span> <span class='ocrx_word' id='word_1_189' title='bbox 942 2014 1083 2072; x_wconf 88' lang='lat' dir='ltr'><strong>locis</strong></span> <span class='ocrx_word' id='word_1_190' title='bbox 1117 2013 1561 2070; x_wconf 81' lang='lat' dir='ltr'><strong>memorabilem</strong></span> <span class='ocrx_word' id='word_1_191' title='bbox 1600 2013 1915 2070; x_wconf 85' lang='lat' dir='ltr'><strong>nonnullos</strong></span> <span class='ocrx_word' id='word_1_192' title='bbox 1954 2009 2306 2091; x_wconf 77' lang='lat' dir='ltr'><strong>prodidisse:</strong></span> <span class='ocrx_word' id='word_1_193' title='bbox 2365 2010 2525 2093; x_wconf 90' lang='lat' dir='ltr'><strong>quod</strong></span> 
     </span>
    </p>
   </div>
   <div class='ocr_carea' id='block_1_7' title="bbox 281 2095 2623 2178">
    <p class='ocr_par' dir='ltr' id='par_1_8' title="bbox 281 2095 2623 2178">
     <span class='ocr_line' id='line_1_20' title="bbox 281 2095 2623 2178; baseline 0.002 -23"><span class='ocrx_word' id='word_1_194' title='bbox 281 2107 478 2156; x_wconf 89' lang='lat' dir='ltr'><strong>tamen</strong></span> <span class='ocrx_word' id='word_1_195' title='bbox 508 2101 630 2178; x_wconf 82' lang='lat' dir='ltr'><strong>ipse</strong></span> <span class='ocrx_word' id='word_1_196' title='bbox 657 2102 847 2178; x_wconf 86' lang='lat' dir='ltr'><strong>potius</strong></span> <span class='ocrx_word' id='word_1_197' title='bbox 877 2096 953 2157; x_wconf 88' lang='lat' dir='ltr'><strong>ad</strong></span> <span class='ocrx_word' id='word_1_198' title='bbox 995 2099 1186 2158; x_wconf 79' lang='lat' dir='ltr'><strong>Circes</strong></span> <span class='ocrx_word' id='word_1_199' title='bbox 1221 2098 1481 2158; x_wconf 85' lang='lat' dir='ltr'><strong>fabulam</strong></span> <span class='ocrx_word' id='word_1_200' title='bbox 1523 2097 2030 2159; x_wconf 83' lang='lat' dir='ltr'><strong>accommodatum</strong></span> <span class='ocrx_word' id='word_1_201' title='bbox 2070 2099 2327 2176; x_wconf 77' lang='lat' dir='ltr'><strong>putavit:</strong></span> <span class='ocrx_word' id='word_1_202' title='bbox 2372 2095 2525 2176; x_wconf 72' lang='grc' dir='ltr'>φασὶ</span> <span class='ocrx_word' id='word_1_203' title='bbox 2614 2095 2623 2116; x_wconf 85' lang='grc'><em>“</em></span> 
     </span>
    </p>
   </div>
   <div class='ocr_carea' id='block_1_8' title="bbox 235 2177 2537 4481">
    <p class='ocr_par' dir='ltr' id='par_1_9' title="bbox 235 2177 2531 3183">
     <span class='ocr_line' id='line_1_21' title="bbox 283 2177 2525 2268; baseline -0 -23"><span class='ocrx_word' id='word_1_204' title='bbox 283 2179 480 2245; x_wconf 75' lang='grc' dir='ltr'>δὲκαὶ</span> <span class='ocrx_word' id='word_1_205' title='bbox 512 2180 877 2266; x_wconf 73' lang='grc' dir='ltr'><strong><em>πολῦρῤιζον</em></strong></span> <span class='ocrx_word' id='word_1_206' title='bbox 916 2177 1102 2256; x_wconf 79' lang='grc' dir='ltr'><strong><em>εἶναι,</em></strong></span> <span class='ocrx_word' id='word_1_207' title='bbox 1160 2177 1315 2264; x_wconf 73' lang='grc' dir='ltr'><strong>τάχα</strong></span> <span class='ocrx_word' id='word_1_208' title='bbox 1360 2186 1451 2267; x_wconf 71' lang='grc' dir='ltr'><strong>τῷ</strong></span> <span class='ocrx_word' id='word_1_209' title='bbox 1486 2177 1671 2268; x_wconf 71' lang='grc' dir='ltr'><strong>μύθῳ</strong></span> <span class='ocrx_word' id='word_1_210' title='bbox 1705 2185 1795 2267; x_wconf 73' lang='grc' dir='ltr'><strong>τῷ</strong></span> <span class='ocrx_word' id='word_1_211' title='bbox 1831 2181 1972 2266; x_wconf 77' lang='grc' dir='ltr'><strong>περὶ</strong></span> <span class='ocrx_word' id='word_1_212' title='bbox 2011 2181 2245 2262; x_wconf 82' lang='grc' dir='ltr'><strong><em>Κίρκης</em></strong></span> <span class='ocrx_word' id='word_1_213' title='bbox 2279 2204 2525 2261; x_wconf 64' lang='grc' dir='ltr'><strong><em>προςαν-</em></strong></span> 
     </span>
     <span class='ocr_line' id='line_1_22' title="bbox 277 2269 2526 2344; baseline -0.004 -12"><span class='ocrx_word' id='word_1_214' title='bbox 277 2272 602 2344; x_wconf 72' lang='grc' dir='ltr'><strong>κειοῧντες.</strong></span> <span class='ocrx_word' id='word_1_215' title='bbox 684 2271 774 2327; x_wconf 88' lang='lat' dir='ltr'><strong>De</strong></span> <span class='ocrx_word' id='word_1_216' title='bbox 803 2290 1030 2329; x_wconf 81' lang='lat' dir='ltr'><strong>veneno</strong></span> <span class='ocrx_word' id='word_1_217' title='bbox 1057 2270 1354 2329; x_wconf 86' lang='lat' dir='ltr'><strong>mortifero</strong></span> <span class='ocrx_word' id='word_1_218' title='bbox 1381 2271 1446 2326; x_wconf 91' lang='lat' dir='ltr'><strong>in</strong></span> <span class='ocrx_word' id='word_1_219' title='bbox 1473 2279 1675 2326; x_wconf 89' lang='lat' dir='ltr'><strong>monte</strong></span> <span class='ocrx_word' id='word_1_220' title='bbox 1706 2269 1941 2327; x_wconf 85' lang='lat' dir='ltr'><strong>Circaeo</strong></span> <span class='ocrx_word' id='word_1_221' title='bbox 1984 2269 2224 2326; x_wconf 88' lang='lat' dir='ltr'><strong>obscura</strong></span> <span class='ocrx_word' id='word_1_222' title='bbox 2264 2278 2349 2326; x_wconf 90' lang='lat' dir='ltr'><strong>est</strong></span> <span class='ocrx_word' id='word_1_223' title='bbox 2385 2287 2526 2324; x_wconf 89' lang='lat' dir='ltr'><strong>nar-</strong></span> 
     </span>
     <span class='ocr_line' id='line_1_23' title="bbox 281 2353 2527 2436; baseline -0.001 -24"><span class='ocrx_word' id='word_1_224' title='bbox 281 2357 428 2413; x_wconf 84' lang='lat' dir='ltr'><strong>ratio</strong></span> <span class='ocrx_word' id='word_1_225' title='bbox 455 2357 520 2412; x_wconf 89' lang='lat' dir='ltr'><strong>in</strong></span> <span class='ocrx_word' id='word_1_226' title='bbox 549 2354 748 2414; x_wconf 84' lang='lat' dir='ltr'><strong>Audit.</strong></span> <span class='ocrx_word' id='word_1_227' title='bbox 779 2356 983 2415; x_wconf 88' lang='lat' dir='ltr'><strong>Mirab.</strong></span> <span class='ocrx_word' id='word_1_228' title='bbox 1013 2378 1058 2414; x_wconf 89' lang='lat' dir='ltr'><strong>s.</strong></span> <span class='ocrx_word' id='word_1_229' title='bbox 1088 2359 1194 2419; x_wconf 85' lang='lat'><strong>79.</strong></span> <span class='ocrx_word' id='word_1_230' title='bbox 1293 2355 1609 2414; x_wconf 88' lang='lat' dir='ltr'><strong>Arboribus</strong></span> <span class='ocrx_word' id='word_1_231' title='bbox 1648 2353 2181 2436; x_wconf 78' lang='lat' dir='ltr'><strong>frequentissimum</strong></span> <span class='ocrx_word' id='word_1_232' title='bbox 2220 2367 2341 2410; x_wconf 86' lang='lat' dir='ltr'><strong>esse</strong></span> <span class='ocrx_word' id='word_1_233' title='bbox 2386 2371 2527 2432; x_wconf 86' lang='lat' dir='ltr'><strong>pro-</strong></span> 
     </span>
     <span class='ocr_line' id='line_1_24' title="bbox 278 2437 2527 2519; baseline -0.001 -21"><span class='ocrx_word' id='word_1_234' title='bbox 278 2443 640 2499; x_wconf 85' lang='lat' dir='ltr'><strong>montorium</strong></span> <span class='ocrx_word' id='word_1_235' title='bbox 667 2442 972 2500; x_wconf 85' lang='lat' dir='ltr'><strong>Circaeum</strong></span> <span class='ocrx_word' id='word_1_236' title='bbox 987 2486 1003 2516; x_wconf 91' lang='lat'><strong>,</strong></span> <span class='ocrx_word' id='word_1_237' title='bbox 1049 2440 1255 2500; x_wconf 81' lang='lat' dir='ltr'><strong>diserte</strong></span> <span class='ocrx_word' id='word_1_238' title='bbox 1279 2451 1476 2501; x_wconf 87' lang='lat' dir='ltr'><strong>narrat</strong></span> <span class='ocrx_word' id='word_1_239' title='bbox 1502 2437 1890 2519; x_wconf 66' lang='lat' dir='ltr'><strong>Theoplnast.</strong></span> <span class='ocrx_word' id='word_1_240' title='bbox 1928 2441 2073 2496; x_wconf 84' lang='lat' dir='ltr'><strong>Hist.</strong></span> <span class='ocrx_word' id='word_1_241' title='bbox 2116 2439 2306 2496; x_wconf 87' lang='lat' dir='ltr'><strong>Plant.</strong></span> <span class='ocrx_word' id='word_1_242' title='bbox 2351 2438 2422 2514; x_wconf 88' lang='lat' dir='ltr'><strong>V,</strong></span> <span class='ocrx_word' id='word_1_243' title='bbox 2466 2441 2527 2512; x_wconf 87' lang='lat'><strong>9,</strong></span> 
     </span>
     <span class='ocr_line' id='line_1_25' title="bbox 283 2523 2527 2608; baseline -0.002 -23"><span class='ocrx_word' id='word_1_244' title='bbox 283 2527 548 2605; x_wconf 86' lang='lat' dir='ltr'><strong>inprimis</strong></span> <span class='ocrx_word' id='word_1_245' title='bbox 575 2530 778 2607; x_wconf 84' lang='lat' dir='ltr'><strong>myrtis</strong></span> <span class='ocrx_word' id='word_1_246' title='bbox 796 2572 813 2601; x_wconf 91' lang='lat'>,</span> <span class='ocrx_word' id='word_1_247' title='bbox 853 2546 1102 2608; x_wconf 89' lang='lat' dir='ltr'><strong>quarum</strong></span> <span class='ocrx_word' id='word_1_248' title='bbox 1131 2546 1314 2605; x_wconf 86' lang='lat' dir='ltr'><strong>genus</strong></span> <span class='ocrx_word' id='word_1_249' title='bbox 1343 2524 1580 2608; x_wconf 88' lang='lat' dir='ltr'><strong>aliquod</strong></span> <span class='ocrx_word' id='word_1_250' title='bbox 1621 2523 1843 2583; x_wconf 88' lang='lat' dir='ltr'><strong>humile</strong></span> <span class='ocrx_word' id='word_1_251' title='bbox 1886 2537 1945 2583; x_wconf 88' lang='lat' dir='ltr'><strong>et</strong></span> <span class='ocrx_word' id='word_1_252' title='bbox 1984 2528 2185 2604; x_wconf 83' lang='lat' dir='ltr'><strong>generi</strong></span> <span class='ocrx_word' id='word_1_253' title='bbox 2229 2526 2527 2583; x_wconf 89' lang='lat' dir='ltr'><strong>coronario</strong></span> 
     </span>
     <span class='ocr_line' id='line_1_26' title="bbox 280 2610 2529 2691; baseline -0.001 -22"><span class='ocrx_word' id='word_1_254' title='bbox 280 2613 624 2691; x_wconf 85' lang='lat' dir='ltr'><strong>proximum</strong></span> <span class='ocrx_word' id='word_1_255' title='bbox 654 2612 1026 2669; x_wconf 87' lang='lat' dir='ltr'><strong>enascebatur</strong></span> <span class='ocrx_word' id='word_1_256' title='bbox 1051 2614 1116 2669; x_wconf 90' lang='lat' dir='ltr'><strong>in</strong></span> <span class='ocrx_word' id='word_1_257' title='bbox 1154 2613 1456 2689; x_wconf 84' lang='lat' dir='ltr'><strong>Elpenoris</strong></span> <span class='ocrx_word' id='word_1_258' title='bbox 1503 2611 1635 2691; x_wconf 89' lang='lat' dir='ltr'><strong>(qui</strong></span> <span class='ocrx_word' id='word_1_259' title='bbox 1678 2630 1751 2668; x_wconf 83' lang='lat' dir='ltr'><strong>ex</strong></span> <span class='ocrx_word' id='word_1_260' title='bbox 1792 2611 1869 2669; x_wconf 87' lang='lat' dir='ltr'><strong>Ul</strong></span> <span class='ocrx_word' id='word_1_261' title='bbox 1908 2612 2009 2668; x_wconf 87' lang='lat' dir='ltr'><strong>ssis</strong></span> <span class='ocrx_word' id='word_1_262' title='bbox 2049 2612 2213 2668; x_wconf 82' lang='lat' dir='ltr'><strong>sociis</strong></span> <span class='ocrx_word' id='word_1_263' title='bbox 2254 2610 2390 2688; x_wconf 85' lang='lat' dir='ltr'><strong>fuit)</strong></span> <span class='ocrx_word' id='word_1_264' title='bbox 2428 2620 2529 2667; x_wconf 88' lang='lat' dir='ltr'><strong>tu-</strong></span> 
     </span>
     <span class='ocr_line' id='line_1_27' title="bbox 281 2694 2529 2775; baseline -0.002 -20"><span class='ocrx_word' id='word_1_265' title='bbox 281 2698 450 2755; x_wconf 88' lang='lat' dir='ltr'><strong>mulo</strong></span> <span class='ocrx_word' id='word_1_266' title='bbox 464 2741 481 2770; x_wconf 91' lang='lat'>,</span> <span class='ocrx_word' id='word_1_267' title='bbox 534 2698 734 2755; x_wconf 87' lang='lat' dir='ltr'><strong>ceteris</strong></span> <span class='ocrx_word' id='word_1_268' title='bbox 762 2696 1134 2775; x_wconf 84' lang='lat' dir='ltr'><strong>amplioribus</strong></span> <span class='ocrx_word' id='word_1_269' title='bbox 1178 2694 1469 2753; x_wconf 87' lang='lat' dir='ltr'><strong>dissimile.</strong></span> <span class='ocrx_word' id='word_1_270' title='bbox 1556 2694 1725 2766; x_wconf 79' lang='lat' dir='ltr'><strong>Quod</strong></span> <span class='ocrx_word' id='word_1_271' title='bbox 1774 2699 1823 2753; x_wconf 88' lang='lat' dir='ltr'><strong>si</strong></span> <span class='ocrx_word' id='word_1_272' title='bbox 1912 2714 2027 2752; x_wconf 91' lang='lat' dir='ltr'><strong>unc</strong></span> <span class='ocrx_word' id='word_1_273' title='bbox 2071 2695 2365 2773; x_wconf 81' lang='lat' dir='ltr'><strong>exscripsit</strong></span> <span class='ocrx_word' id='word_1_274' title='bbox 2402 2695 2529 2750; x_wconf 86' lang='lat' dir='ltr'><strong>Pli-</strong></span> 
     </span>
     <span class='ocr_line' id='line_1_28' title="bbox 281 2776 2531 2859; baseline -0.003 -19"><span class='ocrx_word' id='word_1_275' title='bbox 281 2785 418 2841; x_wconf 80' lang='lat' dir='ltr'><strong>nius</strong></span> <span class='ocrx_word' id='word_1_276' title='bbox 437 2827 453 2856; x_wconf 92' lang='lat'>,</span> <span class='ocrx_word' id='word_1_277' title='bbox 495 2782 597 2839; x_wconf 90' lang='lat' dir='ltr'><strong>lib.</strong></span> <span class='ocrx_word' id='word_1_278' title='bbox 626 2782 756 2855; x_wconf 86' lang='lat' dir='ltr'><strong>XV,</strong></span> <span class='ocrx_word' id='word_1_279' title='bbox 786 2784 870 2845; x_wconf 82' lang='lat'><strong>29</strong></span> <span class='ocrx_word' id='word_1_280' title='bbox 897 2801 944 2838; x_wconf 84' lang='lat' dir='ltr'><strong>s.</strong></span> <span class='ocrx_word' id='word_1_281' title='bbox 976 2785 1079 2854; x_wconf 85' lang='lat'><strong>36,</strong></span> <span class='ocrx_word' id='word_1_282' title='bbox 1107 2798 1318 2859; x_wconf 89' lang='lat' dir='ltr'><strong>parum</strong></span> <span class='ocrx_word' id='word_1_283' title='bbox 1359 2778 1665 2857; x_wconf 86' lang='lat' dir='ltr'><strong>diligenter</strong></span> <span class='ocrx_word' id='word_1_284' title='bbox 1702 2778 1908 2836; x_wconf 79' lang='lat' dir='ltr'><strong>dixisse</strong></span> <span class='ocrx_word' id='word_1_285' title='bbox 1952 2776 2135 2836; x_wconf 79' lang='lat' dir='ltr'><strong>videri</strong></span> <span class='ocrx_word' id='word_1_286' title='bbox 2180 2777 2351 2836; x_wconf 90' lang='lat' dir='ltr'><strong>debet</strong></span> <span class='ocrx_word' id='word_1_287' title='bbox 2392 2780 2531 2834; x_wconf 86' lang='lat' dir='ltr'><strong>uni-</strong></span> 
     </span>
     <span class='ocr_line' id='line_1_29' title="bbox 281 2860 2529 2947; baseline -0.004 -21"><span class='ocrx_word' id='word_1_288' title='bbox 281 2886 448 2930; x_wconf 75' lang='lat' dir='ltr'><strong>verse</strong></span> <span class='ocrx_word' id='word_1_289' title='bbox 461 2885 481 2924; x_wconf 71' lang='lat' dir='ltr'><em>z</em></span> <span class='ocrx_word' id='word_1_290' title='bbox 517 2868 740 2947; x_wconf 81' lang='lat' dir='ltr'><strong>Myrtus</strong></span> <span class='ocrx_word' id='word_1_291' title='bbox 767 2898 854 2911; x_wconf 86' lang='lat'><strong>--</strong></span> <span class='ocrx_word' id='word_1_292' title='bbox 876 2866 1152 2943; x_wconf 81' lang='lat' dir='ltr'><strong>primum</strong></span> <span class='ocrx_word' id='word_1_293' title='bbox 1204 2864 1446 2922; x_wconf 53' lang='lat' dir='ltr'><strong>Cho-ein</strong></span> <span class='ocrx_word' id='word_1_294' title='bbox 1490 2864 1559 2920; x_wconf 81' lang='lat' dir='ltr'><strong>in</strong></span> <span class='ocrx_word' id='word_1_295' title='bbox 1599 2862 1919 2940; x_wconf 77' lang='lat' dir='ltr'><strong>Elpenoris</strong></span> <span class='ocrx_word' id='word_1_296' title='bbox 1954 2860 2185 2918; x_wconf 58' lang='lat' dir='ltr'><strong>&amp;anulo</strong></span> <span class='ocrx_word' id='word_1_297' title='bbox 2224 2863 2356 2917; x_wconf 70' lang='grc' dir='ltr'><strong>νὶεα</strong></span> <span class='ocrx_word' id='word_1_298' title='bbox 2402 2870 2529 2917; x_wconf 76' lang='lat' dir='ltr'><strong>tra-</strong></span> 
     </span>
     <span class='ocr_line' id='line_1_30' title="bbox 235 2944 2530 3015; baseline -0.005 -4"><span class='ocrx_word' id='word_1_299' title='bbox 235 2974 248 2985; x_wconf 90' lang='lat'><strong>·</strong></span> <span class='ocrx_word' id='word_1_300' title='bbox 281 2952 468 3011; x_wconf 72' lang='lat' dir='ltr'><strong>ditur.</strong></span> <span class='ocrx_word' id='word_1_301' title='bbox 519 2954 592 3011; x_wconf 85' lang='lat' dir='ltr'><strong>cf.</strong></span> <span class='ocrx_word' id='word_1_302' title='bbox 623 2954 756 3011; x_wconf 86' lang='lat' dir='ltr'><strong>Not.</strong></span> <span class='ocrx_word' id='word_1_303' title='bbox 787 2950 863 3009; x_wconf 84' lang='lat' dir='ltr'><strong>ad</strong></span> <span class='ocrx_word' id='word_1_304' title='bbox 891 2973 948 3010; x_wconf 79' lang='lat' dir='ltr'><strong>v.</strong></span> <span class='ocrx_word' id='word_1_305' title='bbox 985 2955 1082 3015; x_wconf 89' lang='grc'><strong>11.</strong></span> <span class='ocrx_word' id='word_1_306' title='bbox 1167 2950 1354 3008; x_wconf 82' lang='lat' dir='ltr'><strong>Fuere</strong></span> <span class='ocrx_word' id='word_1_307' title='bbox 1381 2960 1581 3007; x_wconf 88' lang='lat' dir='ltr'><strong>tamen</strong></span> <span class='ocrx_word' id='word_1_308' title='bbox 1610 2946 1895 3007; x_wconf 87' lang='lat' dir='ltr'><strong>eiusmodi</strong></span> <span class='ocrx_word' id='word_1_309' title='bbox 1920 2945 2151 3005; x_wconf 80' lang='lat' dir='ltr'><strong>fabulae</strong></span> <span class='ocrx_word' id='word_1_310' title='bbox 2190 2944 2265 3003; x_wconf 87' lang='lat' dir='ltr'><strong>de</strong></span> <span class='ocrx_word' id='word_1_311' title='bbox 2309 2945 2530 3002; x_wconf 90' lang='lat' dir='ltr'><strong>arbori-</strong></span> 
     </span>
     <span class='ocr_line' id='line_1_31' title="bbox 287 3028 2531 3117; baseline -0.004 -20"><span class='ocrx_word' id='word_1_312' title='bbox 287 3040 396 3097; x_wconf 85' lang='lat' dir='ltr'><strong>bus</strong></span> <span class='ocrx_word' id='word_1_313' title='bbox 425 3041 490 3097; x_wconf 86' lang='lat' dir='ltr'><strong>in</strong></span> <span class='ocrx_word' id='word_1_314' title='bbox 534 3034 784 3099; x_wconf 89' lang='lat' dir='ltr'><strong>heroum</strong></span> <span class='ocrx_word' id='word_1_315' title='bbox 821 3036 1062 3095; x_wconf 89' lang='lat' dir='ltr'><strong>tumulis</strong></span> <span class='ocrx_word' id='word_1_316' title='bbox 1105 3038 1285 3095; x_wconf 84' lang='lat' dir='ltr'><strong>enatis</strong></span> <span class='ocrx_word' id='word_1_317' title='bbox 1328 3037 1555 3117; x_wconf 83' lang='lat' dir='ltr'><strong>plures:</strong></span> <span class='ocrx_word' id='word_1_318' title='bbox 1607 3036 1695 3093; x_wconf 84' lang='lat' dir='ltr'><strong>uti</strong></span> <span class='ocrx_word' id='word_1_319' title='bbox 1738 3032 1812 3093; x_wconf 88' lang='lat' dir='ltr'><strong>de</strong></span> <span class='ocrx_word' id='word_1_320' title='bbox 1853 3034 2089 3113; x_wconf 89' lang='lat' dir='ltr'><strong>platano</strong></span> <span class='ocrx_word' id='word_1_321' title='bbox 2131 3034 2193 3089; x_wconf 90' lang='lat' dir='ltr'><strong>in</strong></span> <span class='ocrx_word' id='word_1_322' title='bbox 2232 3028 2531 3089; x_wconf 82' lang='lat' dir='ltr'><strong>Diomedis</strong></span> 
     </span>
     <span class='ocr_line' id='line_1_32' title="bbox 280 3121 1577 3183; baseline -0.003 0"><span class='ocrx_word' id='word_1_323' title='bbox 280 3125 545 3183; x_wconf 87' lang='lat' dir='ltr'><strong>tumulo:</strong></span> <span class='ocrx_word' id='word_1_324' title='bbox 591 3122 746 3183; x_wconf 82' lang='lat' dir='ltr'><strong>conf.</strong></span> <span class='ocrx_word' id='word_1_325' title='bbox 773 3124 880 3181; x_wconf 86' lang='lat' dir='ltr'><strong>inf.</strong></span> <span class='ocrx_word' id='word_1_326' title='bbox 907 3125 1151 3181; x_wconf 81' lang='lat' dir='ltr'><strong>Excurs.</strong></span> <span class='ocrx_word' id='word_1_327' title='bbox 1179 3124 1208 3181; x_wconf 92' lang='lat'>1</span> <span class='ocrx_word' id='word_1_328' title='bbox 1237 3121 1312 3180; x_wconf 78' lang='lat' dir='ltr'><strong>ad</strong></span> <span class='ocrx_word' id='word_1_329' title='bbox 1339 3123 1438 3180; x_wconf 83' lang='lat' dir='ltr'><strong>lib.</strong></span> <span class='ocrx_word' id='word_1_330' title='bbox 1468 3122 1577 3179; x_wconf 84' lang='lat' dir='ltr'><strong>XI.</strong></span> 
     </span>
    </p>

    <p class='ocr_par' dir='ltr' id='par_1_10' title="bbox 281 3202 2537 4481">
     <span class='ocr_line' id='line_1_33' title="bbox 456 3202 2531 3289; baseline -0.004 -21"><span class='ocrx_word' id='word_1_331' title='bbox 456 3206 978 3289; x_wconf 77' lang='lat' dir='ltr'><strong>Ceterumsabula</strong></span> <span class='ocrx_word' id='word_1_332' title='bbox 1012 3206 1086 3265; x_wconf 80' lang='lat' dir='ltr'><strong>de</strong></span> <span class='ocrx_word' id='word_1_333' title='bbox 1121 3206 1288 3267; x_wconf 61' lang='grc' dir='ltr'><em>(Σὺ-σε</em></span> <span class='ocrx_word' id='word_1_334' title='bbox 1315 3228 1436 3267; x_wconf 90' lang='lat' dir='ltr'><strong>una</strong></span> <span class='ocrx_word' id='word_1_335' title='bbox 1461 3227 1539 3265; x_wconf 84' lang='lat' dir='ltr'><strong>ex</strong></span> <span class='ocrx_word' id='word_1_336' title='bbox 1579 3207 1649 3265; x_wconf 88' lang='lat' dir='ltr'><strong>iis</strong></span> <span class='ocrx_word' id='word_1_337' title='bbox 1694 3224 1817 3264; x_wconf 84' lang='lat' dir='ltr'><strong>esse</strong></span> <span class='ocrx_word' id='word_1_338' title='bbox 1858 3202 2087 3263; x_wconf 80' lang='lat' dir='ltr'><strong>videtur</strong></span> <span class='ocrx_word' id='word_1_339' title='bbox 2104 3247 2121 3278; x_wconf 88' lang='lat'><strong><em>‚</em></strong></span> <span class='ocrx_word' id='word_1_340' title='bbox 2183 3222 2361 3285; x_wconf 85' lang='lat' dir='ltr'><strong>quam</strong></span> <span class='ocrx_word' id='word_1_341' title='bbox 2402 3202 2531 3260; x_wconf 83' lang='lat' dir='ltr'><strong>Ho-</strong></span> 
     </span>
     <span class='ocr_line' id='line_1_34' title="bbox 281 3289 2531 3376; baseline -0.004 -21"><span class='ocrx_word' id='word_1_342' title='bbox 281 3316 480 3355; x_wconf 87' lang='lat' dir='ltr'><strong>merus</strong></span> <span class='ocrx_word' id='word_1_343' title='bbox 508 3297 581 3356; x_wconf 90' lang='lat' dir='ltr'><strong>ab</strong></span> <span class='ocrx_word' id='word_1_344' title='bbox 611 3296 934 3376; x_wconf 87' lang='lat' dir='ltr'><strong>antiquiore</strong></span> <span class='ocrx_word' id='word_1_345' title='bbox 963 3294 1158 3375; x_wconf 91' lang='lat' dir='ltr'><strong>aliquo</strong></span> <span class='ocrx_word' id='word_1_346' title='bbox 1185 3304 1360 3374; x_wconf 86' lang='lat' dir='ltr'><strong>poeta</strong></span> <span class='ocrx_word' id='word_1_347' title='bbox 1385 3302 1688 3351; x_wconf 68' lang='lat' dir='ltr'><strong>metatam</strong></span> <span class='ocrx_word' id='word_1_348' title='bbox 1718 3299 2014 3369; x_wconf 85' lang='lat' dir='ltr'><strong>acceperat</strong></span> <span class='ocrx_word' id='word_1_349' title='bbox 2031 3335 2048 3364; x_wconf 95' lang='lat'>‚</span> <span class='ocrx_word' id='word_1_350' title='bbox 2094 3292 2197 3370; x_wconf 90' lang='lat' dir='ltr'><strong>qui</strong></span> <span class='ocrx_word' id='word_1_351' title='bbox 2230 3289 2378 3348; x_wconf 79' lang='lat' dir='ltr'><strong>forte</strong></span> <span class='ocrx_word' id='word_1_352' title='bbox 2420 3307 2531 3348; x_wconf 81' lang='lat' dir='ltr'><strong>vo·-</strong></span> 
     </span>
     <span class='ocr_line' id='line_1_35' title="bbox 282 3373 2531 3462; baseline -0.004 -22"><span class='ocrx_word' id='word_1_353' title='bbox 282 3384 575 3462; x_wconf 84' lang='lat' dir='ltr'><strong>luptatum</strong></span> <span class='ocrx_word' id='word_1_354' title='bbox 601 3382 725 3440; x_wconf 80' lang='lat' dir='ltr'><strong>vim</strong></span> <span class='ocrx_word' id='word_1_355' title='bbox 751 3380 828 3439; x_wconf 87' lang='lat' dir='ltr'><strong>ad</strong></span> <span class='ocrx_word' id='word_1_356' title='bbox 871 3399 1064 3439; x_wconf 87' lang='lat' dir='ltr'><strong>mores</strong></span> <span class='ocrx_word' id='word_1_357' title='bbox 1105 3376 1440 3439; x_wconf 84' lang='lat' dir='ltr'><strong>hominibus</strong></span> <span class='ocrx_word' id='word_1_358' title='bbox 1484 3378 1769 3436; x_wconf 83' lang='lat' dir='ltr'><strong>belluinos</strong></span> <span class='ocrx_word' id='word_1_359' title='bbox 1808 3374 2133 3435; x_wconf 87' lang='lat' dir='ltr'><strong>induendos</strong></span> <span class='ocrx_word' id='word_1_360' title='bbox 2172 3373 2286 3434; x_wconf 86' lang='lat' dir='ltr'><strong>hoc</strong></span> <span class='ocrx_word' id='word_1_361' title='bbox 2331 3373 2531 3453; x_wconf 70' lang='lat' dir='ltr'><strong>mytho</strong></span> 
     </span>
     <span class='ocr_line' id='line_1_36' title="bbox 281 3459 2529 3525; baseline -0.004 0"><span class='ocrx_word' id='word_1_362' title='bbox 281 3466 362 3525; x_wconf 82' lang='lat' dir='ltr'><strong>de</strong></span> <span class='ocrx_word' id='word_1_363' title='bbox 386 3468 632 3525; x_wconf 70' lang='lat' dir='ltr'><strong>mutatis</strong></span> <span class='ocrx_word' id='word_1_364' title='bbox 667 3488 709 3525; x_wconf 84' lang='lat' dir='ltr'><em>a</em></span> <span class='ocrx_word' id='word_1_365' title='bbox 740 3468 908 3525; x_wconf 72' lang='lat' dir='ltr'><strong>Circe</strong></span> <span class='ocrx_word' id='word_1_366' title='bbox 943 3467 1011 3523; x_wconf 84' lang='lat' dir='ltr'><strong>in</strong></span> <span class='ocrx_word' id='word_1_367' title='bbox 1055 3463 1292 3522; x_wconf 74' lang='lat' dir='ltr'><strong>belluas</strong></span> <span class='ocrx_word' id='word_1_368' title='bbox 1331 3462 1677 3522; x_wconf 73' lang='lat' dir='ltr'><strong>hominibus</strong></span> <span class='ocrx_word' id='word_1_369' title='bbox 1714 3461 2007 3521; x_wconf 80' lang='lat' dir='ltr'><strong>docuerat.</strong></span> <span class='ocrx_word' id='word_1_370' title='bbox 2093 3460 2390 3519; x_wconf 80' lang='lat' dir='ltr'><strong>Convertit</strong></span> <span class='ocrx_word' id='word_1_371' title='bbox 2434 3459 2529 3516; x_wconf 84' lang='lat' dir='ltr'><strong>fa-</strong></span> 
     </span>
     <span class='ocr_line' id='line_1_37' title="bbox 281 3543 2531 3627; baseline -0.005 -14"><span class='ocrx_word' id='word_1_372' title='bbox 281 3554 488 3613; x_wconf 87' lang='lat' dir='ltr'><strong>bulam</strong></span> <span class='ocrx_word' id='word_1_373' title='bbox 502 3597 520 3626; x_wconf 90' lang='lat'>‚</span> <span class='ocrx_word' id='word_1_374' title='bbox 563 3562 631 3610; x_wconf 83' lang='lat' dir='ltr'><strong>ut</strong></span> <span class='ocrx_word' id='word_1_375' title='bbox 683 3562 768 3611; x_wconf 84' lang='lat' dir='ltr'><strong>tot</strong></span> <span class='ocrx_word' id='word_1_376' title='bbox 819 3552 956 3610; x_wconf 86' lang='lat' dir='ltr'><strong>alias</strong></span> <span class='ocrx_word' id='word_1_377' title='bbox 969 3594 988 3625; x_wconf 88' lang='lat'>,</span> <span class='ocrx_word' id='word_1_378' title='bbox 1029 3552 1318 3608; x_wconf 86' lang='lat' dir='ltr'><strong>Homerus</strong></span> <span class='ocrx_word' id='word_1_379' title='bbox 1359 3552 1426 3607; x_wconf 88' lang='lat' dir='ltr'><strong>in</strong></span> <span class='ocrx_word' id='word_1_380' title='bbox 1473 3550 1867 3607; x_wconf 86' lang='lat' dir='ltr'><strong>narrationem</strong></span> <span class='ocrx_word' id='word_1_381' title='bbox 1910 3549 2029 3621; x_wconf 85' lang='lat' dir='ltr'><strong>rei,</strong></span> <span class='ocrx_word' id='word_1_382' title='bbox 2072 3564 2222 3627; x_wconf 81' lang='lat' dir='ltr'><strong>quae</strong></span> <span class='ocrx_word' id='word_1_383' title='bbox 2268 3564 2405 3605; x_wconf 81' lang='lat' dir='ltr'><strong>vere</strong></span> <span class='ocrx_word' id='word_1_384' title='bbox 2450 3543 2531 3603; x_wconf 87' lang='lat' dir='ltr'><strong>ita</strong></span> 
     </span>
     <span class='ocr_line' id='line_1_38' title="bbox 285 3628 2533 3717; baseline -0.007 -18"><span class='ocrx_word' id='word_1_385' title='bbox 285 3641 548 3699; x_wconf 75' lang='lat' dir='ltr'><strong>evenerit</strong></span> <span class='ocrx_word' id='word_1_386' title='bbox 562 3682 579 3713; x_wconf 88' lang='lat'>‚</span> <span class='ocrx_word' id='word_1_387' title='bbox 625 3647 682 3694; x_wconf 91' lang='lat' dir='ltr'><strong>et</strong></span> <span class='ocrx_word' id='word_1_388' title='bbox 709 3635 786 3695; x_wconf 90' lang='lat' dir='ltr'><strong>ad</strong></span> <span class='ocrx_word' id='word_1_389' title='bbox 813 3638 1028 3717; x_wconf 84' lang='lat' dir='ltr'><strong>Ulyssis</strong></span> <span class='ocrx_word' id='word_1_390' title='bbox 1055 3638 1238 3695; x_wconf 85' lang='lat' dir='ltr'><strong>socios</strong></span> <span class='ocrx_word' id='word_1_391' title='bbox 1267 3636 1571 3693; x_wconf 85' lang='lat' dir='ltr'><strong>transtulit.</strong></span> <span class='ocrx_word' id='word_1_392' title='bbox 1653 3636 1743 3693; x_wconf 85' lang='lat' dir='ltr'><strong>Ita</strong></span> <span class='ocrx_word' id='word_1_393' title='bbox 1767 3644 1931 3693; x_wconf 80' lang='lat' dir='ltr'><strong>vetus</strong></span> <span class='ocrx_word' id='word_1_394' title='bbox 1968 3630 2209 3709; x_wconf 81' lang='lat' dir='ltr'><strong>mytlms</strong></span> <span class='ocrx_word' id='word_1_395' title='bbox 2249 3628 2533 3687; x_wconf 79' lang='lat' dir='ltr'><strong>historica</strong></span> 
     </span>
     <span class='ocr_line' id='line_1_39' title="bbox 284 3716 2531 3789; baseline -0.005 -6"><span class='ocrx_word' id='word_1_396' title='bbox 284 3724 558 3783; x_wconf 76' lang='lat' dir='ltr'><strong>nan-atio</strong></span> <span class='ocrx_word' id='word_1_397' title='bbox 601 3722 754 3781; x_wconf 85' lang='lat' dir='ltr'><strong>facta</strong></span> <span class='ocrx_word' id='word_1_398' title='bbox 814 3733 915 3781; x_wconf 89' lang='lat' dir='ltr'><strong>est.</strong></span> <span class='ocrx_word' id='word_1_399' title='bbox 1002 3722 1158 3781; x_wconf 85' lang='lat' dir='ltr'><strong>San-e</strong></span> <span class='ocrx_word' id='word_1_400' title='bbox 1213 3718 1358 3781; x_wconf 84' lang='lat' dir='ltr'><strong>haec</strong></span> <span class='ocrx_word' id='word_1_401' title='bbox 1419 3722 1573 3779; x_wconf 87' lang='lat' dir='ltr'><strong>intra</strong></span> <span class='ocrx_word' id='word_1_402' title='bbox 1618 3721 1983 3778; x_wconf 87' lang='lat' dir='ltr'><strong>coniecturae</strong></span> <span class='ocrx_word' id='word_1_403' title='bbox 2032 3716 2174 3774; x_wconf 88' lang='lat' dir='ltr'><strong>fines</strong></span> <span class='ocrx_word' id='word_1_404' title='bbox 2213 3716 2531 3789; x_wconf 88' lang='lat' dir='ltr'><strong>subsistere,</strong></span> 
     </span>
     <span class='ocr_line' id='line_1_40' title="bbox 281 3800 2533 3879; baseline -0.005 -11"><span class='ocrx_word' id='word_1_405' title='bbox 281 3828 396 3868; x_wconf 88' lang='lat' dir='ltr'><strong>nec</strong></span> <span class='ocrx_word' id='word_1_406' title='bbox 425 3808 542 3867; x_wconf 81' lang='lat' dir='ltr'><strong>fide</strong></span> <span class='ocrx_word' id='word_1_407' title='bbox 573 3806 842 3867; x_wconf 85' lang='lat' dir='ltr'><strong>historica</strong></span> <span class='ocrx_word' id='word_1_408' title='bbox 867 3808 1186 3866; x_wconf 81' lang='lat' dir='ltr'><strong>substructa</strong></span> <span class='ocrx_word' id='word_1_409' title='bbox 1228 3827 1350 3865; x_wconf 88' lang='lat' dir='ltr'><strong>esse</strong></span> <span class='ocrx_word' id='word_1_410' title='bbox 1389 3806 1541 3865; x_wconf 88' lang='lat' dir='ltr'><strong>bene</strong></span> <span class='ocrx_word' id='word_1_411' title='bbox 1588 3806 1867 3879; x_wconf 79' lang='lat' dir='ltr'><strong>memini3</strong></span> <span class='ocrx_word' id='word_1_412' title='bbox 1922 3802 2133 3861; x_wconf 86' lang='lat' dir='ltr'><strong>sufficit</strong></span> <span class='ocrx_word' id='word_1_413' title='bbox 2146 3846 2165 3875; x_wconf 94' lang='lat'>‚</span> <span class='ocrx_word' id='word_1_414' title='bbox 2222 3820 2290 3859; x_wconf 87' lang='lat' dir='ltr'><strong>ea</strong></span> <span class='ocrx_word' id='word_1_415' title='bbox 2329 3800 2533 3857; x_wconf 87' lang='lat' dir='ltr'><strong>analo-</strong></span> 
     </span>
     <span class='ocr_line' id='line_1_41' title="bbox 283 3888 2533 3975; baseline -0.006 -22"><span class='ocrx_word' id='word_1_416' title='bbox 283 3896 448 3975; x_wconf 82' lang='lat' dir='ltr'><strong>giam</strong></span> <span class='ocrx_word' id='word_1_417' title='bbox 473 3892 687 3952; x_wconf 88' lang='lat' dir='ltr'><strong>habere</strong></span> <span class='ocrx_word' id='word_1_418' title='bbox 717 3912 855 3953; x_wconf 87' lang='lat' dir='ltr'><strong>cum</strong></span> <span class='ocrx_word' id='word_1_419' title='bbox 884 3894 1006 3951; x_wconf 84' lang='lat' dir='ltr'><strong>aliis</strong></span> <span class='ocrx_word' id='word_1_420' title='bbox 1035 3892 1344 3967; x_wconf 88' lang='lat' dir='ltr'><strong>similibus,</strong></span> <span class='ocrx_word' id='word_1_421' title='bbox 1388 3908 1539 3972; x_wconf 88' lang='lat' dir='ltr'><strong>quae</strong></span> <span class='ocrx_word' id='word_1_422' title='bbox 1568 3890 1855 3949; x_wconf 83' lang='lat' dir='ltr'><strong>Homerus</strong></span> <span class='ocrx_word' id='word_1_423' title='bbox 1894 3889 1957 3945; x_wconf 91' lang='lat' dir='ltr'><strong>in</strong></span> <span class='ocrx_word' id='word_1_424' title='bbox 1997 3888 2149 3945; x_wconf 85' lang='lat' dir='ltr'><strong>facta</strong></span> <span class='ocrx_word' id='word_1_425' title='bbox 2195 3897 2252 3943; x_wconf 88' lang='lat' dir='ltr'><strong>et</strong></span> <span class='ocrx_word' id='word_1_426' title='bbox 2292 3906 2381 3943; x_wconf 89' lang='lat' dir='ltr'><strong>res</strong></span> <span class='ocrx_word' id='word_1_427' title='bbox 2425 3904 2533 3963; x_wconf 86' lang='lat' dir='ltr'><strong>ge-</strong></span> 
     </span>
     <span class='ocr_line' id='line_1_42' title="bbox 283 3969 2533 4059; baseline -0.007 -19"><span class='ocrx_word' id='word_1_428' title='bbox 283 3990 402 4040; x_wconf 82' lang='lat' dir='ltr'><strong>stas</strong></span> <span class='ocrx_word' id='word_1_429' title='bbox 429 3980 693 4039; x_wconf 77' lang='lat' dir='ltr'><strong>mutavit.</strong></span> <span class='ocrx_word' id='word_1_430' title='bbox 779 3979 1017 4059; x_wconf 86' lang='lat' dir='ltr'><strong>Alioqui</strong></span> <span class='ocrx_word' id='word_1_431' title='bbox 1043 3988 1196 4035; x_wconf 85' lang='lat' dir='ltr'><strong>recte</strong></span> <span class='ocrx_word' id='word_1_432' title='bbox 1227 3989 1286 4035; x_wconf 90' lang='lat' dir='ltr'><strong>et</strong></span> <span class='ocrx_word' id='word_1_433' title='bbox 1311 3973 1426 4034; x_wconf 87' lang='lat' dir='ltr'><strong>hoc</strong></span> <span class='ocrx_word' id='word_1_434' title='bbox 1462 3986 1709 4035; x_wconf 85' lang='lat' dir='ltr'><strong>statuas:</strong></span> <span class='ocrx_word' id='word_1_435' title='bbox 1751 3984 1987 4053; x_wconf 86' lang='lat' dir='ltr'><strong>poetam</strong></span> <span class='ocrx_word' id='word_1_436' title='bbox 2032 3969 2179 4030; x_wconf 85' lang='lat' dir='ltr'><strong>haec</strong></span> <span class='ocrx_word' id='word_1_437' title='bbox 2222 3990 2296 4029; x_wconf 87' lang='lat' dir='ltr'><strong>ex</strong></span> <span class='ocrx_word' id='word_1_438' title='bbox 2339 3980 2533 4028; x_wconf 79' lang='lat' dir='ltr'><strong>vetere</strong></span> 
     </span>
     <span class='ocr_line' id='line_1_43' title="bbox 283 4054 2534 4145; baseline -0.006 -22"><span class='ocrx_word' id='word_1_439' title='bbox 283 4066 821 4145; x_wconf 85' lang='lat' dir='ltr'><strong>Argonauticorum</strong></span> <span class='ocrx_word' id='word_1_440' title='bbox 847 4075 1022 4144; x_wconf 87' lang='lat' dir='ltr'><strong>poeta</strong></span> <span class='ocrx_word' id='word_1_441' title='bbox 1049 4073 1283 4141; x_wconf 85' lang='lat' dir='ltr'><strong>accepta</strong></span> <span class='ocrx_word' id='word_1_442' title='bbox 1326 4062 1543 4140; x_wconf 86' lang='lat' dir='ltr'><strong>Ulyssis</strong></span> <span class='ocrx_word' id='word_1_443' title='bbox 1586 4060 1869 4118; x_wconf 86' lang='lat' dir='ltr'><strong>erroribus</strong></span> <span class='ocrx_word' id='word_1_444' title='bbox 1910 4058 2167 4115; x_wconf 87' lang='lat' dir='ltr'><strong>intulisse</strong></span> <span class='ocrx_word' id='word_1_445' title='bbox 2183 4099 2199 4131; x_wconf 85' lang='lat'>‚</span> <span class='ocrx_word' id='word_1_446' title='bbox 2242 4054 2534 4132; x_wconf 87' lang='lat' dir='ltr'><strong>seriusque</strong></span> 
     </span>
     <span class='ocr_line' id='line_1_44' title="bbox 285 4140 2533 4225; baseline -0.007 -15"><span class='ocrx_word' id='word_1_447' title='bbox 285 4152 473 4221; x_wconf 69' lang='lat' dir='ltr'><strong>alium</strong></span> <span class='ocrx_word' id='word_1_448' title='bbox 500 4152 564 4207; x_wconf 89' lang='lat' dir='ltr'><strong>in</strong></span> <span class='ocrx_word' id='word_1_449' title='bbox 591 4151 850 4208; x_wconf 83' lang='lat' dir='ltr'><strong>fabulam</strong></span> <span class='ocrx_word' id='word_1_450' title='bbox 879 4146 1132 4208; x_wconf 85' lang='lat' dir='ltr'><strong>ethicam</strong></span> <span class='ocrx_word' id='word_1_451' title='bbox 1157 4144 1302 4205; x_wconf 87' lang='lat' dir='ltr'><strong>haec</strong></span> <span class='ocrx_word' id='word_1_452' title='bbox 1331 4157 1601 4204; x_wconf 86' lang='lat' dir='ltr'><strong>mutasse.</strong></span> <span class='ocrx_word' id='word_1_453' title='bbox 1688 4140 1977 4225; x_wconf 83' lang='lat' dir='ltr'><strong>Lepidum</strong></span> <span class='ocrx_word' id='word_1_454' title='bbox 2006 4152 2089 4200; x_wconf 88' lang='lat' dir='ltr'><strong>est</strong></span> <span class='ocrx_word' id='word_1_455' title='bbox 2117 4148 2533 4209; x_wconf 84' lang='lat' dir='ltr'><strong>commentum,</strong></span> 
     </span>
     <span class='ocr_line' id='line_1_45' title="bbox 285 4220 2536 4311; baseline -0.007 -16"><span class='ocrx_word' id='word_1_456' title='bbox 285 4244 694 4295; x_wconf 79' lang='lat' dir='ltr'><strong>comnentum</strong></span> <span class='ocrx_word' id='word_1_457' title='bbox 738 4246 934 4295; x_wconf 87' lang='lat' dir='ltr'><strong>tamen</strong></span> <span class='ocrx_word' id='word_1_458' title='bbox 953 4278 970 4309; x_wconf 90' lang='lat'>,</span> <span class='ocrx_word' id='word_1_459' title='bbox 1014 4232 1444 4291; x_wconf 78' lang='lat' dir='ltr'><strong>d’Hancarvillii</strong></span> <span class='ocrx_word' id='word_1_460' title='bbox 1461 4274 1478 4305; x_wconf 87' lang='lat'>,</span> <span class='ocrx_word' id='word_1_461' title='bbox 1523 4230 1626 4311; x_wconf 84' lang='lat' dir='ltr'><strong>qui</strong></span> <span class='ocrx_word' id='word_1_462' title='bbox 1664 4226 1809 4287; x_wconf 87' lang='lat' dir='ltr'><strong>haec</strong></span> <span class='ocrx_word' id='word_1_463' title='bbox 1850 4230 1979 4287; x_wconf 89' lang='lat' dir='ltr'><strong>loca</strong></span> <span class='ocrx_word' id='word_1_464' title='bbox 2022 4224 2190 4301; x_wconf 87' lang='lat' dir='ltr'><strong>adiit,</strong></span> <span class='ocrx_word' id='word_1_465' title='bbox 2247 4228 2309 4281; x_wconf 88' lang='lat' dir='ltr'><strong>in</strong></span> <span class='ocrx_word' id='word_1_466' title='bbox 2359 4220 2429 4279; x_wconf 85' lang='lat' dir='ltr'><em>V</em></span> <span class='ocrx_word' id='word_1_467' title='bbox 2413 4220 2536 4277; x_wconf 69' lang='grc' dir='ltr'><strong>αείε</strong></span> 
     </span>
     <span class='ocr_line' id='line_1_46' title="bbox 285 4308 2537 4401; baseline -0.008 -22"><span class='ocrx_word' id='word_1_468' title='bbox 285 4322 536 4379; x_wconf 78' lang='lat' dir='ltr'><strong>Etrusc.</strong></span> <span class='ocrx_word' id='word_1_469' title='bbox 573 4322 652 4378; x_wconf 88' lang='lat' dir='ltr'><strong>T.</strong></span> <span class='ocrx_word' id='word_1_470' title='bbox 683 4322 730 4395; x_wconf 90' lang='lat'><strong>1,</strong></span> <span class='ocrx_word' id='word_1_471' title='bbox 759 4342 819 4401; x_wconf 90' lang='lat' dir='ltr'><strong>p.</strong></span> <span class='ocrx_word' id='word_1_472' title='bbox 853 4320 955 4393; x_wconf 84' lang='lat'><strong>65,</strong></span> <span class='ocrx_word' id='word_1_473' title='bbox 985 4328 1185 4377; x_wconf 88' lang='lat' dir='ltr'><strong>natam</strong></span> <span class='ocrx_word' id='word_1_474' title='bbox 1213 4316 1286 4375; x_wconf 90' lang='lat' dir='ltr'><strong>de</strong></span> <span class='ocrx_word' id='word_1_475' title='bbox 1317 4318 1480 4375; x_wconf 89' lang='lat' dir='ltr'><strong>Circe</strong></span> <span class='ocrx_word' id='word_1_476' title='bbox 1507 4316 1769 4374; x_wconf 83' lang='lat' dir='ltr'><strong>fabulam</strong></span> <span class='ocrx_word' id='word_1_477' title='bbox 1796 4334 1872 4371; x_wconf 89' lang='lat' dir='ltr'><strong>ex</strong></span> <span class='ocrx_word' id='word_1_478' title='bbox 1912 4314 2177 4370; x_wconf 89' lang='lat' dir='ltr'><strong>locorum</strong></span> <span class='ocrx_word' id='word_1_479' title='bbox 2212 4308 2391 4375; x_wconf 73' lang='lat' dir='ltr'><strong>facie3</strong></span> <span class='ocrx_word' id='word_1_480' title='bbox 2432 4322 2537 4361; x_wconf 88' lang='lat' dir='ltr'><strong>ru-</strong></span> 
     </span>
     <span class='ocr_line' id='line_1_47' title="bbox 289 4390 2536 4481; baseline -0.009 -14"><span class='ocrx_word' id='word_1_481' title='bbox 289 4406 436 4467; x_wconf 83' lang='lat' dir='ltr'><strong>dere</strong></span> <span class='ocrx_word' id='word_1_482' title='bbox 463 4406 624 4463; x_wconf 87' lang='lat' dir='ltr'><strong>enim</strong></span> <span class='ocrx_word' id='word_1_483' title='bbox 651 4408 712 4462; x_wconf 87' lang='lat' dir='ltr'><strong>in</strong></span> <span class='ocrx_word' id='word_1_484' title='bbox 740 4403 830 4465; x_wconf 85' lang='lat' dir='ltr'><strong>his</strong></span> <span class='ocrx_word' id='word_1_485' title='bbox 858 4406 999 4463; x_wconf 90' lang='lat' dir='ltr'><strong>locis</strong></span> <span class='ocrx_word' id='word_1_486' title='bbox 1042 4423 1110 4463; x_wconf 85' lang='lat' dir='ltr'><strong>ac</strong></span> <span class='ocrx_word' id='word_1_487' title='bbox 1145 4404 1375 4481; x_wconf 83' lang='lat' dir='ltr'><strong>mugire</strong></span> <span class='ocrx_word' id='word_1_488' title='bbox 1417 4400 1629 4461; x_wconf 72' lang='lat' dir='ltr'><strong>fractos</strong></span> <span class='ocrx_word' id='word_1_489' title='bbox 1674 4396 1749 4457; x_wconf 86' lang='lat' dir='ltr'><strong>ad</strong></span> <span class='ocrx_word' id='word_1_490' title='bbox 1794 4398 2059 4477; x_wconf 87' lang='lat' dir='ltr'><strong>scopulos</strong></span> <span class='ocrx_word' id='word_1_491' title='bbox 2098 4396 2273 4454; x_wconf 82' lang='lat' dir='ltr'><strong>maris</strong></span> <span class='ocrx_word' id='word_1_492' title='bbox 2310 4390 2536 4460; x_wconf 70' lang='lat' dir='ltr'><strong>fluetus,</strong></span> 
     </span>
    </p>
   </div>
   <div class='ocr_carea' id='block_1_9' title="bbox 403 4496 2127 4584">
    <p class='ocr_par' dir='ltr' id='par_1_11' title="bbox 403 4496 2127 4584">
     <span class='ocr_line' id='line_1_48' title="bbox 403 4496 2127 4584; baseline -0.011 0"><span class='ocrx_word' id='word_1_493' title='bbox 403 4506 722 4584; x_wconf 72' lang='lat' dir='ltr'><strong>Vnum..</strong></span> <span class='ocrx_word' id='word_1_494' title='bbox 777 4504 990 4577; x_wconf 73' lang='lat' dir='ltr'><strong>Tou.</strong></span> <span class='ocrx_word' id='word_1_495' title='bbox 1027 4500 1170 4578; x_wconf 68' lang='lat'><strong>111„</strong></span> <span class='ocrx_word' id='word_1_496' title='bbox 2074 4496 2127 4565; x_wconf 83' lang='grc'>9</span> 
     </span>
    </p>
   </div>
  </div>
 </body>
</html>
