3009 5050
446 527 453 534 ,
518 450 671 524 524

1015 442 1675 521 P.V1RG1L11
1725 439 2275 517 MAR-ONIS

515 631 653 709 Vis
693 629 773 704 in
817 653 1091 706 amore
1120 627 1365 706 foret:
1414 652 1584 704 non
1619 628 1779 704 hoc
1803 627 2004 704 mihi
2031 651 2380 728 namque
2403 650 2750 727 negareS‚

430 775 457 804 .
520 733 1104 834 Omnipotens,

1214 733 1408 864 quin
1488 745 1570 808 et
1631 755 1946 930 pluffiae
2011 730 2460 808 subducere
2553 737 2751 808 Tur-

2607 846 2748 915 615

484 941 617 1016 =Et
642 942 927 1015 Dauno
970 961 1290 1038 possem
1322 934 1812 1014 incolumem
1847 961 2155 1014 servare
2191 938 2521 1038 parenti.

514 1045 747 1118 Nune
783 1053 1093 1142 pereat,
1140 1041 1629 1140 Teucrisque
1682 1041 1816 1141 pio
1857 1043 1996 1119 det
2025 1041 2404 1139 sanguine
2431 1064 2748 1142 poenas,

512 1144 665 1222 Ille
694 1158 960 1221 tamen
996 1157 1265 1220 nostra
1298 1142 1622 1220 deducit
1658 1147 1962 1243 origine
1991 1169 2320 1239 nomen,

515 1246 1087 1348 Pilumnusque
1116 1246 1225 1323 illi
1260 1261 1582 1348 quartus
1613 1261 1872 1347 pater3
1929 1260 2009 1324 et
2039 1261 2170 1323 tua
2197 1247 2406 1346 larga

517 1355 774 1454 Saepe
801 1377 1044 1430 manu
1076 1350 1512 1454 multisque
1546 1352 1900 1428 oneravit
1929 1351 2202 1427 limina
2241 1350 2491 1428 donis.
2605 1359 2746 1430 620

651 1573 757 1632 614
786 1593 897 1630 πονι
937 1576 1073 1628 haec
1114 1576 1222 1628 duo
1269 1577 1461 1630 Mox-et.
1502 1585 1559 1629 et
1601 1578 1734 1630 [unt.
1773 1577 1858 1634 ed.
1889 1595 2002 1628 eum
2029 1575 2192 1629 Goth.
2233 1592 2338 1627 see.
2408 1575 2546 1626 mila·
2569 1593 2746 1646 nempe

512 1646 687 1714 Bigot.
716 1655 774 1697 et
802 1645 1017 1705 zulich..
1052 1647 1217 1713 (quod
1242 1646 1446 1730 recepit
1478 1647 1718 1699 Bothius.
1759 1647 1906 1713 Wr.)
1941 1647 2037 1698 ned
2067 1645 2172 1696 vid.
2197 1647 2325 1696 Not.

1511 1716 1615 1770 616
1650 1719 1705 1769 V
1699 1717 1755 1768 el
1790 1721 1990 1768 Dauno
2015 1717 2230 1767 Oudart.
2297 1714 2503 1784 possim
2535 1725 2742 1782 uterque

510 1735 645 1838 aaz:
668 1731 713 1766 s.
698 1713 1201 1839 'dfftqmdfflquot
1237 1716 1373 1769 Pier.

562 1802 595 1838 o
646 1800 711 1835 eu
922 1800 973 1834 οι

510 1863 663 1906 tenu·
692 1863 913 1904 mortem
937 1869 1043 1904 non
1066 1853 1273 1904 meruit.
1376 1856 1479 1909 618
1506 1855 1740 1906 deducet
1767 1853 1872 1906 duo
1895 1855 2142 1906 Rotteud.
2173 1862 2228 1904 et
2259 1851 2394 1904 Gud.

2453 1643 2570 1697 615
2610 1648 2744 1697 Tm·-

1130 1785 1234 1839 617
1255 1801 1356 1838 cuo
1387 1786 1481 1838 det
1502 1804 1548 1838 s.
1569 1785 1786 1838 Dorvill.
1856 1785 2014 1837 modo
2047 1785 2140 1836 det
2169 1782 2572 1854 Err..·edp1·‚o
2621 1800 2742 1852 qua-

2511 1853 2742 1922 620qae

510 1924 663 1976 abeat
698 1921 835 1974 binis
864 1923 1032 1972 Burm.
1080 1925 1331 1975 oneravit
1354 1924 1553 2008 ubique
1580 1922 1790 1991 legitur.
1840 1925 1914 1975 Io.
1934 1923 2212 1976 Schrader.
2237 1921 2528 1973 Emendatt.
2554 1941 2609 1991 p.
2639 1872 2739 1983 151,

508 2007 711 2044 memor
734 2001 1023 2061 perpetuae
1052 1991 1321 2044 varietatis
1350 1992 1405 2044 in
1435 1992 1634 2045 duabus
1665 2010 1779 2047 voc.
1817 2011 2050 2046 onerare
2090 2003 2144 2046 et
2183 2009 2403 2052 ornare,
2439 1991 2740 2043 emendabat

510 2177 609 2224 cta
666 2163 727 2224 h.
784 2167 827 2224 1.
871 2167 1266 2246 exprobrantis
1283 2212 1300 2244 ‚
1360 2169 1586 2228 acerba.

510 2257 659 2318 613.
682 2251 1082 2310 V'winamore
1102 2252 1271 2330 mihi,
1300 2273 1405 2332 pro
1420 2257 1467 2314 si
1480 2265 1586 2314 tuo

508 2341 571 2396 in
598 2357 697 2395 me
726 2340 911 2396 amori
940 2349 1087 2396 esset
1114 2342 1218 2398 viS.
1288 2341 1449 2398 Alias
1468 2361 1583 2417 po-

509 2425 694 2480 tentia
721 2421 929 2480 dieitur
955 2421 1029 2502 de
1049 2427 1394 2484 amantibus.
1435 2427 1586 2484 Vul-

507 2509 658 2589 gan‘s
688 2509 868 2567 oratio
900 2519 1079 2568 esset:
1125 2511 1182 2569 si
1210 2521 1447 2571 tantum
1470 2532 1586 2569 να-

506 2594 651 2652 leret
678 2614 850 2652 amor
889 2616 1055 2653 meus
1090 2598 1265 2675 apud
1294 2608 1350 2655 te
1362 2640 1387 2667 ,
1442 2609 1585 2655 tan-

504 2690 633 2738 tam
658 2679 903 2738 haberet
919 2683 1043 2741 νίνη
1057 2692 1120 2738 νωε
1144 2684 1584 2753 auctoritatem,

504 2777 572 2825 ut
598 2767 743 2827 olim
768 2768 919 2825 inter
946 2770 1155 2827 amoris
1194 2770 1372 2829 nostri
1398 2770 1588 2847 prim-

504 2850 689 2913 ordia.
792 2851 935 2917 614.
995 2874 1257 2933 namque
1312 2874 1433 2911 non
1478 2875 1586 2913 va-

504 2948 625 3013 cat,
680 2936 782 2999 sed
811 2950 1125 2999 asseverat.
1189 2942 1439 3015 scilicet,
1464 2942 1586 2998 uti-

505 3043 655 3105 que,
694 3018 811 3104 γᾶρ
864 3048 956 3086 τοι
974 3070 991 3100 ,
1034 3047 1151 3105 γαρ
1196 3020 1295 3105 δή.
1383 3024 1580 3102 (Quod

502 3107 651 3167 mihi
680 3110 821 3167 olim
848 3112 1040 3169 visum
1055 3111 1262 3186 fuerat,
1298 3110 1394 3181 Si,
1424 3109 1584 3192 quod

504 3195 796 3273 superiore
832 3215 1003 3255 versu
1042 3198 1253 3277 legitur
1266 3240 1282 3270 ,
1339 3194 1579 3275 optandi

502 3282 624 3339 vim
652 3277 897 3356 habere,
950 3283 1187 3339 utinam
1217 3280 1369 3339 mihi
1385 3302 1579 3339 -νω

501 3368 568 3423 ίπ
591 3386 792 3423 amore
802 3366 1006 3445 soret.
999 3369 1016 3407 Ι
1058 3366 1121 3426 id
1146 3366 1317 3426 video
1351 3378 1580 3447 praeter

502 3452 643 3511 alios
672 3454 851 3515 etiam
874 3450 1121 3511 Iahnio
1102 3472 1163 3509 ιιι
1192 3462 1453 3510 mentem
1471 3473 1580 3511 ve·-

498 3539 669 3596 nisse.
755 3540 811 3596 Is
856 3536 1093 3619 quidem
1121 3538 1298 3595 etiam
1326 3539 1437 3596 alia
1482 3557 1579 3595 ra-

498 3625 659 3681 tione
724 3622 985 3701 expediri
1046 3620 1200 3680 hano
1257 3625 1579 3682 orationem

496 3725 664 3787 posse
706 3718 870 3787 putat
886 3753 902 3782 ,
958 3717 1026 3765 ut
1068 3710 1277 3767 omissa
1316 3710 1389 3768 sit
1432 3728 1580 3790 apo-

500 3790 689 3851 dosis:
722 3791 1085 3870 Si—fhret‚
1114 3814 1267 3851 non
1307 3794 1438 3852 Ιιίο
1464 3816 1499 3851 r·
1519 3814 1582 3851 e-

497 3897 660 3934 rum
714 3888 984 3935 status
1056 3890 1277 3937 esset.
1410 3880 1580 3938 Nune

496 3960 646 4019 mihi
672 3962 818 4021 illud
846 3984 1106 4044 namque
1134 3984 1272 4022 cum
1297 3966 1451 4039 Vm,
1476 3964 1581 4030 84.

498 4059 931 4128 comparatumt
966 4052 1196 4123 „Quam
1210 4050 1582 4130 pimAeneas

494 4134 601 4193 tibi
645 4135 871 4211 enim,
915 4135 1052 4210 tibi,
1110 4137 1369 4193 maxima
1408 4138 1576 4209 Iuno,

495 4222 741 4295 Mactat,
759 4222 798 4253 “
858 4220 982 4279 vim
1026 4218 1239 4278 habere
1282 4220 1579 4301 quandam

493 4304 915 4385 restringendi,
964 4317 1023 4365 et
1062 4305 1427 4385 iungendum
1456 4326 1579 4365 esse

494 4412 631 4450 cum
658 4412 991 4472 praegresso
1020 4394 1279 4467 nomine,
1318 4402 1385 4451 ut
1428 4390 1582 4449 νηίΙιί

494 4498 759 4557 namque
797 4480 875 4539 sit
906 4479 947 4539 i.
992 4498 1050 4560 q.
1098 4476 1332 4561 ἔμοιγε,
1376 4476 1578 4559 ἔμοιγε

1673 2164 1754 2246 δή
1773 2213 1788 2243 ,
1831 2177 2096 2228 nostrum
2122 2168 2241 2224 mir
2267 2165 2412 2223 eben
2429 2207 2454 2236 ,
2499 2169 2622 2224 mir
2637 2185 2739 2245 ge-

1669 2254 1836 2312 rade.
1941 2256 2209 2332 Eamque
2267 2251 2738 2331 significationem

1667 2339 1805 2398 inde
1833 2349 2023 2398 ortam
2049 2340 2334 2412 existimo,
2379 2335 2541 2418 quod
2566 2339 2737 2405 enim,

1668 2445 1969 2504 namque,
2013 2435 2218 2482 natura
2245 2443 2350 2482 sua
2375 2435 2510 2481 sunt
2539 2424 2737 2503 βεβαι-

1669 2506 1858 2573 ωτικᾶ
1875 2556 1891 2586 ,
1947 2509 2106 2571 unde
2149 2511 2324 2568 etiam
2369 2507 2528 2567 haud
2567 2509 2736 2567 infre-

1668 2617 1851 2678 quens
1877 2600 1984 2656 ista
2008 2595 2164 2676 apud
2194 2584 2461 2655 comicos
2503 2614 2738 2674 compo-

1667 2685 1797 2742 sitio
1827 2684 1974 2761 quia
2005 2684 2200 2755 επίνη,·
2245 2682 2350 2740 cfr.
2381 2682 2562 2738 etiam
2587 2682 2656 2739 V.
2671 2682 2734 2737 L.

1669 2768 1744 2827 ad
1789 2770 2012 2843 Ge.11‚
2063 2768 2208 2834 509.
2307 2764 2646 2869 Emphasin·
2679 2766 2732 2822 in

1667 2851 2086 2933 pronomineh.
2111 2852 2150 2910 1.
2164 2850 2544 2932 deprehendit
2573 2853 2734 2912 etiam

1667 2942 1956 3009 Donatus,
1989 2936 2146 3018 apud
2171 2958 2350 3019 quem
2377 2936 2524 2997 haec
2534 2941 2731 3017 legun-

1665 3036 1794 3083 tur:
1843 3026 2055 3101 „Non
2094 3022 2278 3082 haee
2305 3024 2502 3081 mihi
2537 3042 2732 3082 nam-

1667 3130 1813 3191 que
1859 3116 2223 3189 negares:
2295 3108 2506 3166 Mihi
2561 3126 2734 3190 quum

1667 3194 1831 3269 dixit,
1859 3229 1948 3239 —
1989 3212 2096 3253 an:
2126 3214 2211 3251 m.
2237 3214 2502 3273 namque
2526 3193 2732 3253 (1.2-

1662 3300 1838 3363 quam
1868 3280 2116 3339 dilexisti
2145 3290 2314 3338 antea
2335 3324 2350 3353 ,
2379 3278 2546 3355 mihi,
2574 3278 2732 3338 uxori

1659 3369 1854 3425 tuae.“
1892 3366 2084 3445 Wr.)
2129 3368 2276 3430 617.
2321 3364 2513 3423 IVmw
2538 3374 2734 3444 pereat

1660 3449 2158 3511 stomachabunda
2184 3452 2522 3530 pronuntiat
2553 3470 2571 3509 :
2613 3468 2730 3530 pro,

1660 3558 1820 3597 nunc
1872 3557 2010 3597 vero
2055 3538 2110 3595 ei
2149 3536 2517 3617 pereundum
2559 3547 2638 3594 est
2673 3536 2730 3590 in

1660 3623 2051 3683 Troianorum
2107 3623 2352 3701 gratiam
2377 3642 2396 3697 3
2458 3622 2576 3679 'etsi
2641 3620 2732 3677 ille

1665 3719 1776 3767 etc.
1862 3713 2009 3774 618.
2039 3707 2508 3766 decbaeitnomen
2531 3702 2591 3765 B.
2608 3707 2732 3765 stir-

1665 3814 1836 3875 pem,
1894 3814 2098 3873 genus.
2184 3794 2241 3850 A
2285 3796 2512 3851 Iunone
2553 3790 2731 3851 Turni

1667 3900 1850 3959 genus
1878 3883 1929 3939 si
1951 3879 2192 3937 ductum
2219 3878 2346 3953 fuit,
2374 3880 2632 3957 ignotam
2647 3877 2730 3934 fa-

1665 3966 1868 4025 bulam
1896 3967 2176 4043 affingere
2203 3962 2388 4023 videri
2415 3962 2730 4043 debetpoe-

1665 4062 1726 4109 ta
1744 4096 1761 4125 ,
1804 4061 1870 4109 ut
1909 4051 2146 4109 fortasse
2173 4050 2479 4108 Pilumnus
2505 4048 2728 4108 Iunonis

1661 4136 1812 4195 filius
1859 4133 2086 4195 habitus
2123 4136 2328 4194 filei-it:
2385 4134 2544 4216 quod
2581 4150 2728 4192 nune

1661 4224 1982 4301 ignoratur.
2083 4222 2283 4280 Potest
2323 4230 2524 4279 tamen
2563 4216 2724 4277 illud:

1665 4318 1868 4365 nostra
1914 4308 2143 4385 ongrine
2159 4351 2175 4380 ,
2220 4308 2300 4366 ita
2329 4308 2482 4364 sumi
2496 4351 2512 4380 ‚
2539 4316 2606 4363 ut
2618 4306 2726 4363 sive

1661 4394 1815 4451 Iovis
1841 4393 1960 4451 sive
1989 4393 2230 4451 omnino
2261 4391 2455 4451 divina
2481 4392 2642 4469 stirps
2675 4396 2728 4444 et

1666 4479 1828 4556 origo
1857 4479 2212 4557 respiciatur.
2297 4479 2448 4535 Nam
2478 4478 2526 4535 si
2555 4495 2586 4533 a
2613 4476 2728 4531 Da·
