3009 5050
493 464 644 535 236

972 456 1053 530 P.
1106 449 1652 529 VIRGILII
1700 448 2259 528 MARONIS

485 640 998 740 Praecipitate
1021 662 1307 716 moras.
1410 642 1579 715 Nec
1609 635 1839 737 plura
1862 632 2183 729 effatu53
2238 636 2449 713 atilli

487 744 730 822 Ocius
753 741 1192 817 incubuere
1226 765 1551 834 omnes,
1606 740 2055 841 pariterque
2087 740 2447 817 laborem

487 846 787 923 Sortiti:
837 842 1015 920 fluit
1041 869 1172 921 aes
1200 846 1414 940 riviS‚
1469 846 1796 945 aurique
1820 842 2266 934 metallum3

2566 854 2718 927 445

481 948 1081 1049 volnificusque
1109 947 1428 1046 chalybs
1457 961 1669 1025 vasta
1696 944 2023 1023 fornace
2054 945 2433 1047 liquescit.

479 1056 901 1151 Ingentem
932 1050 1278 1153 clipeum
1305 1049 1784 1147 informant,
1836 1075 2093 1127 unum
2138 1052 2407 1127 omnia
2444 1065 2717 1129 contra

481 1157 678 1233 Tela
705 1156 1204 1251 Latinorum;
1257 1169 1793 1257 septenosque
1826 1152 2153 1228 orbibus
2190 1153 2403 1229 orbis

476 1262 572 1337 In
633 1259 930 1339 ediunt.
1034 1259 1183 1337 Alii
1213 1260 1557 1335 ventosis
1594 1256 1918 1333 follibus
1950 1282 2171 1333 auras

477 1368 544 1439 A
607 1364 906 1464 cipiunt
934 1362 1480 1462 redduntque:
1533 1360 1657 1437 alii
1691 1358 2100 1435 stridentia
2125 1360 2493 1459 tinguunt
2558 1370 2715 1443 450

476 1472 682 1543 Aera
711 1465 905 1543 lacu.
1011 1466 1279 1543 Gemit
1310 1464 1669 1565 inpositis
1698 1462 2118 1539 incudibus
2144 1476 2475 1541 anu-mn.

476 1568 602 1646 Illi
630 1570 839 1644 inter
863 1591 1036 1643 sese
1059 1566 1310 1644 multa
1335 1569 1407 1643 vi
1435 1566 1754 1643 brachia
1779 1566 2075 1642 tollunt

474 1673 571 1748 In
603 1696 1069 1768 numerum,
1122 1684 1595 1773 versantque
1630 1671 1885 1747 tenaci
1919 1667 2223 1769 forcipe
2252 1692 2611 1748 massam.

576 1776 790 1850 Haec
828 1786 1055 1875 pater
1086 1773 1379 1850 Aeoliis
1423 1788 1805 1875 properat
1855 1773 2052 1850 dum
2101 1772 2479 1849 Lemnius
2523 1772 2715 1853 oris=

577 1917 748 1990 443.
799 1934 1183 1991 mvn-rus:
1231 1934 1332 1987 nr

608 2154 712 2209 443
743 2174 948 2209 moram
981 2154 1188 2225 aliquot
1231 2156 1369 2210 Pier.
1437 2170 1494 2209 ee
1537 2156 1627 2209 illi
1654 2156 1971 2211 Burmannus
2019 2158 2225 2213 notavit
2262 2156 2542 2213 secundnm
2582 2172 2715 2223 pan—

469 2232 580 2275 teni
612 2223 868 2277 codicum.
938 2226 1112 2295 Vulgo
1151 2225 1344 2279 lectum
1377 2238 1442 2279 σε
1473 2225 1589 2287 ἱὶἱίς
1646 2228 1791 2295 quod
1834 2230 2063 2282 nondum
2110 2228 2375 2297 displicet.
2422 2224 2714 2292 (Mediana

469 2310 584 2345 cum
617 2293 836 2347 maxima
869 2304 1023 2361 parte
1054 2295 1292 2349 codicum
1318 2304 1496 2347 tuetur
1528 2306 1608 2361 aa,
1646 2298 1788 2365 quod
1812 2300 2073 2363 revocavi,
2104 2298 2210 2350 vid.
2238 2301 2305 2363 Q.
2334 2299 2400 2351 V.
2427 2296 2715 2357 XXXVH,

467 2364 564 2424 2⁸3
600 2380 904 2433 quamquam
939 2364 1139 2417 reiecta
1171 2364 1353 2430 lectio,
1389 2380 1487 2434 per
1522 2382 1579 2415 ee
1614 2376 1870 2436 spectata,
1904 2368 2035 2419 nihil
2070 2368 2249 2431 habet,
2284 2367 2428 2437 qnod.
2460 2362 2713 2428 offendat,

467 2430 572 2484 vid.
610 2434 677 2495 Q.
713 2433 777 2486 V.
813 2433 1049 2495 XXXV.
1096 2434 1146 2487 6.
1205 2464 1275 2475 -
1329 2434 1449 2488 446.
1497 2436 1737 2487 metallis
1784 2437 1917 2490 cod.'
1954 2444 2088 2507 Ang.
2124 2435 2249 2489 Maii
2300 2436 2441 2505 apud
2476 2436 2711 2485 Arusian-

505 2537 520 2554 .
569 2501 688 2556 231.
738 2501 867 2556 edit.
910 2500 1148 2556 Lindeni.

532 2589 561 2622 a
603 2571 794 2624 Medic.
833 2576 918 2626 W
911 2575 979 2640 r.)

1210 2504 1359 2572 Wr.)

461 2778 709 2833 Rottend.
763 2799 866 2834 sec.
900 2800 933 2835 a
965 2801 1036 2836 ni.
1071 2801 1174 2836 sec.

1510 2502 1617 2559 448
1650 2522 1756 2574 que
1793 2507 1945 2560 abest
1981 2518 2205 2578 quatuor
2246 2508 2522 2558 Burmann.
2592 2504 2711 2571 (oe-

1118 2573 1221 2628 449
1255 2575 1375 2627 Alii
1405 2603 1472 2614 —
1507 2576 1811 2647 οσοῲὶιιηες
1854 2579 2016 2630 verba
2052 2577 2353 2630 exciderant
2384 2575 2550 2628 Goth.
2580 2583 2709 2625 tert.

463 2637 762 2696 449—453
795 2644 990 2694 Versus
1043 2661 1108 2696 ex
1160 2647 1257 2697 Ge.
1291 2645 1399 2708 w,
1447 2645 1545 2699 171
1574 2673 1640 2683 —
1669 2645 1787 2699 175.

463 2709 531 2761 ad
572 2723 794 2764 aratrum
837 2713 1025 2765 Mox-et.
1075 2724 1196 2768 tert.
1233 2731 1294 2766 ex
1336 2715 1434 2766 Ge.
1467 2715 1560 2779 IV,
1616 2714 1731 2769 173.
1830 2715 1935 2770 452
1973 2735 2061 2768 ma

1294 2782 1398 2840 453
1430 2787 1794 2836 Innumeram
1846 2786 1995 2838 Rom.

1922 2646 2022 2700 461
2068 2653 2248 2699 Aetna
2300 2661 2398 2712 pro
2448 2645 2553 2696 div.
2584 2643 2711 2698 lect.

2137 2736 2175 2767 a
2207 2717 2267 2768 vi
2294 2715 2403 2766 Erf.
2474 2715 2713 2766 tendunt

2092 2786 2259 2852 orfiee
2302 2784 2509 2852 aliquot
2554 2783 2711 2846 Pier„

462 2847 598 2903 inter
633 2869 764 2920 quos
799 2854 970 2920 Rom„
1003 2854 1098 2906 aed
1131 2853 1238 2908 vid.
1268 2854 1502 2907 Servium
1540 2861 1595 2905 et
1628 2852 1917 2906 Heinsinm.
1970 2851 2194 2923 [οη-κω
2226 2851 2449 2904 Carisius
2484 2861 2539 2902 et
2573 2851 2713 2903 alter

459 2919 750 2991 Hambnrg.

458 3117 564 3178 88.
605 3111 902 3170 Drakenb.
947 3109 1020 3170 ad
1069 3113 1180 3172 Sil.
1233 3111 1334 3183 m,
1389 3114 1535 3176 887.

465 3195 643 3275 W.)
729 3196 874 3260 445.
929 3195 1075 3260 446.
1136 3197 1210 3253 cf.
1263 3193 1428 3253 Iliad.
1477 3215 1535 3272 σ,

454 3278 602 3342 474.
701 3281 913 3358 (Iunge
955 3301 1155 3337 omnes
1189 3281 1538 3359 pariterque

454 3365 686 3434 sortiti,
729 3364 848 3423 vid.
892 3366 962 3437 Q.
991 3367 1061 3424 V.
1093 3367 1396 3442 xxxml,
1441 3373 1533 3446 2.3

452 3466 574 3505 non
603 3448 923 3508 incubuere
957 3463 1011 3506 ει·
1036 3453 1229 3509 sortiti
1253 3473 1334 3510 sc.
1365 3465 1525 3512 sunt.

459 3533 637 3613 W.)
702 3534 846 3598 448.
876 3547 1144 3613 septenos
1165 3535 1405 3596 orbibus
1434 3560 1535 3596 or-

453 3616 544 3676 bis
599 3619 934 3698 impediunt
989 3634 1189 3681 ornate
1242 3644 1349 3704 pro
1367 3669 1382 3699 ,
1440 3625 1536 3682 fa-

449 3705 640 3782 ciuut3
687 3705 974 3787 (propi-ie:
1020 3711 1102 3766 ita
1129 3711 1279 3770 inter
1305 3731 1370 3769 se
1394 3712 1536 3768 iun-

446 3801 596 3868 gunt
643 3803 701 3850 et
751 3797 1168 3874 compingm1t‚
1228 3807 1295 3854 ut
1337 3795 1535 3856 divelli

446 3893 570 3936 non
613 3880 849 3957 possint.
901 3881 1000 3940 W
990 3881 1078 3959 r.)
1147 3879 1254 3940 sed
1294 3885 1537 3962 quinam

344 3998 351 4007 -
402 3951 411 3960 ’
444 3962 530 4020 illi
561 3965 728 4022 orbes
758 3961 939 4025 sunt?
979 3987 1102 4024 non
1132 3969 1348 4042 circuli,
1370 3981 1533 4048 puto,

444 4041 508 4106 in'
540 4049 710 4129 clipei
735 4049 1035 4130 superficie
1067 4052 1256 4130 ducti,
1299 4053 1402 4112 sed
1443 4056 1535 4113 la-

445 4133 640 4194 minae
682 4156 885 4195 aereae
931 4139 1078 4196 aliae
1132 4157 1306 4219 super
1359 4141 1533 4198 allam

439 4220 728 4300 impactae
742 4266 760 4297 ,
838 4234 904 4282 ut
971 4227 1331 4306 septemplex
1387 4237 1534 4284 esset

443 4308 661 4387 clipeus
676 4353 692 4383 ‚
739 4310 936 4389 quales
982 4313 1327 4370 Homericae
1371 4305 1532 4374 πτύ-

443 4413 541 4472 χες
565 4404 703 4453 sunt
729 4395 771 4453 l.
802 4415 854 4454 c.
883 4393 1030 4462 481.
1075 4397 1230 4456 conf.
1273 4395 1438 4456 Iliad.
1467 4421 1531 4473 v,

443 4481 570 4544 269
600 4501 708 4563 sq„
737 4491 796 4541 et
824 4503 886 4562 η,
915 4481 1060 4548 247.
1147 4481 1528 4549 449-453.

1617 3111 1877 3172 Eosdem
1914 3132 2109 3171 versus
2136 3113 2195 3170 in
2227 3111 2523 3189 Georgicis
2552 3109 2709 3170 vidi-
2834 3145 2849 3160 -

1616 3219 1749 3258 mus
1791 3199 1888 3273 IV,
1953 3202 2069 3262 171
2116 3217 2279 3280 seqq·
2364 3197 2510 3260 450.
2556 3197 2704 3274 451,

1618 3295 1685 3342 ut
1740 3285 1846 3341 inf.
1904 3285 2037 3357 XII,
2097 3286 2175 3347 91
2235 3303 2431 3340 ensem
2450 3326 2472 3353 ,
2528 3304 2706 3362 quem

1620 3371 1849 3428 Dauno
1881 3371 2217 3449 igmpotens
2248 3369 2396 3426 deus·
2416 3371 2559 3446 *ipse
2574 3389 2706 3446 pa-

1617 3457 1775 3513 renti
1800 3455 2049 3513 Fecerat
2080 3465 2136 3512 et
2178 3455 2393 3533 qugc'a
2435 3453 2703 3512 catalen-

1618 3553 1737 3598 tem
1768 3545 2025 3599 tinxerat
2054 3539 2247 3612 unda,
2274 3552 2341 3599 ut
2368 3540 2701 3601 induresce-

1616 3639 1705 3686 ret
1730 3629 1971 3686 sermm.
2057 3625 2152 3690 Ad
2174 3626 2319 3692 452.
2334 3627 2479 3692 453.
2500 3625 2702 3682 Praei-

1616 3716 1701 3774 vit
1742 3711 2083 3772 callimach.
2126 3713 2188 3771 in
2228 3715 2399 3770 Dian.
2444 3711 2546 3774 59.
2594 3713 2699 3774 60.

1619 3803 1724 3864 61.
1771 3793 2035 3882 μεγάλην
2068 3794 2135 3859 δὲ
2172 3794 2338 3903 ῥοὴν
2378 3793 2480 3858 ἐπὶ
2526 3785 2701 3896 1(ύὲ-

1618 3907 1727 3958 νος
1758 3879 1960 3959 afim,
2010 3875 2161 3945 Εὖθ
2236 3881 2302 3943 οἵ
2336 3903 2403 3961 γε
2446 3879 2699 3958 timetq-

1620 3994 1733 4052 ρας
1784 3965 2135 4050 ἀειράμενοι
2188 3961 2343 4045 ὑπὲρ
2400 3962 2583 4044 ὤμων
2614 3957 2710 4026 Ἢ

1618 4053 1836 4136 χαλκὸν
1874 4055 2103 4128 ζείοντα
2126 4047 2467 4132 καμινόθεν
2490 4043 2560 4130 ἤὲ
2602 4049 2697 4110 σί-

1620 4141 1810 4224 δηρον
1876 4133 2232 4220 Ἀμβολαδὶς
2316 4131 2693 4210 τπύποντες,

1616 4225 1719 4289 ἐπὶ
1747 4224 1896 4308 μέγα
1928 4217 2321 4303 μοχθήσειαν.

1700 4311 1827 4375 454
1854 4329 1976 4391 seq.
2019 4311 2226 4366 Artem
2252 4316 2458 4387 poetae
2486 4307 2549 4363 in
2589 4324 2697 4363 va·-

1616 4397 1763 4454 riato
1802 4413 2001 4453 rerum
2048 4405 2107 4452 et
2160 4393 2433 4452 orationis
2488 4390 2697 4450 chara-

1615 4493 1769 4541 ctere
1800 4481 2059 4540 observa.
2135 4480 2311 4538 Lenis
2352 4489 2410 4535 et
2448 4477 2699 4556 simplex
