3009 5050
819 433 1440 512 AENmnos
1491 381 1907 515 nevil
2442 451 2487 522 3

227 624 448 700 mitur,
517 625 627 684 etsi
683 628 805 684 iam
843 627 1000 686 inter
1039 626 1323 686 Serviane

230 723 592 790 nugamenta
635 711 742 788 (ed
785 713 887 772 lib.
917 714 1041 787 Vll,
1077 715 1142 792 1)
1173 733 1324 772 ven-

232 793 516 872 ἆίιιιιιιιιις
545 817 674 872 nec,
704 802 752 857 si
777 802 843 857 in
869 797 1110 877 singulis
1137 801 1324 878 parti-

230 883 339 942 bus
369 885 462 945 vel
506 884 774 964 οριιιοάιιε
802 887 1044 944 Homeri
1071 887 1322 964 vesn’giis

225 970 440 1030 iaunfit
495 971 694 1045 Maro,
755 991 896 1030 eum
941 974 1024 1029 ita
1063 972 1321 1030 imitatus

225 1070 353 1114 esse
395 1053 554 1115 credi
592 1055 899 1134 debebatr
919 1067 994 1116 ιιι
1027 1060 1152 1115 eius
1182 1062 1316 1116 cor’-

223 1159 338 1222 pus
363 1141 429 1200 in
460 1154 650 1221 partes
681 1125 992 1201 dissectum
1018 1162 1175 1201 novo
1205 1163 1313 1203 ex-

228 1228 426 1306 empio
471 1230 916 1306 conglutinaret.
974 1230 1312 1310 Antequam

226 1311 306 1370 ad
329 1315 558 1372 Italiam
583 1311 886 1380 accederet
913 1315 1157 1389 Aeneas,
1199 1317 1312 1372 iter

225 1397 410 1458 Troia
437 1399 658 1458 factum
685 1411 810 1459 erat
837 1419 1310 1460 commemoran-

225 1479 393 1542 dum.
479 1484 695 1557 Quod'
675 1503 742 1544 m
767 1487 1027 1546 Africam
1055 1484 1312 1546 defertur

223 1569 450 1644 classis,
513 1571 704 1652 qnod,
761 1593 901 1631 cum
941 1575 1090 1630 Ῑιιιιο
1147 1572 1310 1630 frau-

223 1652 394 1717 dibus
449 1654 566 1714 hoc
620 1660 758 1716 suis·
779 1664 1138 1761 consequuta
1185 1673 1308 1716 ιιοιιι

223 1751 406 1815 esset,
447 1753 518 1800 ut
558 1743 802 1802 Didonis
832 1761 1031 1804 amore
1057 1747 1307 1804 ixretitus

219 1826 449 1886 Aeneas
479 1827 827 1909 Carthagine
856 1830 1158 1904 desideret,
1193 1833 1310 1888 ite-

219 1931 356 1969 rum
399 1919 722 1974 conscensis
761 1919 1005 1976 navibus
1045 1917 1308 1976 Siciliam

219 1995 442 2056 adeunt
471 2003 748 2078 Troiani,
794 2014 852 2061 et
892 2001 1034 2061 inde
1061 2003 1308 2083 profecti

219 2081 460 2142 tandm
488 2087 718 2146 Tiberis
747 2091 891 2147 ostia
915 2087 1303 2165 invehuntur3

217 2181 288 2226 ea
332 2175 532 2230 omnia
575 2172 650 2232 ad
687 2195 872 2235 unam
913 2175 1076 2232 illam
1120 2176 1306 2232 actio-

215 2273 358 2314 nem
397 2275 522 2316 non
547 2263 742 2317 minus
785 2247 1080 2340 pertinent
1121 2279 1303 2342 quam

215 2337 602 2419 difficultates,
647 2365 798 2427 quae
828 2367 1066 2406 escumu
1091 2342 1156 2405 in
1182 2349 1304 2404 La-

213 2427 340 2484 tino
409 2429 604 2489 littore
681 2433 836 2491 fecto
907 2435 1301 2508 suboriuntur,

217 2511 542 2617 (Ῑιιιὺυεφιο
587 2517 914 2577 verendum
957 2530 1110 2593 emt,
1159 2540 1238 2578 ne
1267 2540 1304 2578 a

215 2595 445 2655 sedibus
496 2604 560 2658 in
613 2605 782 2661 Latio
842 2600 1190 2685 occupandis
1243 2616 1304 2662 et

215 2698 372 2737 nova
411 2682 640 2741 colonia
682 2685 800 2743 huc
843 2688 1110 2746 ducenda
1157 2708 1302 2769 pro-

215 2762 558 2825 biberentur
600 2770 846 2829 Troiani
875 2770 1153 2829 advenae.
1197 2774 1301 2830 ln·-

215 2855 443 2911 vocatio
471 2854 672 2914 Musae
699 2874 822 2913 non
847 2876 956 2937 per
982 2877 1044 2915 se
1071 2866 1300 2937 partem

211 2940 404 3017 operis
447 2940 796 3000 constituere
823 2952 1016 3021 potest
1041 2960 1294 3001 novam·

211 3022 315 3082 sed
345 3024 418 3083 ad
461 3026 798 3088 excitandos
835 3040 894 3087 et
919 3028 1298 3089 inflamman-

213 3106 318 3167 dos
371 3114 480 3169 sub
535 3132 790 3193 magnae
843 3118 930 3173 rei
987 3114 1295 3175 exordium

207 3208 622 3344 ffimpiffi.
641 3202 1294 3358 ω’ζαῗῗὲιῖἱέἓῗίἓί

209 3384 408 3427 renam
441 3372 507 3427 in
549 3368 639 3430 his
677 3390 746 3431 ac
790 3376 1175 3455 superioribus
1217 3374 1295 3430 li-

211 3452 326 3510 bn‘s
366 3456 790 3517 narrandarum
841 3478 1090 3539 genera,
1178 3456 1292 3517 hoc

210 3538 402 3617 ipsum
473 3542 550 3600 ad
605 3547 893 3604 varietatis
963 3563 1032 3605 ac
1090 3546 1292 3624 copiae

207 3624 445 3685 laudem
497 3632 766 3709 pertinet.
851 3632 989 3703 Quis
1043 3634 1106 3689 in
1166 3634 1295 3687 Ho-

205 3730 372 3769 mero
427 3734 736 3775 recensum
791 3720 1034 3775 navium
1073 3734 1291 3775 novam

207 3802 478 3859 carminis
533 3814 762 3883 partem
804 3805 1152 3861 constituere
1195 3802 1290 3861 di·

205 3886 358 3941 xerit
372 3930 389 3959 ,
435 3893 715 3969 quoniam
755 3900 928 3970 poeta
969 3891 1150 3947 Musis
1191 3890 1290 3946 in·-
1325 3927 1332 3937 ·

206 3974 423 4031 vocatis
491 3976 660 4033 ilium
719 3974 938 4035 orditur
953 3970 986 4034 Ρ
1074 3976 1292 4033 Maias

207 4056 357 4133 opus
397 4078 460 4119 se
499 4080 770 4137 movere,
825 4058 1087 4141 ingredi,
1148 4060 1290 4119 dicit

205 4154 412 4221 poeta·
471 4164 668 4225 rerum
695 4158 927 4207 naturas
956 4148 1285 4228 respiciens,

207 4228 356 4289 bella
399 4250 467 4289 ac
513 4252 767 4316 pugnas,
823 4254 962 4293 cum
1001 4234 1285 4291 erroribus

1518 624 1977 707 Reprehendunt
2043 629 2149 688 affl
2216 637 2485 709 poetam,

1405 711 1567 793 qued
1606 711 1823 774 horum
1868 733 1973 774 sex
1997 713 2281 784 librorum
2308 735 2488 795 argu-

1401 809 1675 858 mentum
1728 802 1879 860 intra
1940 801 2132 859 bena
2147 819 2215 859 ac
2256 821 2485 885 pugnas

1401 887 1771 954 continetur.
1838 883 1951 944 hao
2006 905 2233 946 rerum.
2253 907 2487 968 semper

1403 965 1480 1026 ad
1503 969 1665 1030 idem
1690 989 1877 1050 genus
1919 969 2289 1032 redeuntium
2312 976 2483 1033 turba

1394 1059 1559 1116 nasci
1599 1058 1845 1136 legentis
1880 1055 2162 1129 taedium.
2244 1059 2483 1120 Scilicet

1395 1143 1477 1200 sic
1534 1143 1609 1202 ab
1668 1145 1833 1202 omni
1898 1145 2229 1202 narratione
2298 1148 2479 1224 epica,

1397 1245 1550 1308 quae
1592 1230 1655 1285 ιιι
1696 1230 1867 1289 rebus
1909 1231 2085 1306 gestis
2140 1233 2367 1306 meg-uis
2412 1249 2479 1289 ac

1389 1314 1753 1373 mirabilibus
1796 1315 2079 1396 factisque
2107 1313 2379 1374 audaciae
2410 1335 2479 1376 ec

1392 1400 1618 1457 virtutis
1672 1397 1941 1459 heroicae
2006 1401 2199 1480 specie
2254 1403 2479 1460 animos

1391 1485 1765 1545 moventibus
1806 1495 2099 1560 versatur,
2148 1486 2257 1547 erit
2299 1487 2480 1546 absti-

1391 1567 1675 1630 nendum.
1774 1573 1929 1632 Nam
1988 1582 2046 1630 et
2100 1589 2319 1650 magna
2391 1583 2477 1632 est

1393 1659 1679 1715 omnium
1716 1655 2067 1732 similitudo,
2147 1667 2212 1714 et·
2260 1675 2478 1744 magna

1391 1757 1599 1800 eorum
1651 1761 1782 1822 pars
1853 1744 2023 1804 rebus
2095 1742 2247 1800 bello
2303 1745 2476 1846 gestis

1391 1831 1758 1886 continetur.
1846 1829 2108 1909 inprimis
2162 1829 2213 1886 si
2276 1826 2349 1885 de
2404 1830 2476 1888 iis

1391 1917 1705 1993 quaeritur,
1736 1933 1887 1996 quae
1904 1924 2318 1994 argumentum
2346 1915 2475 1992 epi·-

1390 2017 1530 2056 cum
1571 1999 1937 2080 suppeditare
1988 2001 2225 2080 possint.
2308 1999 2475 2058 Tum

1389 2080 1573 2155 bello,
1632 2085 1707 2144 ad
1742 2088 1931 2165 ipsam
1970 2084 2339 2144 historiarum
2390 2083 2474 2142 fl-

1389 2169 1561 2246 dem,
1618 2183 1854 2250 paratae
1908 2173 2147 2230 flierunt
2201 2171 2471 2230 Troianis

1383 2255 1551 2316 sedes
1578 2259 1643 2316 in
1668 2259 1872 2332 Lati03
1930 2268 1991 2316 et
2031 2257 2233 2319 variati
2272 2265 2411 2314 sunt
2434 2274 2471 2314 a

1383 2353 1561 2422 poeta
1614 2361 1947 2424 pugnarum
1988 2361 2151 2401 casus
2191 2339 2471 2417 mirifioe3

1386 2429 1565 2486 etiem
1584 2428 1853 2508 episodiis
1880 2431 1995 2488 suis
2026 2426 2297 2488 distincti.
2324 2427 2471 2487 Bel-

1381 2512 1517 2573 lum
1544 2517 1707 2575 aiunt
1748 2524 1987 2610 propter
2012 2513 2289 2594 puellm,
2344 2494 2470 2570 Ae-

1379 2620 1531 2659 neae
1608 2621 1937 2685 numquam
2002 2602 2221 2674 visam,
2304 2600 2467 2677 geri.

1384 2686 1591 2755 Quod
1607 2706 1817 2749 verum
1856 2704 1983 2746 non
2045 2696 2149 2745 eet.
2236 2685 2471 2745 Gen-itm

1383 2770 1605 2829 bellum
1658 2790 1833 2853 super
1875 2772 2269 2831 Troianorum
2310 2768 2469 2827 sedi-

1383 2854 1492 2913 bus
1532 2859 1599 2911 ιιι
1640 2858 1849 2915 Latio:
1906 2856 2131 2915 accedit
2188 2856 2467 2913 Laviniae

1379 2957 1531 3083 {22
1580 3044 1719 3085 cum
1758 2952 1969 3085 ffiuo
2016 2942 2239 3083 dephlfi¹¹
2234 2939 2467 3084 :21ng

1373 3112 1439 3169 in
1507 3112 1677 3170 Latio
1748 3110 2029 3174 concessis
2094 3108 2267 3167 facti:
2338 3108 2462 3187 vll,

1375 3200 1504 3267 260
1546 3218 1635 3279 sq.
1664 3201 1791 3263 267
1835 3218 1924 3279 sq.
1980 3196 2255 3253 Laviniae
2292 3212 2465 3253 amo-

1375 3300 1522 3355 rem,
1570 3284 1804 3365 qualem
1828 3292 2025 3385 nostre
2053 3292 2206 3339 aetas
2232 3280 2459 3359 probat,

1375 3369 1448 3424 ab
1477 3368 1681 3427 Aenea
1722 3368 1931 3427 flustra
1964 3370 2029 3425 ιιι
2070 3365 2303 3425 heroica
2341 3368 2461 3425 vita

1377 3456 1715 3533 exspectari,
1732 3456 1845 3513 alio
1859 3456 1991 3515 loco
2002 3454 2228 3513 monui.
2270 3452 2461 3510 Ama-

1373 3550 1470 3597 tae
1501 3560 1737 3623 quoque
1764 3550 1971 3621 partes,
2018 3539 2213 3620 quales
2240 3538 2459 3595 Mariae

1373 3624 1670 3686 Mediceae
1728 3627 1821 3687 vel
1861 3629 2070 3685 Annae
2104 3625 2455 3699 Ausa-incas,

1373 3728 1440 3768 ea
1514 3724 1703 3773 aetate
1786 3710 1911 3771 dari
1978 3729 2100 3769 non
2166 3715 2455 3789 poterant.

1369 3798 1567 3856 Etiam
1594 3802 1709 3858 icto
1750 3800 1873 3857 iam
1912 3816 2053 3857 cum
2074 3796 2285 3855 Latino
2324 3794 2455 3853 foe-

1371 3881 1511 3943 dere
1538 3902 1763 3944 caussas
1792 3884 1927 3943 belli
1956 3884 2121 3941 aiunt
2148 3878 2453 3957 (Macrobii

1371 3971 1642 4051 exemplo
1686 3970 1810 4029 Set.
1852 3966 1923 4044 V,
1970 3970 2077 4047 17)
2116 3968 2291 4024 nimis
2330 3984 2453 4023 esse

1368 4058 1545 4115 exiles
1574 4072 1641 4115 ao
1682 4066 1915 4113 tenues·
1898 4096 1916 4129 ‚
1974 4072 2236 4125 cervam,
2280 4050 2451 4130 puel-

1369 4142 1462 4204 lae
1492 4142 1708 4201 Silviae
1738 4140 2004 4214 delicias,
2063 4156 2199 4197 casu
2226 4154 2259 4194 a
2292 4138 2450 4195 Tro-

1367 4229 1515 4286 ianis
1544 4243 1791 4286 caesam.
1874 4228 1996 4285 Nec
2022 4234 2221 4283 temen
2249 4238 2448 4279 caussa

203 4319 505 4377 maritimis
579 4332 968 4400 competat-es·
1057 4319 1286 4377 Dicam
1357 4304 1515 4383 haec
1556 4314 1693 4374 belli
1730 4312 1875 4387 fuit,
1919 4310 2055 4385 sed,
2098 4306 2448 4367 exacerbatis

203 4400 450 4462 horrida
488 4399 688 4477 bella,
729 4401 933 4465 dictim
963 4406 1124 4463 acies
1167 4414 1281 4463 etc.
1363 4401 1486 4457 iam
1554 4400 1897 4459 Latinorum
1966 4396 2173 4455 animis
2239 4394 2447 4471 prima,

201 4486 393 4555 v..41
421 4489 528 4555 42

1367 4504 1484 4565 qua
1514 4492 1887 4564 erumperent
1919 4484 2059 4557 irae,
2088 4481 2311 4538 occasio
2340 4478 2447 4553 (cf.

1910 4584 1955 4653 l
1990 4590 2035 4637 ¹⁸¹
2158 4644 2165 4653 .
