3009 5050
448 519 505 568 x!

558 390 711 462 556

1024 383 1131 460 R-
1172 381 1704 459 VIRGILH
1767 379 2322 457 MARONIS
2369 442 2383 454 .

554 573 730 644 Hoc
768 581 1041 642 tamen
1070 563 1339 642 infelix
1368 566 1740 642 miseram
1767 563 2134 642 solabere
2161 578 2574 644 mortem:

556 680 873 750 Aeneae
900 673 1167 768 magni
1194 669 1463 746 dextra
1494 669 1724 748 cadis,

1827 673 2196 770 Increpat
2221 669 2442 746 ultro
2509 675 2517 682 ‘
2673 679 2806 748 830

556 775 1016 852 Cunctantis
1056 774 1355 868 socios'‚
1400 787 1483 850 et
1509 785 1720 850 terra
1749 772 2110 849 sublevat
2139 775 2430 873 ipsum,

558 877 955 975 Sanguine
980 889 1438 977 turpantem
1474 891 1790 952 comtos
1823 875 1928 952 de
1955 899 2188 952 more
2223 876 2588 976 capillos,
2621 949 2626 952 .

655 984 971 1057 Interea
996 979 1315 1079 genitor
1350 979 1705 1056 Tiberini
1735 979 1832 1056 ad
1863 977 2210 1056 fluminis
2237 979 2558 1056 undam

554 1084 902 1164 Volnera
930 1083 1267 1160 siccabat
1291 1078 1670 1184 lymphis,

554 1188 879 1291 ruboris
908 1187 1232 1264 adclinis
1268 1201 1576 1266 trunco,
1681 1186 1968 1266 Procul
2003 1212 2232 1264 aerea
2264 1189 2526 1265 ramis

1725 1108 2176 1185 corpusque
2204 1083 2432 1160 levab
2444 1097 2530 1158 at

2665 1197 2793 1266 835

657 1397 893 1466 (—830.
916 1399 1054 1449 Aen.
1090 1396 1291 1450 dextra
1318 1397 1507 1468 mag-m*
1527 1415 1574 1448 c.
1609 1395 1728 1450 cod.
1762 1395 1904 1447 aonii
1927 1413 1958 1448 a
1999 1396 2072 1448 ud
2111 1397 2252 1447 Cort.
2285 1395 2352 1446 ad
2379 1396 2588 1447 Lucan.
2617 1393 2659 1454 1,
2695 1391 2792 1445 137.

558 1467 709 1532 Wr.)
824 1467 925 1520 831
968 1469 1265 1519 Cunctator
1300 1467 1485 1518 Hamb.
1519 1483 1624 1518 sec.
1729 1465 1833 1518 832
1867 1477 1962 1518 tut
1995 1475 2176 1518 antem
2210 1463 2411 1516 zulich.

2490 1476 2792 1534 turpantem

544 1536 781 1606 pulvere
828 1538 1009 1586 crines
1039 1533 1220 1586 laudat
1266 1535 1444 1590 schol.
1480 1535 1669 1605 Cruqu.
1706 1534 1914 1586 Horatii
1951 1536 2026 1586 lv
2059 1535 2154 1586 od.
2195 1534 2276 1598 13,
2311 1535 2658 1586 confundens
2691 1547 2794 1582 mo-

549 1615 711 1656 nente
736 1607 1027 1656 But-manno
1062 1602 1283 1656 alterum
1312 1605 1484 1658 locum
1507 1604 1606 1656 lib.
1642 1605 1762 1668 XII,
1796 1605 1884 1658 99.
1918 1603 2040 1656 coll.
2077 1604 2210 1656 infra
2249 1621 2322 1656 vs.
2356 1603 2483 1657 844.
2574 1601 2678 1656 833
2699 1619 2787 1652 un-

552 1674 658 1725 das
691 1674 849 1726 etiam
888 1674 974 1724 hic
1008 1689 1110 1724 sec.
1157 1675 1410 1728 Rottend.
1446 1675 1619 1742 Bigot.

1759 1671 1863 1727 834
1909 1672 2138 1726 Iuvabat
2181 1672 2373 1726 Medic.
2413 1675 2579 1725 Rom.
2629 1681 2684 1722 et
2712 1669 2786 1722 alii

548 1741 688 1796 Pier.
725 1751 779 1794 et
812 1742 1007 1804 Heius„
1046 1760 1109 1794 ac
1142 1744 1301 1795 Goth.
1335 1754 1480 1808 tert„
1531 1744 1690 1795 etiam
1722 1751 1849 1796 vett.
1885 1743 2005 1796 edd.
2039 1743 2259 1794 multae:
2309 1741 2476 1812 idque
2531 1741 2786 1812 praefere-

550 1811 645 1863 bat
677 1811 861 1863 Cerda.
930 1813 1026 1862 Est
1058 1821 1232 1864 tamen
1268 1811 1492 1864 otiosum
1517 1813 1621 1865 hoc
1654 1829 1856 1880 corpus
1888 1811 2141 1874 lavabam
2174 1813 2626 1864 accommodatius
2667 1809 2784 1860 alte-

550 1897 685 1932 rum:
722 1879 944 1932 levabat
974 1881 1225 1934 acclinis:
1260 1891 1343 1934 est
1379 1891 1564 1933 ornate
1598 1882 1792 1933 dictum
1827 1899 1924 1950 pro
1961 1881 2267 1935 acclinabat.
2337 1882 2394 1933 Si
2431 1882 2610 1934 altera
2643 1879 2780 1931 lectio

550 1949 882 2001 defendenda
918 1961 1029 2010 est,
1062 1951 1210 2020 aequi
1236 1969 1449 2004 necesse
1486 1961 1569 2004 est
1601 1952 1729 2003 Cod.
1765 1950 1948 2015 Paris„
1981 1952 2070 2020 qui
2104 1951 2494 2018 distinguebat:
2555 1952 2782 2004 Vulnera

550 2016 812 2070 siccabat:
851 2019 1086 2090 {ymphis
1115 2039 1417 2090 corpusque
1450 2017 1699 2084 levabat,
1745 2029 1800 2071 et
1845 2039 1876 2072 a
1911 2038 1979 2072 m.
2013 2038 2120 2076 sec.
2173 2019 2419 2072 Iuvabat.
2515 2023 2680 2072 Recte
2709 2029 2780 2067 ta-

548 2104 669 2139 men
700 2097 880 2140 monet
915 2089 1082 2141 Burm.
1116 2087 1353 2142 siccabat
1386 2089 1620 2160 lymphis
1650 2107 1757 2142 nou
1793 2105 1908 2142 esse
1941 2089 2292 2142 divellendum
2311 2129 2326 2154 ,
2361 2090 2526 2143 Statii
2561 2093 2586 2141 1
2629 2086 2780 2140 Theb.

548 2155 651 2210 527
683 2155 1029 2208 imitationem
1062 2158 1286 2212 docere:
1328 2160 1522 2211 siccati
1547 2161 1785 2211 vulnera
1817 2159 2068 2228 lymphis.
2135 2159 2331 2212 Saltem
2379 2161 2510 2212 inde
2545 2159 2776 2214 disdraus.

547 2226 772 2278 Statium
807 2244 911 2279 nou
946 2228 1101 2280 aliter
1134 2229 1188 2279 in
1223 2229 1440 2281 Marone
1474 2228 1859 2312 interpunxisse
1894 2247 1956 2280 ac
2001 2245 2115 2282 nos.
2185 2229 2326 2297 (vid.
2363 2232 2432 2282 V.
2489 2231 2551 2280 L.
2605 2227 2670 2280 ad
2698 2227 2776 2276 Ge.

547 2295 592 2360 1,
631 2295 750 2349 142.
819 2295 1041 2349 lavabat
1076 2315 1106 2348 e
1144 2299 1305 2351 Paris.
1342 2315 1471 2350 unua
1513 2300 1581 2362 8.,
1617 2299 1754 2350 idern
1791 2297 1847 2349 in
1880 2298 2076 2367 paucis,
2113 2317 2210 2351 nec
2245 2298 2309 2349 iis
2346 2297 2604 2368 optimis,
2648 2295 2776 2346 vido-

546 2373 635 2415 tur
668 2363 927 2418 invenisne
961 2365 1233 2428 Heinsius,
1267 2368 1355 2438 qui
1390 2385 1546 2419 uuum
1579 2369 1737 2421 Voss.
1765 2385 1844 2450 pr.
1879 2368 2178 2419 nominatim
2215 2369 2343 2419 citat
2377 2381 2602 2429 testeum
2636 2367 2772 2417 lava-

548 2431 641 2484 bat
673 2446 845 2486 tamen
880 2437 1037 2488 etiam
1073 2437 1266 2490 Medic.
1300 2437 1438 2508 apud
1471 2437 1720 2505 Foggin.;
1763 2438 1922 2507 idque
1958 2439 2162 2506 recepit
2193 2437 2432 2499 Iahnius;
2496 2439 2595 2490 sed
2627 2451 2773 2504 appa-

544 2511 660 2571 ret,
706 2513 877 2557 ortum
926 2505 1029 2559 hoc
1076 2523 1191 2559 esee
1233 2526 1264 2559 e
1315 2507 1634 2577 praegressis
1676 2505 1920 2561 Volnera
1967 2505 2204 2559 siccabat
2239 2509 2494 2577 lymphis.
2565 2503 2772 2562 servius:

546 2572 921 2639 „Inclinatione
951 2578 1304 2639 recreabat3“
1340 2578 1476 2629 uude
1511 2578 1648 2629 hunc
1683 2594 1896 2647 quoque
1930 2578 2180 2643 levabat,
2230 2578 2373 2647 quod
2409 2578 2574 2631 etiam
2605 2577 2656 2627 in
2687 2576 2768 2624 Pa·

545 2642 637 2695 lat.
673 2654 856 2709 exstat,
906 2644 1097 2715 legisse
1131 2646 1461 2716 intelligitur.
1506 2650 1648 2713 Wr.)
1787 2644 1888 2701 835
1923 2646 2147 2698 acclivis
2179 2658 2232 2699 et
2276 2648 2528 2701 acclivus
2557 2646 2768 2717 plerique

547 2710 704 2767 codd.
740 2722 795 2764 et
828 2724 953 2765 vett.
990 2716 1127 2783 odd„
1176 2727 1232 2769 et
1276 2718 1488 2768 fuerunt
1537 2718 1674 2769 adeo
1720 2715 1820 2767 viri
1853 2714 2028 2780 docti,
2093 2715 2337 2769 Valesius
2371 2726 2428 2768 et
2460 2718 2659 2779 Gerda,
2697 2712 2768 2781 qui

544 2782 785 2835 vitiosam
812 2782 1095 2839 lectionem
1126 2786 1488 2839 defenderent.
1558 2785 1784 2839 acclinis
1819 2784 1903 2837 vel
1933 2785 2169 2840 adclinis
2190 2787 2452 2853 meliores,
2491 2790 2640 2840 Rom.
2664 2784 2763 2836 Me-

544 2974 782 3021 rentum
808 2962 1109 3023 Manibus
1136 2974 1193 3021 et
1216 2965 1428 3034 cineri,
1471 2961 1534 3021 h.
1569 2984 1624 3021 e.
1711 2964 1856 3026 826.
1915 2964 2152 3043 colligas
2167 3010 2182 3039 ,
2248 2966 2622 3027 manifestum
2677 2970 2758 3017 esf·

543 3047 621 3107 ad
646 3050 974 3129 sepulcrum
1004 3052 1290 3131 patrium,
1334 3059 1401 3107 ut
1440 3059 1499 3107 te
1529 3050 1654 3133 ing

540 3132 765 3209 ferant3
805 3137 862 3192 εἰ
886 3157 1013 3214 qua
1042 3147 1225 3203 ennea
1250 3156 1440 3205 cum,
1476 3136 1624 3193 sim-

540 3220 921 3299 plicissimum
962 3234 1045 3281 est
1058 3268 1077 3297 ‚
1136 3223 1259 3281 sive
1312 3220 1390 3280 ad
1430 3222 1622 3299 ipsum

538 3306 798 3364 Lausum
825 3326 1059 3366 caesum
1086 3306 1232 3365 haec
1259 3308 1413 3365 inter
1430 3317 1622 3365 cetera

540 3390 787 3451 referre:
832 3396 882 3451 si
909 3392 1087 3451 modo
1116 3403 1183 3451 tu
1210 3390 1321 3451 hoo
1352 3412 1546 3468 curas,
1575 3396 1624 3451 si

538 3496 775 3537 sensum
816 3476 987 3538 huius
1021 3480 1105 3536 rei
1130 3476 1343 3553 habes;
1382 3480 1503 3537 sive
1547 3477 1626 3537 ad

540 3582 673 3639 eos,
724 3583 976 3644 quorum
1020 3582 1088 3621 ea
1124 3583 1263 3621 cura
1292 3584 1413 3623 esse
1442 3563 1625 3623 debe-

542 3648 675 3723 bat3
718 3660 785 3706 ut
804 3650 909 3707 sit:
954 3652 1187 3707 remitto
1228 3660 1287 3708 te
1330 3651 1427 3723 iis,
1488 3654 1626 3732 qui-—

540 3732 649 3791 bus
678 3752 747 3791 ea
774 3754 913 3792 cura
952 3744 1073 3809 est3
1117 3732 1179 3793 h.
1210 3756 1264 3794 e.
1309 3738 1518 3816 quibus
1561 3735 1626 3795 id

540 3837 713 3876 curae
756 3829 843 3877 est
858 3862 875 3891 ‚
933 3830 1000 3878 ut
1036 3830 1099 3879 te
1148 3822 1444 3901 recipiant.
1502 3821 1622 3881 vid.

537 3904 672 3961 Var.
699 3906 863 3963 Lect.
922 3904 1046 3982 (Si
1080 3926 1206 3985 qua
1230 3916 1315 3965 eat
1346 3928 1417 3965 ea
1453 3928 1621 3983 eura,

544 3988 620 4045 Si
666 3988 823 4067 quid
858 3990 931 4049 id
973 4002 1090 4066 est,
1148 4003 1260 4050 eet.
1300 3993 1622 4052 locutiones

538 4085 672 4133 sunt
705 4076 965 4136 multum
1008 4078 1405 4157 frequentatae
1444 4080 1505 4135 in
1549 4080 1619 4138 iis

424 4217 433 4227 ,
534 4162 739 4236 rebus,
801 4164 1011 4243 quibus
1048 4162 1315 4221 homines
1368 4167 1622 4244 pretium

536 4247 799 4329 aliquod,
855 4250 949 4307 vel
996 4251 1183 4308 maius
1196 4294 1212 4321 ,
1269 4250 1363 4307 vel
1406 4252 1620 4325 minus,

542 4344 794 4393 statuere
814 4336 1021 4396 solent.
1104 4338 1230 4393 lam
1261 4333 1337 4393 ad
1362 4338 1622 4394 Lausum

542 4416 688 4479 haec
714 4424 1005 4502 pertinere
1019 4469 1035 4496 ,
1090 4420 1251 4505 quod
1276 4424 1371 4484 vel
1417 4442 1492 4481 ex
1537 4442 1620 4483 vs.

1707 3049 1859 3104 Nam
1887 3050 2208 3128 plurimum
2263 3050 2326 3109 id
2355 3055 2632 3112 curabant
2656 3048 2760 3105 ani-

1707 3152 1840 3191 mae
1865 3146 2250 3211 mortuorum,
2277 3148 2344 3195 ut
2372 3158 2580 3219 corpus
2605 3148 2756 3195 terrae

1705 3218 2100 3281 mandaretur.
2217 3226 2420 3304 Itaque
2461 3244 2586 3283 non
2633 3226 2756 3283 erat,

1706 3304 1867 3385 quod
1921 3316 2052 3365 tum
2108 3309 2350 3390 quidem
2405 3314 2591 3369 maius
2641 3303 2755 3363 dare

1705 3391 1933 3451 Aeneas
1959 3396 2151 3453 Lauso
2179 3406 2399 3475 posset3
2430 3406 2752 3478 quamqualn

1707 3478 1830 3535 eius
1858 3480 2034 3559 ipsius
2056 3483 2314 3541 muneris
2339 3485 2590 3560 pretium
2617 3485 2754 3535 exte·

1706 3574 1852 3621 nnat
1895 3562 1956 3623 h.
1995 3565 2038 3625 1.
2065 3586 2172 3645 per
2199 3568 2296 3625 illa
2335 3568 2510 3627 verba
2535 3569 2746 3627 Aenea-⁴⁵2

1707 3658 1776 3706 ut
1817 3668 1888 3706 ea
1923 3653 2156 3710 exsistat
2198 3655 2515 3713 sententia:
2559 3672 2594 3732 q
2613 3642 2752 3707 uid·-

1709 3735 1908 3814 quid
1961 3758 2010 3795 s.
2069 3746 2748 3821 quantumcumque

1711 3818 1792 3878 id
1819 3840 1852 3877 e
1874 3832 1959 3881 st.
2009 3822 2188 3901 Wr.)
2273 3828 2420 3890 832.
2465 3832 2670 3883 comto-⁹
2692 3812 2748 3871 de

1706 3924 1868 3963 more
1893 3910 2269 3969 Etruscorum
2285 3926 2305 3967 τ
2347 3910 2506 3991 quod
2535 3928 2605 3967 ex
2627 3901 2744 3961 vasis

1705 3992 1946 4073 aliisque
1986 3997 2383 4055 monumentis
2429 3992 2740 4070 intelligitur.

1789 4082 1935 4143 838.
2007 4080 2324 4161 Sequentia
2367 4080 2443 4140 de
2495 4073 2743 4139 mezentio

1707 4176 2013 4245 tamquam
2039 4167 2104 4223 in
2131 4166 2328 4225 tabula
2347 4166 2596 4227 exhibita
2617 4165 2740 4221 sunt·

1705 4252 2044 4309 Declaratur
2083 4253 2248 4311 locus
2261 4298 2279 4327 ,
2343 4255 2555 4333 positus
2571 4298 2586 4327 ,
2623 4243 2741 4304 ⁸⁰¹1⁰

1707 4338 1850 4417 ipsa.
1937 4338 2154 4397 Similis
2183 4339 2346 4397 locus
2373 4338 2537 4398 Iliad.
2561 4358 2618 4411 ε,
2641 4328 2739 4395 692

1705 4442 1867 4505 seqq.
1898 4422 1972 4481 de
1987 4422 2346 4504 Sarpedone.
2390 4424 2628 4483 vulnera
2639 4414 2740 4473 ’θ’θ’
