3009 5050
573 411 719 482 152
1119 395 2016 476 EXCURSUS
2121 395 2247 472 IV

567 595 640 656 tis
667 591 866 652 alienis
893 589 1260 672 opinionibus
1277 635 1294 666 ,
1337 602 1405 650 nt
1441 589 1853 669 Lupercalium
1878 587 2023 646 ritus
2052 586 2288 666 arreptis
2316 585 2527 646 sabulis
2554 585 2635 645 de
2664 587 2827 646 Pane
2940 607 2942 618 ·

570 678 944 740 Graecorum.

739 761 1012 821 Tandem
1041 769 1256 840 quarto
1299 763 1430 820 loco
1459 761 1667 840 ineptis
1694 768 1755 819 et
1781 759 1971 836 pravis
2000 757 2367 838 etymologiis
2394 757 2665 834 turbat-ae
2692 769 2827 816 sunt

569 848 838 908 historiae
867 849 1138 930 antiquae
1165 849 1364 906 Italiae
1394 847 1522 926 plus
1552 861 1732 926 quam
1760 841 1917 902 credi
1944 853 2153 922 potest.
2238 845 2368 900 Hoc
2412 840 2663 922 quidem
2701 853 2825 900 stu-

529 990 537 999 ,
573 933 740 995 dium
763 944 982 992 veteres
1011 951 1100 990 res
1129 953 1196 990 ac
1222 933 1366 992 ritus
1395 950 1472 990 ax
1495 931 1811 990 nominum
1840 929 2062 1007 origine
2102 927 2521 1008 interpretandi
2535 972 2551 1001 ,
2596 930 2825 1008 ipsam-

477 1011 485 1018 ¹
571 1039 686 1104 que
715 1019 860 1078 adeo
887 1017 1202 1078 verborum
1227 1018 1515 1098 on‘ginen
1542 1012 1957 1092 investigandi,
1998 1015 2119 1072 iam
2146 1015 2297 1072 inter
2326 1013 2578 1072 Graecos
2608 1033 2823 1093 parum

569 1102 646 1163 ad
673 1107 950 1164 sermonis
977 1102 1237 1162 indolem
1264 1113 1322 1160 et
1349 1103 1793 1180 grammaticam
1818 1101 2107 1158 rationem
2129 1099 2243 1160 fuit
2279 1107 2627 1172 motatum,
2668 1102 2825 1158 inter

567 1193 860 1250 Romanos
889 1200 1088 1248 autem
1113 1191 1266 1248 intra
1305 1205 1499 1246 meros
1542 1203 1825 1246 sonorum
1866 1186 2025 1244 lusus
2065 1186 2349 1260 substititr,
2396 1183 2555 1266 quod
2596 1205 2635 1241 e
2675 1187 2825 1244 var-

567 1295 710 1336 rone
723 1321 740 1351 ‚
799 1277 1020 1334 Catone
1036 1319 1053 1350 ,
1111 1275 1392 1333 Cicerone
1431 1283 1489 1330 et
1532 1273 1657 1330 aliis
1708 1269 1931 1330 infinita
1975 1271 2380 1349 exemplorum
2420 1269 2587 1350 copia
2630 1267 2825 1346 docet,

565 1373 632 1420 ut
661 1363 1188 1422 Grammaticorum
1215 1360 1516 1418 volumina
1556 1367 1800 1416 taceam.
1884 1355 2111 1414 Eadem
2158 1375 2246 1417 res
2284 1355 2421 1434 ipsis
2460 1353 2719 1414 historiis
2770 1367 2827 1414 et

565 1447 770 1506 fabulis
815 1465 1008 1505 noxae
1045 1443 1154 1502 fuit
1169 1489 1186 1519 ,
1243 1443 1386 1502 dum
1445 1459 1541 1501 eas
1601 1463 1677 1500 ex
1734 1444 2045 1500 nominum
2098 1443 2411 1520 originibus
2459 1443 2825 1520 interpretati

566 1535 736 1591 variis
759 1529 952 1590 modis
981 1531 1400 1610 interpolarunt
1425 1539 1649 1586 veteres
1677 1529 1997 1606 scriptores.
2082 1527 2160 1586 Ut
2186 1526 2435 1584 Umbros
2477 1527 2647 1606 quasi
2676 1527 2827 1586 Om-

556 1614 718 1691 brios
749 1615 928 1674 dictos
949 1659 966 1690 ‚
1011 1613 1278 1674 Thuscos
1307 1635 1340 1674 a
1365 1612 1626 1675 sacrifico
1656 1615 1770 1670 ritu
1800 1611 1981 1672 dictos
2000 1657 2016 1686 ,
2062 1621 2121 1670 et
2160 1613 2367 1670 similia
2396 1615 2705 1672 omittam:
2754 1613 2825 1671 de

567 1701 976 1778 Aboriginibus
1007 1717 1185 1780 quam
1213 1699 1402 1758 multa
1425 1701 1513 1760 illi
1538 1699 1857 1756 commenti
1882 1708 2016 1758 sunt
2045 1718 2120 1755 ex
2147 1700 2305 1756 vocis
2332 1694 2509 1758 sono!
2580 1699 2823 1758 Latium

568 1804 603 1845 a
651 1785 885 1844 latendo
929 1803 1067 1844 cum
1109 1783 1438 1860 duxissent,
1498 1803 1647 1866 quae
1700 1803 1823 1842 non
1884 1786 2288 1862 excogitarunt
2348 1783 2414 1842 in
2470 1801 2603 1842 eam
2658 1783 2823 1842 rem!

569 1872 720 1928 Hinc
749 1869 895 1950 fuga
917 1871 1154 1933 Saturni
1181 1873 1241 1928 in
1271 1872 1500 1930 Italiam
1530 1881 1587 1926 et
1614 1870 1884 1928 latebrae.
1972 1870 2143 1930 Anna
2170 1871 2436 1926 Perenna
2472 1870 2539 1926 in
2575 1869 2827 1930 Didonis

566 1973 827 2016 sororem
855 1965 1078 2015 mutata
1119 1966 1178 2013 et
1217 1954 1492 2036 Nympha
1532 1955 1787 2012 Numicii
1832 1957 1933 2014 illa
1976 1955 2127 2014 facta
2145 1999 2161 2027 ,
2222 1973 2361 2012 cum
2402 1951 2509 2012 dea
2550 1967 2707 2014 esset
2750 1977 2825 2014 ex

562 2039 899 2120 indigetum
937 2056 1184 2103 numero
1201 2085 1217 2116 ,
1283 2051 1342 2100 et
1401 2038 1559 2099 haud
1602 2037 1779 2100 dubie
1818 2042 1956 2100 anni
2008 2042 2171 2098 initia
2228 2039 2415 2098 fausta
2473 2037 2824 2119 designaret.

567 2128 724 2186 conf.
753 2127 1010 2184 Macrob.
1035 2128 1065 2183 1
1095 2128 1218 2185 Sat.
1253 2131 1334 2192 12
1359 2126 1629 2186 Ianuario
1659 2159 1744 2170 —
1773 2137 1836 2186 et
1847 2123 2099 2203 publice
2130 2135 2185 2182 et
2210 2125 2513 2202 privatim
2550 2126 2645 2184 ad
2672 2127 2826 2184 An-

567 2232 715 2269 nam
744 2213 1086 2270 Pet-ennam
1113 2211 1525 2286 sacr-ficamus
1568 2213 1695 2268 itur
1708 2233 1733 2282 ;
1777 2221 1847 2268 ut
1892 2231 2125 2270 annam
2154 2229 2604 2290 peretum-eque
2656 2233 2826 2270 com-

567 2297 740 2354 mode
780 2296 976 2354 liceat.
1083 2295 1278 2355 Ardea
1293 2342 1310 2370 ‚
1373 2298 1727 2357 Rutulorum
1768 2294 1905 2356 urbs
1920 2341 1937 2370 ‚
1994 2315 2215 2354 nomen
2267 2292 2487 2355 habens
2528 2317 2675 2356 cnm
2714 2317 2827 2356 ave

567 2381 742 2440 ardea
769 2401 1084 2440 commune
1097 2426 1114 2456 ,
1157 2383 1417 2443 fabulam
1461 2379 1770 2440 absurdam
1807 2383 2032 2460 peperit
2071 2384 2192 2440 avis
2234 2401 2312 2440 ex
2354 2383 2511 2440 urbis
2548 2386 2827 2442 incensae

567 2467 854 2527 cineribus
883 2479 1104 2529 enatae.
1145 2467 1266 2530 vid.
1307 2465 1477 2527 Ovid.
1505 2467 1646 2524 Met.
1676 2467 1832 2541 XIV,
1864 2465 2010 2533 674.
2040 2465 2186 2533 580.
2270 2467 2499 2526 Virbius
2543 2465 2717 2529 beros
2760 2472 2825 2528 in

565 2554 952 2635 Hippolytum
1025 2552 1282 2612 deflexus
1359 2555 1525 2635 quasi
1594 2552 1683 2613 bis
1754 2554 1844 2611 vir
1916 2564 1975 2613 et
2027 2556 2181 2612 vitae
2236 2551 2493 2613 redditus
2548 2555 2628 2613 ib.
2690 2558 2825 2631 XV,

563 2637 690 2703 497
744 2660 812 2718 sq
855 2680 872 2697 .

733 2658 930 2783 hl‘ilsse
959 2726 1080 2781 iam
1117 2728 1271 2785 inter
1315 2726 1567 2785 Graecos
1608 2726 1909 2805 scriptores
1949 2722 2229 2783 Dioclem
2274 2724 2713 2803 Peparethum
2766 2739 2825 2783 et

563 2810 736 2885 alios,
795 2812 896 2893 qui
935 2810 1266 2869 Italicarum
1305 2812 1541 2871 urbium
1594 2811 1842 2891 origines
1882 2807 2041 2867 hunc
2080 2812 2145 2867 in
2184 2810 2433 2871 modum
2468 2812 2825 2890 interpreta—

561 2906 793 2971 rentur,
839 2895 1050 2955 docent
1080 2899 1350 2976 exempla
1377 2895 1534 2975 apud
1563 2898 1805 2975 Dionys.
1836 2896 1937 2953 lib.
1965 2898 2011 2968 Ι,
2044 2895 2125 2959 34
2157 2916 2245 2977 sq.
2289 2896 2373 2961 49
2400 2916 2529 2977 sqq.
2577 2902 2665 2961 72
2692 2918 2827 2979 sqq.

559 2983 700 3041 Esse
726 2984 790 3039 in
819 2980 907 3041 his
937 2982 1267 3061 Scyimium
1306 2981 1529 3040 videbis
1572 2983 1637 3039 in
1678 2984 1799 3039 eius
1844 2982 2101 3039 carmine
2140 3002 2227 3040 vs.
2268 2982 2417 3047 225.
2499 2984 2570 3039 In
2610 2984 2829 3041 Paral-

559 3068 686 3125 lelis
713 3064 1030 3123 Plutarcho
1060 3067 1285 3127 tributis
1312 3084 1563 3143 maguus
1594 3084 1801 3123 eornm
1825 3084 2107 3125 numerus
2129 3064 2426 3141 laudatur,
2472 3070 2575 3147 qui
2615 3068 2829 3129 Italica

559 3148 1959 3298 ..mmwhssfflmfflr
1988 3150 2415 3319 mh„
2442 3154 2828 3297 03333

2400 3260 2419 3295 1
2717 3260 2833 3298 ‹re-

557 3254 772 3391 silausl,2
818 3278 1179 3380 Aris'tobulus
1195 3366 1214 3396 ‚
1267 3281 1603 3384 Alexander
1646 3256 2003 3403 P01}histg1y·3
2060 3282 2201 3381 cuin
2244 3320 2333 3382 his
2374 3258 2611 3383 Xlelnion
2662 3286 2831 3405 agad

557 3404 819 3461 Macrob.
861 3406 890 3460 I
934 3405 1057 3461 Sat.
1103 3409 1164 3469 9.
1249 3406 1421 3465 Adde
1459 3404 1555 3467 his
1601 3426 1731 3481 eos,
1778 3410 1881 3487 qui
1922 3408 2285 3488 Tyrrhenica
2333 3411 2713 3488 scripserant,
2754 3423 2831 3471 ut

549 3490 872 3549 Sostratus.
961 3489 1176 3547 Omnes
1215 3488 1323 3549 hos
1369 3494 1617 3549 Graecas
1660 3492 1881 3551 fabulas
1924 3496 1989 3553 in
2036 3496 2265 3553 Italiam
2310 3496 2667 3555 transtulisse
2714 3517 2831 3577 ap-

557 3584 759 3654 paret,
819 3592 922 3633 seu
985 3576 1259 3653 opinione
1323 3576 1462 3633 falsa
1528 3574 1830 3655 deceptos,
1902 3598 2006 3637 seu
2080 3600 2259 3659 pravo
2324 3580 2517 3639 studio
2588 3580 2831 3641 ductos.

563 3659 818 3718 Omnino
847 3660 1026 3717 serius
1055 3657 1131 3716 ad
1161 3661 1415 3719 Graecos
1460 3662 1791 3721 Italicarum
1833 3683 2027 3721 rerum
2065 3669 2271 3723 notitia
2296 3668 2504 3747 paullo
2540 3668 2833 3727 luciden-

561 3747 675 3803 tior
701 3746 984 3824 pervenit.
1069 3746 1222 3802 Nam
1253 3749 1428 3805 etiam
1452 3748 1555 3804 illo
1581 3759 1873 3826 tempore,
1926 3768 2043 3831 quo
2072 3752 2283 3811 Graeci
2323 3753 2565 3813 navibus
2616 3756 2833 3813 ltaliae

557 3831 751 3889 littora
793 3828 1238 3911 frequentabant
1283 3842 1384 3890 aut
1428 3833 1668 3891 Graecia
1709 3836 1923 3912 Magna
1964 3836 2286 3896 civitatibus
2326 3838 2557 3897 Graecis
2600 3851 2831 3918 poten-—

557 3914 714 3975 tibus
743 3914 1013 3988 florebat,
1051 3918 1348 3975 interiores
1375 3927 1577 3976 tamen
1604 3930 1781 3979 terras
1807 3923 1981 3998 pauci
2006 3920 2210 3980 adiisse
2239 3920 2528 3983 videnum.
2606 3926 2833 4009 Itaque
2952 3938 2954 3975 Ξ

491 4062 522 4081 d
556 4000 886 4079 fragmenta
903 4044 920 4075 ,
980 4019 1130 4081 quae
1175 4022 1250 4059 ex
1288 4005 1486 4082 priscis
1531 4005 1763 4063 Graecis
1803 4006 2171 4084 scriptoribus
2219 4027 2375 4067 nova
2410 4029 2587 4089 super
2625 4014 2831 4070 Roma

563 4096 622 4143 et
652 4096 850 4143 vetere
878 4087 1041 4145 Italia
1069 4086 1238 4145 affert
1263 4090 1464 4167 primis
1505 4089 1568 4145 in
1606 4091 1763 4148 libris
1802 4092 2111 4172 Dionysius
2126 4136 2143 4167 ,
2184 4094 2393 4151 miram
2432 4092 2687 4175 prodere
2732 4100 2835 4157 vi·-

561 4168 779 4230 dentur
803 4172 1090 4229 inscitiam
1120 4171 1418 4257 doctisque
1443 4172 1777 4234 hominibus
1804 4196 2035 4257 prorsus
2060 4177 2385 4255 indignam.

749 4255 996 4314 Fabulas
1024 4269 1250 4317 -autem
1305 4278 1478 4339 super
1531 4261 1739 4320 Italicis
1781 4261 2353 4342 rebuS.procudendi
2392 4264 2743 4325 facultatem
2772 4279 2839 4327 et

555 4342 859 4399 materiam
901 4342 1132 4401 Graecis
1169 4346 1418 4422 ingeniis
1457 4348 1724 4427 praebuit
1768 4349 2029 4426 inprimis
2072 4350 2261 4429 primo
2303 4352 2568 4409 Herculis
2617 4354 2839 4431 profe-

554 4428 670 4486 ctio
697 4446 836 4485 cum
863 4428 1154 4511 Geryonis
1183 4432 1456 4489 armentis
1485 4450 1593 4511 per
1617 4432 1846 4491 Italiam
1884 4433 2038 4493 facta
2082 4432 2266 4510 (conf.
2310 4435 2587 4515 Apollod.
2630 4441 2717 4515 ΙΙ,
2768 4442 2843 4517 5,
