3009 5050
1074 221 1095 258 ἱ

510 415 659 484 652
995 409 1073 482 P.
1129 407 1664 483 VIRGILII
1713 406 2268 484 MARONIS

509 589 703 667 Tela
737 614 978 665 manu
1012 593 1169 668 iam
1202 606 1378 668 tum
1407 589 1683 668 tenera
1723 591 2053 693 puerilia
2085 593 2331 686 torsit,

503 697 605 772 Et
632 690 967 768 fundam
1008 697 1240 772 tereti
1284 697 1582 772 circum
1629 713 1860 796 caput
1897 697 2052 792 egit
2079 696 2415 790 habena,

506 799 1202 902 Strymoniamque
1278 823 1598 899 gruem,
1681 813 1814 875 aut
1877 799 2148 906 album
2219 799 2505 875 deiecit
2573 800 2755 874 olo-

1657 928 1854 979 rem.
2545 929 2552 934 ·
2597 913 2752 982 580

500 1005 793 1082 Multae
822 1003 1033 1081 illam
1063 1005 1351 1085 frustra
1393 1005 1804 1108 Tyrrhena
1841 1030 1987 1106 per
2022 1005 2317 1105 oppida
2345 1017 2643 1081 matres

502 1110 904 1212 Optavere
938 1135 1253 1192 nurum.
1362 1113 1546 1189 Sola
1580 1123 1951 1185 contenta
1976 1110 2248 1203 Diana,

494 1219 936 1312 Aeternum
969 1214 1313 1292 telorum
1353 1230 1433 1292 et
1464 1213 1920 1313 virginitatis
1951 1237 2308 1287 amorem

496 1307 975 1394 Intenierata
1007 1321 1216 1397 colit.
1318 1319 1633 1400 Vellem
1681 1315 1897 1392 haud
1929 1330 2310 1417 conrepta
2361 1310 2644 1390 fuisset

492 1419 766 1497 Militia
796 1421 965 1518 tali,
1022 1436 1300 1498 conata
1332 1421 1715 1498 lacessere
1755 1425 2143 1496 Teucros:
2585 1427 2740 1496 585

496 1527 690 1616 Cara
720 1526 919 1608 mihi
952 1529 1499 1627 comitumque
1527 1525 1739 1601 soret
1765 1548 1980 1599 nunc
2013 1547 2171 1599 una
2204 1545 2592 1598 mearum.

491 1630 793 1705 Verum
838 1651 1015 1726 age,
1072 1630 1731 1730 quandoquidem
1771 1625 1949 1704 fatis
1995 1638 2382 1724 urguetur
2411 1621 2737 1720 acerbiS‚

489 1731 830 1827 Labere‚
874 1733 1274 1834 Nympha,
1327 1734 1565 1834 pole,
1619 1731 1962 1834 finisque
1993 1731 2238 1806 invise
2271 1729 2614 1824 Latium,

626 1920 727 1986 (—
766 1918 885 1973 579.
933 1925 1117 1994 exeg‘t
1160 1925 1311 1974 Rom.
1383 1923 1542 1989 [Vr.)
1683 1921 1783 1976 581
1837 1923 2056 1974 Multae
2108 1923 2217 1974 iam
2271 1937 2314 1972 a.
2374 1935 2480 1969 sec.
2537 1919 2731 1968 Moret.

485 1985 589 2040 583
616 2007 665 2039 v.
701 1989 957 2042 honorem
989 2008 1069 2060 pr.
1094 1991 1307 2054 Moret.,
1357 2003 1410 2043 et
1445 1993 1619 2056 ipsum
1651 2007 1753 2041 non
1791 1991 1942 2044 male.
2011 1991 2117 2043 Sed
2157 1990 2335 2042 colere
2363 2004 2626 2052 amorem,
2678 1999 2734 2038 ut

483 2057 692 2121 fovere,
724 2075 959 2110 servare:
995 2061 1223 2111 studium
1246 2077 1507 2113 armorum
1543 2071 1598 2112 et
1623 2059 1950 2130 virginitatis.
2073 2059 2176 2114 584
2205 2069 2469 2126 corrupta
2493 2057 2692 2109 vratisl
2715 2096 2732 2122 ,

482 2142 777 2193 perperam.
845 2132 1049 2201 corripi
1084 2131 1308 2195 militia,
1344 2130 1600 2199 exquisite
1627 2147 1724 2197 pro
1756 2129 1982 2198 vulgari,
2019 2129 2214 2198 corripi
2257 2127 2517 2195 cupidine,
2554 2127 2730 2179 undio

482 2195 711 2248 militiae.
782 2197 1020 2261 (Vellem
1041 2218 1137 2250 -τ
1176 2199 1358 2270 [στοις
1418 2210 1631 2252 revocat
1667 2199 1772 2250 hoc
1807 2200 1862 2250 in
1891 2200 2192 2250 memoriam
2226 2197 2392 2248 Carm.
2425 2197 2490 2246 ΙΙ.
2517 2197 2730 2257 Catum,

480 2266 652 2332 qnod,
686 2267 910 2333 epodosi
949 2287 979 2318 a
1007 2286 1081 2320 vs.
1118 2271 1199 2322 11.
1238 2269 1520 2334 inchoata,
1559 2269 1634 2321 ita
1667 2269 2140 2338 interpungendum
2187 2266 2570 2334 legendumque
2599 2265 2728 2316 mibi

478 2334 687 2387 videtur
712 2354 789 2387 vs.
822 2336 873 2390 5.
914 2355 1053 2406 ⁸qq.:
1101 2341 1309 2402 „Quom
1344 2339 1608 2390 desiderio
1647 2355 1762 2390 meo
1803 2339 1996 2390 nitenti
2037 2337 2220 2388 Carum
2259 2336 2435 2386 nescio
2480 2335 2606 2404 qnid
2639 2336 2726 2386 ln—

478 2403 571 2454 bet
606 2404 787 2470 iocari,
822 2409 913 2468 (Et
939 2407 1237 2460 solatiolum
1272 2410 1350 2460 sui
1382 2408 1584 2461 doloris
1613 2409 1808 2471 Credo,
1861 2419 1917 2460 ut
1951 2425 2054 2475 quo
2091 2406 2262 2474 gravis
2296 2404 2590 2473 acquiescat
2633 2423 2725 2455 ar-

476 2472 614 2543 dor)
653 2477 849 2528 Tecum
906 2475 1122 2544 ludere,
1184 2479 1319 2531 sicut
1355 2479 1497 2549 ipsa,
1548 2495 1758 2549 possem
1805 2480 1872 2530 Et
1921 2475 2086 2529 tristis
2127 2475 2284 2528 animi
2327 2475 2502 2527 levare
2543 2491 2720 2526 curas:

476 2544 607 2595 Tam
653 2556 855 2612 gratnm
900 2547 1026 2598 mihi
1042 2552 1074 2578 “
1122 2562 1219 2601 cet.
1274 2550 1338 2601 cf.
1377 2554 1442 2613 Q.
1476 2552 1546 2603 V.
1573 2550 1814 2604 XXXX.
1865 2549 1918 2601 9.
1956 2558 2086 2598 extr.
2137 2547 2280 2613 Wr.)
2421 2544 2526 2597 686
2577 2550 2722 2597 Cura

474 2614 606 2666 mihi
646 2618 806 2669 Goth.
846 2626 989 2681 tert,
1032 2617 1319 2683 elegantius
1354 2620 1593 2686 vulgat03
1658 2618 1752 2670 sed
1799 2618 1888 2668 isti
1937 2615 2108 2668 codici
2163 2632 2268 2666 non
2310 2625 2510 2665 tantum
2555 2614 2718 2667 tribui

476 2696 678 2752 potest,
715 2695 773 2736 ut
808 2686 1015 2752 vulgata
1048 2698 1295 2738 mutetur.
1365 2689 1576 2740 Tribuit
1604 2698 1778 2739 tamen
1820 2686 1869 2738 οἱ
1911 2686 2014 2737 hoc
2053 2685 2285 2748 Wakef„
2323 2694 2378 2735 ut
2417 2684 2472 2733 in
2507 2701 2718 2735 carmen

471 2755 751 2822 reciperet.
824 2758 1115 2817 (Donat-as:
1152 2757 1244 2819 „si
1282 2756 1421 2819 hoc,'
1465 2757 1666 2827 inquit,
1715 2772 1821 2807 non
1863 2756 2109 2819 fecisset,
2157 2762 2337 2821 posset
2381 2752 2550 2804 adhuc
2587 2753 2716 2804 mihi

471 2842 590 2875 cara
622 2836 676 2876 et
716 2842 889 2878 comes
931 2842 1045 2877 esso
1090 2844 1203 2877 cum
1240 2830 1489 2879 ceteris.·‘
1561 2828 1782 2878 Videtur
1821 2835 2012 2895 poeta,
2059 2824 2201 2892 quod
2253 2825 2407 2873 etiam
2447 2822 2715 2874 Donatum

471 2895 693 2947 oensisse
724 2894 1001 2963 probabile
1044 2905 1153 2957 est,
1188 2895 1514 2963 significare,
1557 2914 1670 2947 cnm
1700 2905 1870 2946 morte
1898 2895 2074 2964 perire
2107 2894 2376 2945 caritatem
2414 2902 2468 2942 et
2507 2892 2714 2943 caritati

468 2972 668 3015 tantum
700 2982 823 3031 erga
852 2964 996 3015 vivos
1046 2982 1161 3016 esse
1202 2965 1401 3027 locum5
1452 2982 1514 3017 ac
1549 2966 1625 3017 sic
1665 2966 1784 3026 fiet,
1830 2974 1890 3015 nt
1925 2966 2024 3015 hoc
2059 2982 2192 3015 cara
2213 2960 2429 3031 soret
2462 2978 2572 3013 non
2619 2980 2712 3013 re-

468 3045 667 3101 pugnet
689 3035 859 3087 versui
897 3034 1038 3099 537„
1073 3051 1175 3103 quo
1210 3034 1377 3085 Diana
1414 3036 1630 3087 eandem
1684 3052 1895 3086 caram
1942 3033 2085 3084 sibi
2135 3042 2290 3083 ante
2339 3030 2520 3083 alias
2556 3032 2710 3082 dixe-

466 3114 563 3154 rat.
632 3104 747 3156 Hoc
782 3107 898 3173 ipse
930 3104 1219 3164 tenuerim3
1270 3122 1579 3173 quamquam
1614 3121 1722 3154 non
1763 3102 2022 3167 mirabor,
2071 3102 2117 3153 si
2153 3102 2268 3171 quis
2303 3116 2453 3150 unam
2489 3112 2712 3152 oenten-

465 3170 606 3231 tiam,
641 3192 776 3225 cara
823 3174 953 3225 mihi
994 3192 1139 3225 nunc
1174 3192 1351 3226 come-5
1374 3174 1566 3243 soret,
1616 3173 1670 3223 in
1713 3172 1840 3223 duas
1867 3182 2073 3238 partes,
2109 3190 2244 3224 cata
2271 3170 2404 3221 mihi
2433 3180 2500 3220 σε
2535 3188 2708 3222 comes

451 3242 641 3312 soret,
681 3254 888 3310 poetam
928 3240 1276 3306 dispescuisse
1308 3252 1521 3296 statuat.
1591 3248 1736 3294 Cura
1769 3242 1976 3293 videtur
2015 3250 2214 3292 tantum
2249 3240 2439 3290 tollere
2473 3240 2704 3292 difficul-

462 3318 653 3373 tatem,
713 3329 818 3362 non
855 3329 974 3361 vere
1020 3312 1178 3365 tollit.
1236 3314 1378 3381 Wr.)
1517 3310 1620 3368 587
1671 3314 1734 3364 V.
1767 3330 1819 3363 a.
1862 3328 2012 3365 nunc
2053 3326 2362 3381 quanquam
2389 3306 2442 3377 f
2485 3310 2581 3359 Ed.
2622 3326 2702 3378 pr.

461 3380 635 3433 Burin.
705 3381 927 3449 quando
968 3384 1210 3449 equidem
1249 3384 1400 3433 Rom.
1472 3394 1743 3453 urgentur
1779 3382 1980 3449 Hagen.
2027 3389 2083 3429 et
2117 3396 2196 3449 pr.
2239 3381 2430 3429 Moret.
2466 3397 2497 3430 a
2525 3396 2592 3431 m.
2619 3396 2699 3447 pr.

458 3467 719 3570 11:533:
756 3449 887 3569 οἶ-ἷῗὲι
928 3449 1354 3589 ῗῖ-,ῗῖωαῖἓῗῖἒὶ
1397 3452 1657 3571 ῗῖἰὲἰεῖἰὶ
1695 3450 1883 3590 Ρῇἳὲἒὲἶ.
1909 3450 2698 3586 ⁸¹²⁹2222²A;.³⁸?112¹1¹.¹3530'103'¹22

722 3556 737 3581 9
892 3556 905 3569 ι
1426 3559 1437 3570 ⁴
1661 3558 1675 3573 ο
1908 3548 1975 3558 ““““
2595 3552 2608 3566 ·
2663 3555 2668 3559 ’

457 3587 640 3643 Heius.
686 3606 801 3639 cum
832 3588 989 3639 Goth.
1022 3598 1142 3641 tert.
1180 3589 1338 3657 (adde
1362 3590 1413 3644 3.
1442 3591 1492 3643 9.
1523 3592 1625 3655 11.,
1663 3608 1724 3641 ex
1755 3588 2223 3657 interpretatione,
2265 3598 2355 3640 aut
2395 3604 2455 3637 ex
2481 3588 2542 3649 ΙΙ,
2573 3586 2695 3640 257.

457 3654 627 3709 aliove
670 3656 825 3708 simili
864 3656 1005 3709 loco.
1045 3662 1188 3727 Wr.)
1260 3660 1401 3712 conf.
1432 3678 1546 3730 sup.
1576 3660 1644 3712 ad
1687 3658 1782 3710 lib.
1824 3661 1863 3726 1,
1899 3659 2018 3713 668.
2135 3656 2236 3711 588
2263 3658 2444 3709 invisa
2475 3656 2624 3709 Rom.

1612 3843 1660 3915 Ι,
1689 3837 1816 3905 478
1847 3858 1934 3920 sq.
2033 3833 2202 3895 Adde
2241 3833 2478 3893 Pindar.
2517 3833 2689 3914 Pyth.

454 3834 692 3914 tigridis
720 3834 967 3893 eximias
990 3847 1410 3895 commemorat
1438 3836 1533 3897 di-

450 3922 681 3999 gnitafis
710 3941 936 3994 caussa3
980 3942 1087 3980 nec
1136 3944 1412 4004 quaerere
1454 3924 1532 3981 li-

450 4018 573 4082 cet,
617 4005 773 4064 unde
814 4006 1088 4086 fugitivus
1127 4011 1391 4067 Metabus
1436 4030 1530 4068 eas

448 4094 702 4157 nancisci
728 4094 997 4173 potuerit.
1084 4094 1230 4159 580.
1262 4095 1531 4171 Strymo-

449 4183 617 4237 m'am
637 4198 855 4258 gruem
873 4202 891 4235 .·
924 4200 982 4236 v.
1011 4198 1137 4258 sup.
1170 4182 1275 4237 Ge.
1304 4183 1352 4253 1,
1386 4182 1527 4242 120.

448 4266 593 4330 581.
625 4264 870 4325 Multae
895 4263 1091 4322 illam.
1182 4264 1351 4323 Idem
1392 4284 1526 4323 ora-

445 4351 613 4410 tionis
642 4352 803 4411 color
822 4372 951 4431 sup.
979 4352 1080 4409 lib.
1094 4352 1218 4425 VII,
1236 4350 1337 4417 54.
1366 4352 1526 4409 Lau-

442 4432 539 4494 dat
568 4436 751 4495 Cerda
781 4437 948 4499 ovid.
966 4440 1105 4497 Met.
1128 4440 1227 4515 111,
1252 4438 1373 4505 353
1394 4458 1524 4519 sqq.

1614 3928 1720 4000 IX,
1757 3928 1877 3989 188
1893 3944 2020 4005 sqq.
2050 3923 2257 3982 Catuu.
2291 3924 2484 3979 Cann.
2513 3924 2687 3999 Nupt.

1615 4012 1701 4075 42
1741 4030 1904 4091 seqq.
1949 4011 2050 4089 qui
2099 4010 2406 4088 praeivisse
2465 4007 2688 4066 videtur

1615 4099 1678 4155 in
1707 4094 1827 4154 his:
1875 4094 2071 4153 Multi
2096 4093 2275 4151 illum
2300 4095 2498 4170 pueri,
2529 4092 2686 4151 mul-

1614 4192 1710 4239 lae
1757 4192 2034 4259 optavere
2062 4178 2312 4257 puellae
2325 4224 2343 4253 ‚
2412 4178 2485 4236 de
2527 4180 2682 4237 flore.

1627 4266 1932 4345 Zyrrlzena
1951 4284 2069 4343 per
2093 4266 2339 4344 oppida.
2395 4266 2682 4325 Amaseno

1610 4356 1845 4412 traiecto
1871 4352 2135 4411 Metabus
2161 4351 2238 4410 ad
2253 4352 2682 4430 Campanorum

1609 4438 1751 4499 fines
1778 4437 2053 4498 accedere
2105 4437 2336 4499 debuit:
2381 4438 2492 4499 hos
2531 4438 2684 4495 inse—
