<?xml version="1.0" encoding="UTF-8"?>
<!DOCTYPE html PUBLIC "-//W3C//DTD XHTML 1.0 Transitional//EN"
    "http://www.w3.org/TR/xhtml1/DTD/xhtml1-transitional.dtd">
<html xmlns="http://www.w3.org/1999/xhtml" xml:lang="en" lang="en">
 <head>
  <title>
</title>
<meta http-equiv="Content-Type" content="text/html;charset=utf-8" />
  <meta name='ocr-system' content='tesseract 3.04.00' />
  <meta name='ocr-capabilities' content='ocr_page ocr_carea ocr_par ocr_line ocrx_word'/>
</head>
<body>
  <div class='ocr_page' id='page_1' title='image "./pvblivsvirgiliv00unkngoog_0670.png"; bbox 0 0 3009 5050; ppageno 0'>
   <div class='ocr_carea' id='block_1_1' title="bbox 798 391 2524 473">
    <p class='ocr_par' dir='ltr' id='par_1_1' title="bbox 798 391 2524 473">
     <span class='ocr_line' id='line_1_1' title="bbox 798 391 2524 473; baseline 0.002 -4"><span class='ocrx_word' id='word_1_1' title='bbox 798 395 986 471; x_wconf 83' lang='lat' dir='ltr'><strong>AI)</strong></span> <span class='ocrx_word' id='word_1_2' title='bbox 1088 391 1746 470; x_wconf 85' lang='lat' dir='ltr'>LIBRUM</span> <span class='ocrx_word' id='word_1_3' title='bbox 1846 392 1971 469; x_wconf 88' lang='lat' dir='ltr'><strong>x1</strong></span> <span class='ocrx_word' id='word_1_4' title='bbox 2379 401 2524 473; x_wconf 83' lang='lat'><strong>701</strong></span> 
     </span>
    </p>
   </div>
   <div class='ocr_carea' id='block_1_2' title="bbox 272 582 2534 1778">
    <p class='ocr_par' dir='ltr' id='par_1_2' title="bbox 272 582 2534 1778">
     <span class='ocr_line' id='line_1_2' title="bbox 279 582 2534 668; baseline 0 -22"><span class='ocrx_word' id='word_1_5' title='bbox 279 583 429 646; x_wconf 83' lang='lat' dir='ltr'><strong>chio</strong></span> <span class='ocrx_word' id='word_1_6' title='bbox 456 585 520 644; x_wconf 88' lang='lat' dir='ltr'><strong>in</strong></span> <span class='ocrx_word' id='word_1_7' title='bbox 546 587 780 664; x_wconf 78' lang='lat' dir='ltr'><strong>Fragm.</strong></span> <span class='ocrx_word' id='word_1_8' title='bbox 807 607 869 668; x_wconf 86' lang='lat' dir='ltr'><strong>p.</strong></span> <span class='ocrx_word' id='word_1_9' title='bbox 896 584 980 653; x_wconf 79' lang='lat'><strong>45</strong></span> <span class='ocrx_word' id='word_1_10' title='bbox 1011 587 1193 646; x_wconf 82' lang='lat' dir='ltr'><strong>Tom.</strong></span> <span class='ocrx_word' id='word_1_11' title='bbox 1219 586 1278 644; x_wconf 92' lang='lat'><strong>11</strong></span> <span class='ocrx_word' id='word_1_12' title='bbox 1326 585 1542 664; x_wconf 79' lang='lat' dir='ltr'><strong>Geogr.</strong></span> <span class='ocrx_word' id='word_1_13' title='bbox 1583 583 1776 646; x_wconf 67' lang='lat' dir='ltr'><strong>nmis&gt;</strong></span> <span class='ocrx_word' id='word_1_14' title='bbox 1807 587 1872 646; x_wconf 91' lang='lat' dir='ltr'><strong>it.</strong></span> <span class='ocrx_word' id='word_1_15' title='bbox 1901 582 2184 666; x_wconf 65' lang='lat' dir='ltr'><strong>Antigoni</strong></span> <span class='ocrx_word' id='word_1_16' title='bbox 2213 585 2276 644; x_wconf 88' lang='lat' dir='ltr'><strong>in</strong></span> <span class='ocrx_word' id='word_1_17' title='bbox 2303 583 2534 646; x_wconf 83' lang='lat' dir='ltr'><strong>Admir.</strong></span> 
     </span>
     <span class='ocr_line' id='line_1_3' title="bbox 278 668 2528 752; baseline -0.001 -20"><span class='ocrx_word' id='word_1_18' title='bbox 278 695 333 732; x_wconf 90' lang='lat' dir='ltr'><strong>c.</strong></span> <span class='ocrx_word' id='word_1_19' title='bbox 375 671 499 738; x_wconf 78' lang='lat'><strong>134</strong></span> <span class='ocrx_word' id='word_1_20' title='bbox 538 668 660 752; x_wconf 88' lang='lat' dir='ltr'><strong>(ed.</strong></span> <span class='ocrx_word' id='word_1_21' title='bbox 700 671 1023 732; x_wconf 81' lang='lat' dir='ltr'><strong>Beckmau.</strong></span> <span class='ocrx_word' id='word_1_22' title='bbox 1062 693 1125 752; x_wconf 88' lang='lat' dir='ltr'><strong>p.</strong></span> <span class='ocrx_word' id='word_1_23' title='bbox 1155 669 1333 748; x_wconf 80' lang='lat'><strong>236.)</strong></span> <span class='ocrx_word' id='word_1_24' title='bbox 1388 681 1446 730; x_wconf 84' lang='lat' dir='ltr'><strong>et</strong></span> <span class='ocrx_word' id='word_1_25' title='bbox 1483 672 1638 731; x_wconf 87' lang='lat' dir='ltr'><strong>Plin.</strong></span> <span class='ocrx_word' id='word_1_26' title='bbox 1667 675 1758 746; x_wconf 91' lang='lat' dir='ltr'><strong>X,</strong></span> <span class='ocrx_word' id='word_1_27' title='bbox 1803 671 1909 735; x_wconf 85' lang='lat'><strong>41.</strong></span> <span class='ocrx_word' id='word_1_28' title='bbox 1953 672 2029 730; x_wconf 82' lang='lat' dir='ltr'><strong>cf.</strong></span> <span class='ocrx_word' id='word_1_29' title='bbox 2072 669 2148 730; x_wconf 88' lang='lat' dir='ltr'><strong>de</strong></span> <span class='ocrx_word' id='word_1_30' title='bbox 2189 669 2300 730; x_wconf 87' lang='lat' dir='ltr'><strong>hac</strong></span> <span class='ocrx_word' id='word_1_31' title='bbox 2341 673 2528 732; x_wconf 86' lang='lat' dir='ltr'><strong>insula</strong></span> 
     </span>
     <span class='ocr_line' id='line_1_4' title="bbox 274 753 2534 837; baseline -0.001 -18"><span class='ocrx_word' id='word_1_32' title='bbox 274 759 615 819; x_wconf 80' lang='lat' dir='ltr'><strong>Vauvilliers</strong></span> <span class='ocrx_word' id='word_1_33' title='bbox 642 760 819 818; x_wconf 86' lang='lat' dir='ltr'><strong>Notas</strong></span> <span class='ocrx_word' id='word_1_34' title='bbox 848 757 927 818; x_wconf 87' lang='lat' dir='ltr'><strong>ad</strong></span> <span class='ocrx_word' id='word_1_35' title='bbox 940 757 1218 837; x_wconf 87' lang='lat' dir='ltr'><strong>Sophocl.</strong></span> <span class='ocrx_word' id='word_1_36' title='bbox 1248 759 1327 816; x_wconf 91' lang='grc' dir='ltr'><strong>Τ.</strong></span> <span class='ocrx_word' id='word_1_37' title='bbox 1348 759 1423 830; x_wconf 90' lang='lat'><strong>11,</strong></span> <span class='ocrx_word' id='word_1_38' title='bbox 1450 777 1513 837; x_wconf 93' lang='lat' dir='ltr'><strong>p.</strong></span> <span class='ocrx_word' id='word_1_39' title='bbox 1557 760 1660 822; x_wconf 87' lang='lat'><strong>61.</strong></span> <span class='ocrx_word' id='word_1_40' title='bbox 1704 759 1974 816; x_wconf 88' lang='lat' dir='ltr'><strong>Tertium</strong></span> <span class='ocrx_word' id='word_1_41' title='bbox 1999 758 2187 816; x_wconf 90' lang='lat' dir='ltr'><strong>simile</strong></span> <span class='ocrx_word' id='word_1_42' title='bbox 2213 753 2304 816; x_wconf 82' lang='lat' dir='ltr'><strong>his</strong></span> <span class='ocrx_word' id='word_1_43' title='bbox 2333 759 2534 829; x_wconf 79' lang='lat' dir='ltr'><strong>avium</strong></span> 
     </span>
     <span class='ocr_line' id='line_1_5' title="bbox 276 841 2534 924; baseline -0 -21"><span class='ocrx_word' id='word_1_44' title='bbox 276 863 461 924; x_wconf 86' lang='lat' dir='ltr'><strong>genus</strong></span> <span class='ocrx_word' id='word_1_45' title='bbox 488 843 739 904; x_wconf 86' lang='lat' dir='ltr'><strong>nobilius</strong></span> <span class='ocrx_word' id='word_1_46' title='bbox 766 845 916 904; x_wconf 84' lang='lat' dir='ltr'><strong>forte</strong></span> <span class='ocrx_word' id='word_1_47' title='bbox 946 846 1147 903; x_wconf 89' lang='lat' dir='ltr'><strong>ceteris</strong></span> <span class='ocrx_word' id='word_1_48' title='bbox 1187 843 1297 901; x_wconf 85' lang='lat' dir='ltr'><strong>fuit</strong></span> <span class='ocrx_word' id='word_1_49' title='bbox 1326 841 1781 921; x_wconf 69' lang='lat' dir='ltr'><strong>Meleagridum</strong></span> <span class='ocrx_word' id='word_1_50' title='bbox 1795 889 1812 919; x_wconf 92' lang='lat'><strong>,</strong></span> <span class='ocrx_word' id='word_1_51' title='bbox 1871 842 1948 903; x_wconf 86' lang='lat' dir='ltr'><strong>ad</strong></span> <span class='ocrx_word' id='word_1_52' title='bbox 1983 843 2282 902; x_wconf 88' lang='lat' dir='ltr'><strong>tumulum</strong></span> <span class='ocrx_word' id='word_1_53' title='bbox 2307 845 2534 902; x_wconf 84' lang='lat' dir='ltr'><strong>Melea-</strong></span> 
     </span>
     <span class='ocr_line' id='line_1_6' title="bbox 276 925 2530 1010; baseline 0 -22"><span class='ocrx_word' id='word_1_54' title='bbox 276 933 369 1009; x_wconf 81' lang='lat' dir='ltr'><strong>g&#39;ri</strong></span> <span class='ocrx_word' id='word_1_55' title='bbox 392 933 457 988; x_wconf 89' lang='lat' dir='ltr'><strong>in</strong></span> <span class='ocrx_word' id='word_1_56' title='bbox 497 931 726 989; x_wconf 80' lang='lat' dir='ltr'><strong>Aetolia</strong></span> <span class='ocrx_word' id='word_1_57' title='bbox 752 930 1039 989; x_wconf 80' lang='lat' dir='ltr'><strong>visarum:</strong></span> <span class='ocrx_word' id='word_1_58' title='bbox 1088 928 1161 988; x_wconf 91' lang='lat' dir='ltr'><strong>de</strong></span> <span class='ocrx_word' id='word_1_59' title='bbox 1212 929 1422 1010; x_wconf 88' lang='lat' dir='ltr'><strong>quibus</strong></span> <span class='ocrx_word' id='word_1_60' title='bbox 1466 949 1526 986; x_wconf 77' lang='lat' dir='ltr'><strong>v.</strong></span> <span class='ocrx_word' id='word_1_61' title='bbox 1555 927 1784 988; x_wconf 89' lang='lat' dir='ltr'><strong>Aelian.</strong></span> <span class='ocrx_word' id='word_1_62' title='bbox 1813 930 1890 988; x_wconf 82' lang='grc' dir='ltr'><strong>Η.</strong></span> <span class='ocrx_word' id='word_1_63' title='bbox 1918 930 1994 987; x_wconf 83' lang='lat' dir='ltr'><strong>A.</strong></span> <span class='ocrx_word' id='word_1_64' title='bbox 2022 930 2122 1004; x_wconf 86' lang='lat' dir='ltr'><strong>IV,</strong></span> <span class='ocrx_word' id='word_1_65' title='bbox 2165 925 2269 1004; x_wconf 83' lang='lat'><strong>42,</strong></span> <span class='ocrx_word' id='word_1_66' title='bbox 2317 930 2422 989; x_wconf 83' lang='lat' dir='ltr'><strong>ubi</strong></span> <span class='ocrx_word' id='word_1_67' title='bbox 2449 929 2530 990; x_wconf 80' lang='lat' dir='ltr'><strong>cf·</strong></span> 
     </span>
     <span class='ocr_line' id='line_1_7' title="bbox 278 1012 2532 1095; baseline -0.002 -18"><span class='ocrx_word' id='word_1_68' title='bbox 278 1014 601 1077; x_wconf 76' lang='lat' dir='ltr'><strong>Schneider</strong></span> <span class='ocrx_word' id='word_1_69' title='bbox 628 1027 688 1074; x_wconf 86' lang='lat' dir='ltr'><strong>et</strong></span> <span class='ocrx_word' id='word_1_70' title='bbox 714 1017 997 1076; x_wconf 83' lang='lat' dir='ltr'><strong>Antonin.</strong></span> <span class='ocrx_word' id='word_1_71' title='bbox 1026 1012 1415 1095; x_wconf 84' lang='lat' dir='ltr'><strong>Metamorph.</strong></span> <span class='ocrx_word' id='word_1_72' title='bbox 1446 1035 1499 1072; x_wconf 91' lang='lat' dir='ltr'><strong>c.</strong></span> <span class='ocrx_word' id='word_1_73' title='bbox 1529 1019 1592 1078; x_wconf 78' lang='lat'><strong>2.</strong></span> <span class='ocrx_word' id='word_1_74' title='bbox 1675 1015 1956 1091; x_wconf 81' lang='lat' dir='ltr'><strong>Antigon.</strong></span> <span class='ocrx_word' id='word_1_75' title='bbox 1986 1015 2208 1094; x_wconf 83' lang='lat' dir='ltr'><strong>Caryst.</strong></span> <span class='ocrx_word' id='word_1_76' title='bbox 2253 1035 2306 1073; x_wconf 92' lang='lat' dir='ltr'><strong>c.</strong></span> <span class='ocrx_word' id='word_1_77' title='bbox 2341 1021 2442 1079; x_wconf 91' lang='lat'><strong>11.</strong></span> <span class='ocrx_word' id='word_1_78' title='bbox 2475 1025 2532 1074; x_wconf 90' lang='lat' dir='ltr'><strong>et</strong></span> 
     </span>
     <span class='ocr_line' id='line_1_8' title="bbox 276 1099 2533 1184; baseline -0.001 -22"><span class='ocrx_word' id='word_1_79' title='bbox 276 1103 359 1162; x_wconf 91' lang='lat' dir='ltr'><strong>ibi</strong></span> <span class='ocrx_word' id='word_1_80' title='bbox 381 1099 727 1176; x_wconf 64' lang='lat' dir='ltr'><strong>Beckmnm„</strong></span> <span class='ocrx_word' id='word_1_81' title='bbox 760 1103 865 1184; x_wconf 86' lang='lat' dir='ltr'><strong>qui</strong></span> <span class='ocrx_word' id='word_1_82' title='bbox 889 1100 1173 1162; x_wconf 88' lang='lat' dir='ltr'><strong>iudicium</strong></span> <span class='ocrx_word' id='word_1_83' title='bbox 1218 1119 1422 1158; x_wconf 81' lang='lat' dir='ltr'><strong>eorum</strong></span> <span class='ocrx_word' id='word_1_84' title='bbox 1452 1099 1720 1174; x_wconf 79' lang='lat' dir='ltr'><strong>firmavit,</strong></span> <span class='ocrx_word' id='word_1_85' title='bbox 1751 1101 1852 1180; x_wconf 87' lang='lat' dir='ltr'><strong>qui</strong></span> <span class='ocrx_word' id='word_1_86' title='bbox 1884 1119 1976 1158; x_wconf 90' lang='lat' dir='ltr'><strong>eas</strong></span> <span class='ocrx_word' id='word_1_87' title='bbox 2005 1120 2126 1158; x_wconf 85' lang='lat' dir='ltr'><strong>esse</strong></span> <span class='ocrx_word' id='word_1_88' title='bbox 2155 1109 2392 1158; x_wconf 86' lang='lat' dir='ltr'><strong>censent</strong></span> <span class='ocrx_word' id='word_1_89' title='bbox 2417 1119 2533 1159; x_wconf 87' lang='lat' dir='ltr'><strong>no-</strong></span> 
     </span>
     <span class='ocr_line' id='line_1_9' title="bbox 274 1186 2530 1265; baseline -0.002 -17"><span class='ocrx_word' id='word_1_90' title='bbox 274 1197 418 1248; x_wconf 75' lang='lat' dir='ltr'><strong>stras</strong></span> <span class='ocrx_word' id='word_1_91' title='bbox 460 1186 832 1262; x_wconf 67' lang='lat' dir='ltr'><strong>Perlhz‘lner,</strong></span> <span class='ocrx_word' id='word_1_92' title='bbox 876 1187 1193 1246; x_wconf 75' lang='lat' dir='ltr'><strong>Pintadea.</strong></span> <span class='ocrx_word' id='word_1_93' title='bbox 1235 1206 1294 1244; x_wconf 82' lang='lat' dir='ltr'><strong>v.</strong></span> <span class='ocrx_word' id='word_1_94' title='bbox 1341 1186 1566 1244; x_wconf 82' lang='lat' dir='ltr'><strong>Plinius</strong></span> <span class='ocrx_word' id='word_1_95' title='bbox 1594 1186 1674 1258; x_wconf 80' lang='lat' dir='ltr'><strong>X,</strong></span> <span class='ocrx_word' id='word_1_96' title='bbox 1701 1187 1785 1250; x_wconf 80' lang='lat'><strong>26</strong></span> <span class='ocrx_word' id='word_1_97' title='bbox 1813 1205 1862 1244; x_wconf 88' lang='lat' dir='ltr'><strong>s.</strong></span> <span class='ocrx_word' id='word_1_98' title='bbox 1893 1187 1995 1249; x_wconf 86' lang='grc'><strong>37.</strong></span> <span class='ocrx_word' id='word_1_99' title='bbox 2019 1188 2122 1250; x_wconf 82' lang='grc'><strong>38.</strong></span> <span class='ocrx_word' id='word_1_100' title='bbox 2146 1204 2288 1265; x_wconf 85' lang='lat' dir='ltr'><strong>quas</strong></span> <span class='ocrx_word' id='word_1_101' title='bbox 2314 1188 2530 1244; x_wconf 85' lang='lat' dir='ltr'><strong>iterum</strong></span> 
     </span>
     <span class='ocr_line' id='line_1_10' title="bbox 276 1271 2532 1351; baseline -0.001 -19"><span class='ocrx_word' id='word_1_102' title='bbox 276 1295 355 1332; x_wconf 86' lang='lat' dir='ltr'><strong>ex</strong></span> <span class='ocrx_word' id='word_1_103' title='bbox 382 1273 611 1332; x_wconf 85' lang='lat' dir='ltr'><strong>Africae</strong></span> <span class='ocrx_word' id='word_1_104' title='bbox 656 1271 1107 1332; x_wconf 86' lang='lat' dir='ltr'><strong>occidentalibus</strong></span> <span class='ocrx_word' id='word_1_105' title='bbox 1149 1275 1263 1331; x_wconf 88' lang='lat' dir='ltr'><strong>oris</strong></span> <span class='ocrx_word' id='word_1_106' title='bbox 1302 1273 1365 1328; x_wconf 85' lang='lat' dir='ltr'><strong>in</strong></span> <span class='ocrx_word' id='word_1_107' title='bbox 1392 1273 1693 1351; x_wconf 87' lang='lat' dir='ltr'><strong>Europam</strong></span> <span class='ocrx_word' id='word_1_108' title='bbox 1721 1280 2095 1350; x_wconf 77' lang='lat' dir='ltr'><strong>apportarunt</strong></span> <span class='ocrx_word' id='word_1_109' title='bbox 2125 1271 2331 1329; x_wconf 81' lang='lat' dir='ltr'><strong>Franci</strong></span> <span class='ocrx_word' id='word_1_110' title='bbox 2359 1271 2532 1330; x_wconf 86' lang='lat' dir='ltr'><strong>Saec.</strong></span> 
     </span>
     <span class='ocr_line' id='line_1_11' title="bbox 274 1353 2532 1438; baseline -0.001 -20"><span class='ocrx_word' id='word_1_111' title='bbox 274 1361 435 1418; x_wconf 87' lang='lat' dir='ltr'><strong>XIV.</strong></span> <span class='ocrx_word' id='word_1_112' title='bbox 518 1361 920 1417; x_wconf 80' lang='lat' dir='ltr'><strong>Exornaverat</strong></span> <span class='ocrx_word' id='word_1_113' title='bbox 962 1359 1225 1416; x_wconf 87' lang='lat' dir='ltr'><strong>fabulam</strong></span> <span class='ocrx_word' id='word_1_114' title='bbox 1260 1359 1324 1416; x_wconf 87' lang='lat' dir='ltr'><strong>in</strong></span> <span class='ocrx_word' id='word_1_115' title='bbox 1371 1355 1690 1436; x_wconf 76' lang='lat' dir='ltr'><strong>Meleagro</strong></span> <span class='ocrx_word' id='word_1_116' title='bbox 1731 1375 1836 1415; x_wconf 89' lang='lat' dir='ltr'><strong>suo</strong></span> <span class='ocrx_word' id='word_1_117' title='bbox 1883 1353 2235 1436; x_wconf 87' lang='lat' dir='ltr'><strong>Sophocles,</strong></span> <span class='ocrx_word' id='word_1_118' title='bbox 2293 1353 2367 1415; x_wconf 90' lang='lat' dir='ltr'><strong>de</strong></span> <span class='ocrx_word' id='word_1_119' title='bbox 2409 1373 2532 1438; x_wconf 89' lang='lat' dir='ltr'><strong>quo</strong></span> 
     </span>
     <span class='ocr_line' id='line_1_12' title="bbox 274 1441 2534 1521; baseline -0.002 -16"><span class='ocrx_word' id='word_1_120' title='bbox 274 1467 335 1505; x_wconf 77' lang='lat' dir='ltr'><strong>v.</strong></span> <span class='ocrx_word' id='word_1_121' title='bbox 364 1446 519 1504; x_wconf 90' lang='lat' dir='ltr'><strong>Plin.</strong></span> <span class='ocrx_word' id='word_1_122' title='bbox 548 1446 833 1503; x_wconf 84' lang='lat' dir='ltr'>XXXVII</span> <span class='ocrx_word' id='word_1_123' title='bbox 860 1464 909 1503; x_wconf 89' lang='lat' dir='ltr'><strong>s.</strong></span> <span class='ocrx_word' id='word_1_124' title='bbox 943 1447 1042 1517; x_wconf 92' lang='lat'><strong>11,</strong></span> <span class='ocrx_word' id='word_1_125' title='bbox 1078 1449 1135 1506; x_wconf 87' lang='lat'><strong>1.</strong></span> <span class='ocrx_word' id='word_1_126' title='bbox 1222 1445 1495 1518; x_wconf 71' lang='lat' dir='ltr'><strong>Tertium</strong></span> <span class='ocrx_word' id='word_1_127' title='bbox 1535 1461 1721 1521; x_wconf 86' lang='lat' dir='ltr'><strong>genus</strong></span> <span class='ocrx_word' id='word_1_128' title='bbox 1757 1442 2086 1500; x_wconf 82' lang='lat' dir='ltr'><strong>fabulosum</strong></span> <span class='ocrx_word' id='word_1_129' title='bbox 2127 1450 2213 1499; x_wconf 86' lang='lat' dir='ltr'><strong>est</strong></span> <span class='ocrx_word' id='word_1_130' title='bbox 2257 1441 2534 1500; x_wconf 83' lang='lat' dir='ltr'><strong>Memno-</strong></span> 
     </span>
     <span class='ocr_line' id='line_1_13' title="bbox 273 1528 2533 1602; baseline -0.002 -12"><span class='ocrx_word' id='word_1_131' title='bbox 273 1530 485 1590; x_wconf 88' lang='lat' dir='ltr'><strong>nidum</strong></span> <span class='ocrx_word' id='word_1_132' title='bbox 531 1533 731 1589; x_wconf 80' lang='lat' dir='ltr'><strong>avium</strong></span> <span class='ocrx_word' id='word_1_133' title='bbox 776 1550 852 1588; x_wconf 83' lang='lat' dir='ltr'><strong>ex</strong></span> <span class='ocrx_word' id='word_1_134' title='bbox 910 1532 1104 1588; x_wconf 86' lang='lat' dir='ltr'><strong>cinere</strong></span> <span class='ocrx_word' id='word_1_135' title='bbox 1152 1529 1483 1587; x_wconf 84' lang='lat' dir='ltr'><strong>Memnonis</strong></span> <span class='ocrx_word' id='word_1_136' title='bbox 1527 1530 1918 1602; x_wconf 82' lang='lat' dir='ltr'><strong>evolantium3</strong></span> <span class='ocrx_word' id='word_1_137' title='bbox 1974 1537 2248 1586; x_wconf 85' lang='lat' dir='ltr'><strong>notarum</strong></span> <span class='ocrx_word' id='word_1_138' title='bbox 2303 1528 2398 1586; x_wconf 81' lang='lat' dir='ltr'><strong>vel</strong></span> <span class='ocrx_word' id='word_1_139' title='bbox 2456 1545 2533 1586; x_wconf 83' lang='lat' dir='ltr'><strong>ex</strong></span> 
     </span>
     <span class='ocr_line' id='line_1_14' title="bbox 275 1611 2532 1698; baseline -0.001 -23"><span class='ocrx_word' id='word_1_140' title='bbox 275 1616 447 1676; x_wconf 75' lang='lat' dir='ltr'><strong>ovid.</strong></span> <span class='ocrx_word' id='word_1_141' title='bbox 476 1619 617 1675; x_wconf 79' lang='lat' dir='ltr'><strong>Met.</strong></span> <span class='ocrx_word' id='word_1_142' title='bbox 647 1618 808 1690; x_wconf 88' lang='lat' dir='ltr'>XIII,</span> <span class='ocrx_word' id='word_1_143' title='bbox 838 1615 965 1680; x_wconf 86' lang='lat'><strong>576</strong></span> <span class='ocrx_word' id='word_1_144' title='bbox 991 1635 1081 1697; x_wconf 90' lang='lat' dir='ltr'><strong>sq.</strong></span> <span class='ocrx_word' id='word_1_145' title='bbox 1122 1635 1182 1676; x_wconf 75' lang='lat' dir='ltr'><strong>v.</strong></span> <span class='ocrx_word' id='word_1_146' title='bbox 1212 1616 1439 1674; x_wconf 85' lang='lat' dir='ltr'><strong>Aelian.</strong></span> <span class='ocrx_word' id='word_1_147' title='bbox 1470 1616 1548 1672; x_wconf 86' lang='lat' dir='ltr'><strong>H.</strong></span> <span class='ocrx_word' id='word_1_148' title='bbox 1577 1615 1652 1674; x_wconf 89' lang='lat' dir='ltr'><strong>A.</strong></span> <span class='ocrx_word' id='word_1_149' title='bbox 1681 1614 1750 1689; x_wconf 87' lang='lat' dir='ltr'><strong>V,</strong></span> <span class='ocrx_word' id='word_1_150' title='bbox 1802 1618 1859 1677; x_wconf 89' lang='lat'><strong>1.</strong></span> <span class='ocrx_word' id='word_1_151' title='bbox 1901 1613 2146 1686; x_wconf 77' lang='lat' dir='ltr'><strong>Quintus</strong></span> <span class='ocrx_word' id='word_1_152' title='bbox 2172 1614 2247 1689; x_wconf 87' lang='lat'><strong>11,</strong></span> <span class='ocrx_word' id='word_1_153' title='bbox 2277 1611 2402 1679; x_wconf 83' lang='lat'><strong>569</strong></span> <span class='ocrx_word' id='word_1_154' title='bbox 2441 1633 2532 1698; x_wconf 88' lang='lat' dir='ltr'><strong>sq.</strong></span> 
     </span>
     <span class='ocr_line' id='line_1_15' title="bbox 272 1699 807 1778; baseline 0.004 -19"><span class='ocrx_word' id='word_1_155' title='bbox 272 1701 547 1762; x_wconf 83' lang='lat' dir='ltr'><strong>Moschus</strong></span> <span class='ocrx_word' id='word_1_156' title='bbox 572 1703 673 1778; x_wconf 90' lang='lat'><strong>111,</strong></span> <span class='ocrx_word' id='word_1_157' title='bbox 702 1699 807 1764; x_wconf 82' lang='lat'><strong>44.</strong></span> 
     </span>
    </p>
   </div>
   <div class='ocr_carea' id='block_1_3' title="bbox 268 1852 2603 4249">
    <p class='ocr_par' dir='ltr' id='par_1_3' title="bbox 268 1852 2603 4249">
     <span class='ocr_line' id='line_1_16' title="bbox 452 1852 2532 1936; baseline -0.002 -20"><span class='ocrx_word' id='word_1_158' title='bbox 452 1858 749 1916; x_wconf 80' lang='lat' dir='ltr'><strong>Habemus</strong></span> <span class='ocrx_word' id='word_1_159' title='bbox 777 1855 1083 1917; x_wconf 79' lang='lat' dir='ltr'><strong>Benedicti</strong></span> <span class='ocrx_word' id='word_1_160' title='bbox 1125 1854 1500 1916; x_wconf 83' lang='lat' dir='ltr'><strong>Cochorellae</strong></span> <span class='ocrx_word' id='word_1_161' title='bbox 1542 1853 1990 1936; x_wconf 82' lang='lat' dir='ltr'><strong>descriptionem</strong></span> <span class='ocrx_word' id='word_1_162' title='bbox 2024 1852 2246 1912; x_wconf 86' lang='lat' dir='ltr'><strong>insulae</strong></span> <span class='ocrx_word' id='word_1_163' title='bbox 2289 1854 2532 1912; x_wconf 83' lang='lat' dir='ltr'><strong>Tremi-</strong></span> 
     </span>
     <span class='ocr_line' id='line_1_17' title="bbox 275 1935 2531 2024; baseline -0.002 -22"><span class='ocrx_word' id='word_1_164' title='bbox 275 1952 449 2002; x_wconf 86' lang='lat' dir='ltr'><strong>tanae</strong></span> <span class='ocrx_word' id='word_1_165' title='bbox 477 1945 539 2000; x_wconf 87' lang='lat' dir='ltr'><strong>in</strong></span> <span class='ocrx_word' id='word_1_166' title='bbox 569 1943 875 2003; x_wconf 84' lang='lat' dir='ltr'><strong>Thesauro</strong></span> <span class='ocrx_word' id='word_1_167' title='bbox 902 1945 1103 2001; x_wconf 87' lang='lat' dir='ltr'><strong>Italiae</strong></span> <span class='ocrx_word' id='word_1_168' title='bbox 1131 1945 1469 2024; x_wconf 79' lang='lat' dir='ltr'><strong>repetitam3</strong></span> <span class='ocrx_word' id='word_1_169' title='bbox 1513 1943 1698 2000; x_wconf 89' lang='lat' dir='ltr'><strong>multa</strong></span> <span class='ocrx_word' id='word_1_170' title='bbox 1742 1942 1839 2001; x_wconf 90' lang='lat' dir='ltr'><strong>hic</strong></span> <span class='ocrx_word' id='word_1_171' title='bbox 1885 1941 1960 2001; x_wconf 90' lang='lat' dir='ltr'><strong>de</strong></span> <span class='ocrx_word' id='word_1_172' title='bbox 1989 1941 2188 2000; x_wconf 82' lang='lat' dir='ltr'><strong>avibus</strong></span> <span class='ocrx_word' id='word_1_173' title='bbox 2215 1935 2306 1998; x_wconf 84' lang='lat' dir='ltr'><strong>his</strong></span> <span class='ocrx_word' id='word_1_174' title='bbox 2322 1984 2340 2015; x_wconf 92' lang='lat'><strong>,</strong></span> <span class='ocrx_word' id='word_1_175' title='bbox 2384 1957 2531 2020; x_wconf 88' lang='lat' dir='ltr'><strong>quas</strong></span> 
     </span>
     <span class='ocr_line' id='line_1_18' title="bbox 274 2025 2532 2110; baseline -0.001 -24"><span class='ocrx_word' id='word_1_176' title='bbox 274 2049 435 2087; x_wconf 87' lang='lat' dir='ltr'><strong>nunc</strong></span> <span class='ocrx_word' id='word_1_177' title='bbox 463 2027 741 2088; x_wconf 77' lang='lat' dir='ltr'><strong>Artenas</strong></span> <span class='ocrx_word' id='word_1_178' title='bbox 784 2031 1110 2110; x_wconf 88' lang='lat' dir='ltr'><strong>appellant,</strong></span> <span class='ocrx_word' id='word_1_179' title='bbox 1156 2040 1491 2104; x_wconf 86' lang='lat' dir='ltr'><strong>narrantur3</strong></span> <span class='ocrx_word' id='word_1_180' title='bbox 1535 2049 1644 2088; x_wconf 87' lang='lat' dir='ltr'><strong>nec</strong></span> <span class='ocrx_word' id='word_1_181' title='bbox 1692 2038 1894 2087; x_wconf 84' lang='lat' dir='ltr'><strong>tamen</strong></span> <span class='ocrx_word' id='word_1_182' title='bbox 1937 2025 2078 2085; x_wconf 87' lang='lat' dir='ltr'><strong>inde</strong></span> <span class='ocrx_word' id='word_1_183' title='bbox 2119 2037 2304 2084; x_wconf 89' lang='lat' dir='ltr'><strong>certos</strong></span> <span class='ocrx_word' id='word_1_184' title='bbox 2332 2027 2532 2084; x_wconf 77' lang='lat' dir='ltr'><strong>avium</strong></span> 
     </span>
     <span class='ocr_line' id='line_1_19' title="bbox 271 2110 2531 2196; baseline -0.001 -23"><span class='ocrx_word' id='word_1_185' title='bbox 271 2111 484 2174; x_wconf 86' lang='lat' dir='ltr'><strong>harum</strong></span> <span class='ocrx_word' id='word_1_186' title='bbox 514 2113 871 2175; x_wconf 76' lang='lat' dir='ltr'><strong>characteres</strong></span> <span class='ocrx_word' id='word_1_187' title='bbox 900 2117 1171 2194; x_wconf 83' lang='lat' dir='ltr'><strong>colligere</strong></span> <span class='ocrx_word' id='word_1_188' title='bbox 1199 2117 1335 2174; x_wconf 87' lang='lat' dir='ltr'><strong>licet</strong></span> <span class='ocrx_word' id='word_1_189' title='bbox 1350 2161 1367 2190; x_wconf 92' lang='lat'>‚</span> <span class='ocrx_word' id='word_1_190' title='bbox 1410 2126 1477 2173; x_wconf 87' lang='lat' dir='ltr'><strong>ut</strong></span> <span class='ocrx_word' id='word_1_191' title='bbox 1506 2123 1778 2196; x_wconf 82' lang='lat' dir='ltr'><strong>appareat</strong></span> <span class='ocrx_word' id='word_1_192' title='bbox 1795 2159 1812 2188; x_wconf 92' lang='lat'>‚</span> <span class='ocrx_word' id='word_1_193' title='bbox 1855 2133 1931 2172; x_wconf 88' lang='lat' dir='ltr'><strong>an</strong></span> <span class='ocrx_word' id='word_1_194' title='bbox 1958 2110 2036 2171; x_wconf 88' lang='lat' dir='ltr'><strong>ad</strong></span> <span class='ocrx_word' id='word_1_195' title='bbox 2061 2113 2316 2171; x_wconf 88' lang='lat' dir='ltr'><strong>larorum</strong></span> <span class='ocrx_word' id='word_1_196' title='bbox 2345 2131 2531 2190; x_wconf 86' lang='lat' dir='ltr'><strong>genus</strong></span> 
     </span>
     <span class='ocr_line' id='line_1_20' title="bbox 272 2199 2532 2279; baseline -0.001 -21"><span class='ocrx_word' id='word_1_197' title='bbox 272 2201 613 2260; x_wconf 79' lang='lat' dir='ltr'><strong>referendae</strong></span> <span class='ocrx_word' id='word_1_198' title='bbox 655 2203 790 2260; x_wconf 90' lang='lat' dir='ltr'><strong>sint.</strong></span> <span class='ocrx_word' id='word_1_199' title='bbox 881 2203 1005 2260; x_wconf 88' lang='lat' dir='ltr'><strong>Nec</strong></span> <span class='ocrx_word' id='word_1_200' title='bbox 1047 2200 1456 2260; x_wconf 71' lang='lat' dir='ltr'><strong>Aldu-orandus</strong></span> <span class='ocrx_word' id='word_1_201' title='bbox 1501 2199 1790 2260; x_wconf 86' lang='lat' dir='ltr'><strong>Ornithol.</strong></span> <span class='ocrx_word' id='word_1_202' title='bbox 1833 2201 1936 2258; x_wconf 87' lang='lat' dir='ltr'><strong>lib.</strong></span> <span class='ocrx_word' id='word_1_203' title='bbox 1965 2201 2130 2274; x_wconf 85' lang='lat' dir='ltr'><strong>XIX,</strong></span> <span class='ocrx_word' id='word_1_204' title='bbox 2176 2203 2236 2273; x_wconf 81' lang='grc'><strong>8,</strong></span> <span class='ocrx_word' id='word_1_205' title='bbox 2277 2199 2380 2279; x_wconf 90' lang='lat' dir='ltr'><strong>qui</strong></span> <span class='ocrx_word' id='word_1_206' title='bbox 2426 2209 2532 2256; x_wconf 87' lang='lat' dir='ltr'><strong>ac-&#39;-</strong></span> 
     </span>
     <span class='ocr_line' id='line_1_21' title="bbox 274 2285 2532 2368; baseline -0.001 -24"><span class='ocrx_word' id='word_1_207' title='bbox 274 2290 527 2344; x_wconf 82' lang='lat' dir='ltr'><strong>curatius</strong></span> <span class='ocrx_word' id='word_1_208' title='bbox 557 2285 633 2344; x_wconf 89' lang='lat' dir='ltr'><strong>de</strong></span> <span class='ocrx_word' id='word_1_209' title='bbox 658 2285 749 2344; x_wconf 87' lang='lat' dir='ltr'><strong>his</strong></span> <span class='ocrx_word' id='word_1_210' title='bbox 778 2287 979 2344; x_wconf 76' lang='lat' dir='ltr'><strong>avibus</strong></span> <span class='ocrx_word' id='word_1_211' title='bbox 1010 2289 1131 2364; x_wconf 88' lang='lat' dir='ltr'><strong>egit</strong></span> <span class='ocrx_word' id='word_1_212' title='bbox 1145 2331 1163 2359; x_wconf 92' lang='lat'><strong>,</strong></span> <span class='ocrx_word' id='word_1_213' title='bbox 1206 2306 1504 2368; x_wconf 87' lang='lat' dir='ltr'><strong>quemque</strong></span> <span class='ocrx_word' id='word_1_214' title='bbox 1535 2287 1632 2343; x_wconf 89' lang='lat' dir='ltr'><strong>alii</strong></span> <span class='ocrx_word' id='word_1_215' title='bbox 1669 2285 1793 2342; x_wconf 85' lang='lat' dir='ltr'><strong>fere</strong></span> <span class='ocrx_word' id='word_1_216' title='bbox 1818 2295 2140 2365; x_wconf 88' lang='lat' dir='ltr'><strong>sequuntur</strong></span> <span class='ocrx_word' id='word_1_217' title='bbox 2153 2329 2170 2358; x_wconf 92' lang='lat'><strong>,</strong></span> <span class='ocrx_word' id='word_1_218' title='bbox 2215 2286 2532 2365; x_wconf 89' lang='lat' dir='ltr'><strong>quicquam</strong></span> 
     </span>
     <span class='ocr_line' id='line_1_22' title="bbox 276 2366 2532 2430; baseline -0.002 0"><span class='ocrx_word' id='word_1_219' title='bbox 276 2368 508 2430; x_wconf 81' lang='lat' dir='ltr'><strong>definit:</strong></span> <span class='ocrx_word' id='word_1_220' title='bbox 554 2372 661 2428; x_wconf 87' lang='lat' dir='ltr'><strong>etsi</strong></span> <span class='ocrx_word' id='word_1_221' title='bbox 696 2371 797 2428; x_wconf 90' lang='lat' dir='ltr'><strong>ille</strong></span> <span class='ocrx_word' id='word_1_222' title='bbox 840 2369 1044 2430; x_wconf 88' lang='lat' dir='ltr'><strong>habuit</strong></span> <span class='ocrx_word' id='word_1_223' title='bbox 1084 2369 1158 2428; x_wconf 86' lang='lat' dir='ltr'><strong>ad</strong></span> <span class='ocrx_word' id='word_1_224' title='bbox 1202 2391 1265 2430; x_wconf 89' lang='lat' dir='ltr'><strong>se</strong></span> <span class='ocrx_word' id='word_1_225' title='bbox 1307 2371 1703 2430; x_wconf 75' lang='lat' dir='ltr'><strong>transmissam</strong></span> <span class='ocrx_word' id='word_1_226' title='bbox 1745 2389 1822 2428; x_wconf 83' lang='lat' dir='ltr'><strong>ex</strong></span> <span class='ocrx_word' id='word_1_227' title='bbox 1864 2370 2052 2426; x_wconf 89' lang='lat' dir='ltr'><strong>insula</strong></span> <span class='ocrx_word' id='word_1_228' title='bbox 2094 2388 2266 2428; x_wconf 80' lang='lat' dir='ltr'><strong>avem</strong></span> <span class='ocrx_word' id='word_1_229' title='bbox 2313 2389 2388 2426; x_wconf 86' lang='lat' dir='ltr'><strong>ex</strong></span> <span class='ocrx_word' id='word_1_230' title='bbox 2417 2366 2532 2427; x_wconf 85' lang='lat' dir='ltr'><strong>hoc</strong></span> 
     </span>
     <span class='ocr_line' id='line_1_23' title="bbox 272 2453 2532 2535; baseline -0 -22"><span class='ocrx_word' id='word_1_231' title='bbox 272 2473 511 2535; x_wconf 82' lang='lat' dir='ltr'><strong>genere.</strong></span> <span class='ocrx_word' id='word_1_232' title='bbox 595 2457 765 2513; x_wconf 84' lang='lat' dir='ltr'><strong>Nunc</strong></span> <span class='ocrx_word' id='word_1_233' title='bbox 793 2465 993 2514; x_wconf 85' lang='lat' dir='ltr'><strong>tamen</strong></span> <span class='ocrx_word' id='word_1_234' title='bbox 1031 2458 1183 2513; x_wconf 86' lang='lat' dir='ltr'><strong>inter</strong></span> <span class='ocrx_word' id='word_1_235' title='bbox 1207 2455 1582 2514; x_wconf 79' lang='lat' dir='ltr'><strong>Procellarias</strong></span> <span class='ocrx_word' id='word_1_236' title='bbox 1598 2500 1614 2530; x_wconf 90' lang='lat'>‚</span> <span class='ocrx_word' id='word_1_237' title='bbox 1659 2473 1737 2512; x_wconf 82' lang='lat' dir='ltr'><strong>ex</strong></span> <span class='ocrx_word' id='word_1_238' title='bbox 1777 2456 2042 2512; x_wconf 84' lang='lat' dir='ltr'><strong>anserino</strong></span> <span class='ocrx_word' id='word_1_239' title='bbox 2085 2472 2333 2532; x_wconf 83' lang='lat' dir='ltr'><strong>genere,</strong></span> <span class='ocrx_word' id='word_1_240' title='bbox 2375 2453 2532 2512; x_wconf 78' lang='lat' dir='ltr'><strong>refe-</strong></span> 
     </span>
     <span class='ocr_line' id='line_1_24' title="bbox 274 2537 2532 2621; baseline -0.001 -22"><span class='ocrx_word' id='word_1_241' title='bbox 274 2551 683 2600; x_wconf 87' lang='lat' dir='ltr'><strong>runt.naturae</strong></span> <span class='ocrx_word' id='word_1_242' title='bbox 711 2538 921 2599; x_wconf 76' lang='lat' dir='ltr'><strong>rerum·</strong></span> <span class='ocrx_word' id='word_1_243' title='bbox 938 2551 1228 2600; x_wconf 81' lang='lat' dir='ltr'><strong>auctores:</strong></span> <span class='ocrx_word' id='word_1_244' title='bbox 1276 2540 1431 2621; x_wconf 88' lang='lat' dir='ltr'><strong>apud</strong></span> <span class='ocrx_word' id='word_1_245' title='bbox 1464 2543 1793 2599; x_wconf 86' lang='lat' dir='ltr'><strong>Linnaeum</strong></span> <span class='ocrx_word' id='word_1_246' title='bbox 1822 2538 2202 2597; x_wconf 78' lang='lat' dir='ltr'><strong>Pmcellaria</strong></span> <span class='ocrx_word' id='word_1_247' title='bbox 2231 2537 2532 2616; x_wconf 77' lang='lat' dir='ltr'><strong>Puffinue</strong></span> 
     </span>
     <span class='ocr_line' id='line_1_25' title="bbox 276 2623 2532 2707; baseline -0.001 -22"><span class='ocrx_word' id='word_1_248' title='bbox 276 2636 384 2685; x_wconf 85' lang='lat' dir='ltr'><strong>est.</strong></span> <span class='ocrx_word' id='word_1_249' title='bbox 470 2626 591 2686; x_wconf 88' lang='lat' dir='ltr'><strong>Sed</strong></span> <span class='ocrx_word' id='word_1_250' title='bbox 636 2626 790 2686; x_wconf 85' lang='lat' dir='ltr'><strong>bene</strong></span> <span class='ocrx_word' id='word_1_251' title='bbox 830 2626 1267 2705; x_wconf 85' lang='lat' dir='ltr'><strong>Willougbeius</strong></span> <span class='ocrx_word' id='word_1_252' title='bbox 1312 2638 1371 2685; x_wconf 89' lang='lat' dir='ltr'><strong>et</strong></span> <span class='ocrx_word' id='word_1_253' title='bbox 1415 2628 1610 2707; x_wconf 86' lang='lat' dir='ltr'><strong>Rayus</strong></span> <span class='ocrx_word' id='word_1_254' title='bbox 1649 2636 1896 2685; x_wconf 85' lang='lat' dir='ltr'><strong>monent</strong></span> <span class='ocrx_word' id='word_1_255' title='bbox 1912 2671 1928 2695; x_wconf 83' lang='lat'>‚</span> <span class='ocrx_word' id='word_1_256' title='bbox 1990 2623 2379 2704; x_wconf 83' lang='lat' dir='ltr'><strong>expectandos</strong></span> <span class='ocrx_word' id='word_1_257' title='bbox 2408 2644 2532 2683; x_wconf 87' lang='lat' dir='ltr'><strong>esse</strong></span> 
     </span>
     <span class='ocr_line' id='line_1_26' title="bbox 274 2708 2532 2791; baseline -0.001 -20"><span class='ocrx_word' id='word_1_258' title='bbox 274 2713 547 2771; x_wconf 82' lang='lat' dir='ltr'><strong>meliores</strong></span> <span class='ocrx_word' id='word_1_259' title='bbox 595 2724 879 2771; x_wconf 83' lang='lat' dir='ltr'><strong>auctores.</strong></span> <span class='ocrx_word' id='word_1_260' title='bbox 962 2714 1135 2771; x_wconf 87' lang='lat' dir='ltr'><strong>Nunc</strong></span> <span class='ocrx_word' id='word_1_261' title='bbox 1179 2712 1315 2772; x_wconf 82' lang='lat' dir='ltr'><strong>vide</strong></span> <span class='ocrx_word' id='word_1_262' title='bbox 1358 2710 1704 2771; x_wconf 87' lang='lat' dir='ltr'><strong>Schneider.</strong></span> <span class='ocrx_word' id='word_1_263' title='bbox 1749 2711 1825 2771; x_wconf 87' lang='lat' dir='ltr'><strong>ad</strong></span> <span class='ocrx_word' id='word_1_264' title='bbox 1864 2712 2112 2791; x_wconf 83' lang='lat' dir='ltr'><strong>Reliqua</strong></span> <span class='ocrx_word' id='word_1_265' title='bbox 2137 2708 2414 2768; x_wconf 86' lang='lat' dir='ltr'><strong>Friderici</strong></span> <span class='ocrx_word' id='word_1_266' title='bbox 2453 2712 2532 2769; x_wconf 88' lang='lat'><strong>11.</strong></span> 
     </span>
     <span class='ocr_line' id='line_1_27' title="bbox 272 2794 2603 2879; baseline -0.002 -20"><span class='ocrx_word' id='word_1_267' title='bbox 272 2800 427 2878; x_wconf 87' lang='lat' dir='ltr'><strong>Imp.</strong></span> <span class='ocrx_word' id='word_1_268' title='bbox 456 2798 586 2858; x_wconf 88' lang='lat' dir='ltr'><strong>Vol.</strong></span> <span class='ocrx_word' id='word_1_269' title='bbox 613 2799 690 2858; x_wconf 91' lang='lat'><strong>11.</strong></span> <span class='ocrx_word' id='word_1_270' title='bbox 717 2800 781 2857; x_wconf 92' lang='lat' dir='ltr'><strong>in</strong></span> <span class='ocrx_word' id='word_1_271' title='bbox 809 2800 1063 2857; x_wconf 86' lang='lat' dir='ltr'><strong>auctario</strong></span> <span class='ocrx_word' id='word_1_272' title='bbox 1090 2819 1152 2878; x_wconf 90' lang='lat' dir='ltr'><strong>p.</strong></span> <span class='ocrx_word' id='word_1_273' title='bbox 1184 2798 1327 2865; x_wconf 87' lang='grc'><strong>159.</strong></span> <span class='ocrx_word' id='word_1_274' title='bbox 1354 2818 1441 2879; x_wconf 89' lang='lat' dir='ltr'><strong>sq.</strong></span> <span class='ocrx_word' id='word_1_275' title='bbox 1527 2798 1813 2857; x_wconf 83' lang='lat' dir='ltr'><strong>Anatibus</strong></span> <span class='ocrx_word' id='word_1_276' title='bbox 1854 2798 2160 2879; x_wconf 85' lang='lat' dir='ltr'><strong>ampliores</strong></span> <span class='ocrx_word' id='word_1_277' title='bbox 2206 2794 2533 2854; x_wconf 87' lang='lat' dir='ltr'><strong>secundum</strong></span> <span class='ocrx_word' id='word_1_278' title='bbox 2595 2845 2603 2854; x_wconf 92' lang='lat'><strong>.</strong></span> 
     </span>
     <span class='ocr_line' id='line_1_28' title="bbox 278 2881 2534 2967; baseline -0.002 -24"><span class='ocrx_word' id='word_1_279' title='bbox 278 2881 687 2945; x_wconf 82' lang='lat' dir='ltr'><strong>Cochorellam</strong></span> <span class='ocrx_word' id='word_1_280' title='bbox 700 2928 717 2959; x_wconf 97' lang='lat'><strong>,</strong></span> <span class='ocrx_word' id='word_1_281' title='bbox 762 2883 919 2943; x_wconf 86' lang='lat' dir='ltr'><strong>diem</strong></span> <span class='ocrx_word' id='word_1_282' title='bbox 947 2882 1225 2965; x_wconf 86' lang='lat' dir='ltr'><strong>piscando</strong></span> <span class='ocrx_word' id='word_1_283' title='bbox 1264 2886 1326 2942; x_wconf 85' lang='lat' dir='ltr'><strong>in</strong></span> <span class='ocrx_word' id='word_1_284' title='bbox 1355 2882 1554 2943; x_wconf 87' lang='lat' dir='ltr'><strong>medio</strong></span> <span class='ocrx_word' id='word_1_285' title='bbox 1594 2884 1804 2965; x_wconf 85' lang='lat' dir='ltr'><strong>pelago</strong></span> <span class='ocrx_word' id='word_1_286' title='bbox 1835 2884 2078 2967; x_wconf 54' lang='lat' dir='ltr'><strong>exigunt</strong></span> <span class='ocrx_word' id='word_1_287' title='bbox 2095 2926 2112 2956; x_wconf 88' lang='lat'><strong>,</strong></span> <span class='ocrx_word' id='word_1_288' title='bbox 2157 2882 2219 2939; x_wconf 90' lang='lat' dir='ltr'><strong>in</strong></span> <span class='ocrx_word' id='word_1_289' title='bbox 2259 2901 2356 2940; x_wconf 88' lang='lat' dir='ltr'><strong>sco</strong></span> <span class='ocrx_word' id='word_1_290' title='bbox 2397 2882 2534 2939; x_wconf 90' lang='lat' dir='ltr'><strong>ulo-</strong></span> 
     </span>
     <span class='ocr_line' id='line_1_29' title="bbox 274 2968 2533 3053; baseline -0.003 -24"><span class='ocrx_word' id='word_1_291' title='bbox 274 2990 413 3029; x_wconf 89' lang='lat' dir='ltr'><strong>rum</strong></span> <span class='ocrx_word' id='word_1_292' title='bbox 437 2971 695 3029; x_wconf 76' lang='lat' dir='ltr'><strong>cavernis</strong></span> <span class='ocrx_word' id='word_1_293' title='bbox 722 2968 1023 3031; x_wconf 86' lang='lat' dir='ltr'><strong>nidificant</strong></span> <span class='ocrx_word' id='word_1_294' title='bbox 1051 2968 1259 3052; x_wconf 80' lang='lat' dir='ltr'><strong>(quam</strong></span> <span class='ocrx_word' id='word_1_295' title='bbox 1286 2982 1443 3031; x_wconf 87' lang='lat' dir='ltr'><strong>recte</strong></span> <span class='ocrx_word' id='word_1_296' title='bbox 1482 2972 1682 3053; x_wconf 86' lang='lat' dir='ltr'><strong>itaque</strong></span> <span class='ocrx_word' id='word_1_297' title='bbox 1709 2971 1979 3049; x_wconf 84' lang='lat' dir='ltr'><strong>Virgilius</strong></span> <span class='ocrx_word' id='word_1_298' title='bbox 2006 2968 2264 3049; x_wconf 80' lang='lat' dir='ltr'><strong>posuerit</strong></span> <span class='ocrx_word' id='word_1_299' title='bbox 2371 2968 2533 3025; x_wconf 69' lang='lat' dir='ltr'><strong>umi-</strong></span> 
     </span>
     <span class='ocr_line' id='line_1_30' title="bbox 277 3047 2532 3137; baseline -0.001 -22"><span class='ocrx_word' id='word_1_300' title='bbox 277 3053 581 3135; x_wconf 77' lang='lat' dir='ltr'><strong>m‘busque</strong></span> <span class='ocrx_word' id='word_1_301' title='bbox 622 3067 935 3136; x_wconf 68' lang='lat' dir='ltr'><strong>vag-antur</strong></span> <span class='ocrx_word' id='word_1_302' title='bbox 967 3075 1151 3129; x_wconf 68' lang='lat' dir='ltr'><strong>aves,</strong></span> <span class='ocrx_word' id='word_1_303' title='bbox 1208 3076 1333 3116; x_wconf 85' lang='lat' dir='ltr'><strong>non</strong></span> <span class='ocrx_word' id='word_1_304' title='bbox 1375 3056 1588 3117; x_wconf 82' lang='lat' dir='ltr'><strong>dicam.</strong></span> <span class='ocrx_word' id='word_1_305' title='bbox 1678 3057 1980 3117; x_wconf 87' lang='lat' dir='ltr'><strong>Sollertius</strong></span> <span class='ocrx_word' id='word_1_306' title='bbox 2007 3047 2360 3137; x_wconf 85' lang='lat' dir='ltr'><strong>Lycophron</strong></span> <span class='ocrx_word' id='word_1_307' title='bbox 2403 3054 2445 3111; x_wconf 94' lang='lat' dir='ltr'><strong>l.</strong></span> <span class='ocrx_word' id='word_1_308' title='bbox 2475 3074 2532 3113; x_wconf 91' lang='lat' dir='ltr'><strong>c.</strong></span> 
     </span>
     <span class='ocr_line' id='line_1_31' title="bbox 272 3137 2532 3225; baseline -0.003 -22"><span class='ocrx_word' id='word_1_309' title='bbox 272 3163 335 3203; x_wconf 77' lang='lat' dir='ltr'><strong>v.</strong></span> <span class='ocrx_word' id='word_1_310' title='bbox 368 3141 495 3207; x_wconf 84' lang='lat'><strong>695</strong></span> <span class='ocrx_word' id='word_1_311' title='bbox 526 3142 589 3207; x_wconf 77' lang='grc' dir='ltr'><strong>οἳ</strong></span> <span class='ocrx_word' id='word_1_312' title='bbox 620 3143 968 3205; x_wconf 74' lang='grc' dir='ltr'><strong><em>θαλασσίαν</em></strong></span> <span class='ocrx_word' id='word_1_313' title='bbox 1008 3142 1247 3205; x_wconf 74' lang='grc' dir='ltr'><strong><em>δίαιταν</em></strong></span> <span class='ocrx_word' id='word_1_314' title='bbox 1294 3137 1662 3225; x_wconf 71' lang='grc' dir='ltr'><strong>αἰνήσουσι),</strong></span> <span class='ocrx_word' id='word_1_315' title='bbox 1709 3144 1833 3202; x_wconf 84' lang='lat' dir='ltr'><strong>solo</strong></span> <span class='ocrx_word' id='word_1_316' title='bbox 1861 3142 2034 3222; x_wconf 87' lang='lat' dir='ltr'><strong>adipe</strong></span> <span class='ocrx_word' id='word_1_317' title='bbox 2072 3140 2396 3221; x_wconf 83' lang='lat' dir='ltr'><strong>probantur</strong></span> <span class='ocrx_word' id='word_1_318' title='bbox 2433 3140 2532 3198; x_wconf 90' lang='lat' dir='ltr'><strong>in-</strong></span> 
     </span>
     <span class='ocr_line' id='line_1_32' title="bbox 272 3226 2534 3309; baseline -0.002 -22"><span class='ocrx_word' id='word_1_319' title='bbox 272 3229 437 3303; x_wconf 86' lang='lat' dir='ltr'><strong>colis,</strong></span> <span class='ocrx_word' id='word_1_320' title='bbox 482 3246 601 3309; x_wconf 87' lang='lat' dir='ltr'><strong>quo</strong></span> <span class='ocrx_word' id='word_1_321' title='bbox 627 3247 735 3308; x_wconf 87' lang='lat' dir='ltr'><strong>pro</strong></span> <span class='ocrx_word' id='word_1_322' title='bbox 762 3226 1191 3289; x_wconf 86' lang='lat' dir='ltr'><strong>medicamento</strong></span> <span class='ocrx_word' id='word_1_323' title='bbox 1220 3230 1307 3287; x_wconf 90' lang='lat' dir='ltr'><strong>illi</strong></span> <span class='ocrx_word' id='word_1_324' title='bbox 1332 3240 1613 3289; x_wconf 82' lang='lat' dir='ltr'><strong>utuntur:</strong></span> <span class='ocrx_word' id='word_1_325' title='bbox 1661 3230 1916 3288; x_wconf 87' lang='lat' dir='ltr'><strong>clamore</strong></span> <span class='ocrx_word' id='word_1_326' title='bbox 1942 3228 2242 3285; x_wconf 88' lang='lat' dir='ltr'><strong>imitantur</strong></span> <span class='ocrx_word' id='word_1_327' title='bbox 2267 3228 2534 3306; x_wconf 73' lang='lat' dir='ltr'><strong>vagitum</strong></span> 
     </span>
     <span class='ocr_line' id='line_1_33' title="bbox 271 3309 2534 3395; baseline 0 -24"><span class='ocrx_word' id='word_1_328' title='bbox 271 3332 596 3395; x_wconf 85' lang='lat' dir='ltr'><strong>puerorum</strong></span> <span class='ocrx_word' id='word_1_329' title='bbox 638 3323 697 3373; x_wconf 87' lang='lat' dir='ltr'><strong>et</strong></span> <span class='ocrx_word' id='word_1_330' title='bbox 740 3309 1103 3393; x_wconf 74' lang='grc' dir='ltr'><strong><em>κινυρισμδν</em></strong></span> <span class='ocrx_word' id='word_1_331' title='bbox 1120 3360 1137 3389; x_wconf 92' lang='grc'><em>,</em></span> <span class='ocrx_word' id='word_1_332' title='bbox 1192 3314 1353 3375; x_wconf 90' lang='lat' dir='ltr'><strong>unde</strong></span> <span class='ocrx_word' id='word_1_333' title='bbox 1400 3315 1570 3375; x_wconf 83' lang='lat' dir='ltr'><strong>docte</strong></span> <span class='ocrx_word' id='word_1_334' title='bbox 1611 3316 1776 3373; x_wconf 84' lang='lat' dir='ltr'><strong>Maro</strong></span> <span class='ocrx_word' id='word_1_335' title='bbox 1794 3334 1814 3374; x_wconf 77' lang='grc' dir='ltr'><strong><em>ε</em></strong></span> <span class='ocrx_word' id='word_1_336' title='bbox 1879 3312 2156 3391; x_wconf 68' lang='lat' dir='ltr'><strong>scopulos</strong></span> <span class='ocrx_word' id='word_1_337' title='bbox 2197 3311 2534 3371; x_wconf 66' lang='lat' dir='ltr'><strong>lacranosis</strong></span> 
     </span>
     <span class='ocr_line' id='line_1_34' title="bbox 272 3396 2532 3479; baseline -0.001 -21"><span class='ocrx_word' id='word_1_338' title='bbox 272 3398 525 3459; x_wconf 70' lang='lat' dir='ltr'><strong>vocibus</strong></span> <span class='ocrx_word' id='word_1_339' title='bbox 553 3399 807 3478; x_wconf 65' lang='lat' dir='ltr'><strong>implent</strong></span> <span class='ocrx_word' id='word_1_340' title='bbox 819 3441 846 3471; x_wconf 88' lang='lat'><strong>,</strong></span> <span class='ocrx_word' id='word_1_341' title='bbox 888 3399 1021 3459; x_wconf 87' lang='lat' dir='ltr'><strong>eod.</strong></span> <span class='ocrx_word' id='word_1_342' title='bbox 1047 3402 1161 3459; x_wconf 90' lang='lat' dir='ltr'><strong>loc.</strong></span> <span class='ocrx_word' id='word_1_343' title='bbox 1192 3402 1297 3475; x_wconf 87' lang='lat' dir='ltr'><strong>XI,</strong></span> <span class='ocrx_word' id='word_1_344' title='bbox 1327 3399 1475 3466; x_wconf 79' lang='lat'><strong>274.</strong></span> <span class='ocrx_word' id='word_1_345' title='bbox 1519 3402 1740 3460; x_wconf 88' lang='lat' dir='ltr'><strong>Plinius</strong></span> <span class='ocrx_word' id='word_1_346' title='bbox 1771 3402 1815 3460; x_wconf 94' lang='lat' dir='ltr'><strong>l.</strong></span> <span class='ocrx_word' id='word_1_347' title='bbox 1845 3423 1898 3459; x_wconf 90' lang='lat' dir='ltr'><strong>c.</strong></span> <span class='ocrx_word' id='word_1_348' title='bbox 1921 3398 2276 3479; x_wconf 69' lang='lat' dir='ltr'><strong>fulicarum</strong></span> <span class='ocrx_word' id='word_1_349' title='bbox 2307 3396 2532 3457; x_wconf 68' lang='lat' dir='ltr'><strong>shniles</strong></span> 
     </span>
     <span class='ocr_line' id='line_1_35' title="bbox 272 3482 2533 3571; baseline 0 -28"><span class='ocrx_word' id='word_1_350' title='bbox 272 3487 391 3559; x_wconf 82' lang='lat' dir='ltr'><strong>ait3</strong></span> <span class='ocrx_word' id='word_1_351' title='bbox 448 3487 705 3547; x_wconf 88' lang='lat' dir='ltr'><strong>oloribus</strong></span> <span class='ocrx_word' id='word_1_352' title='bbox 760 3486 1035 3546; x_wconf 85' lang='lat' dir='ltr'><strong>assimilat</strong></span> <span class='ocrx_word' id='word_1_353' title='bbox 1092 3482 1445 3567; x_wconf 84' lang='lat' dir='ltr'><strong>Lycophron</strong></span> <span class='ocrx_word' id='word_1_354' title='bbox 1504 3488 1548 3546; x_wconf 94' lang='lat' dir='ltr'><strong>l.</strong></span> <span class='ocrx_word' id='word_1_355' title='bbox 1592 3506 1647 3546; x_wconf 93' lang='lat' dir='ltr'><strong>c.</strong></span> <span class='ocrx_word' id='word_1_356' title='bbox 1699 3507 1758 3551; x_wconf 72' lang='lat' dir='ltr'><strong>V.</strong></span> <span class='ocrx_word' id='word_1_357' title='bbox 1802 3486 1948 3551; x_wconf 86' lang='lat'><strong>597.</strong></span> <span class='ocrx_word' id='word_1_358' title='bbox 2029 3486 2110 3544; x_wconf 84' lang='lat' dir='ltr'><strong>Et</strong></span> <span class='ocrx_word' id='word_1_359' title='bbox 2158 3484 2329 3571; x_wconf 73' lang='lat' dir='ltr'><strong>Ovid.</strong></span> <span class='ocrx_word' id='word_1_360' title='bbox 2393 3485 2533 3543; x_wconf 88' lang='lat' dir='ltr'><strong>XIV</strong></span> 
     </span>
     <span class='ocr_line' id='line_1_36' title="bbox 270 3569 2556 3652; baseline -0 -23"><span class='ocrx_word' id='word_1_361' title='bbox 270 3572 417 3629; x_wconf 82' lang='lat' dir='ltr'><strong>Met.</strong></span> <span class='ocrx_word' id='word_1_362' title='bbox 448 3570 573 3637; x_wconf 84' lang='lat'><strong>509</strong></span> <span class='ocrx_word' id='word_1_363' title='bbox 610 3572 685 3630; x_wconf 72' lang='lat' dir='ltr'><strong>Si</strong></span> <span class='ocrx_word' id='word_1_364' title='bbox 718 3569 1035 3631; x_wconf 67' lang='lat' dir='ltr'><strong>voluer-um</strong></span> <span class='ocrx_word' id='word_1_365' title='bbox 1066 3592 1225 3651; x_wconf 81' lang='lat' dir='ltr'><strong>quae</strong></span> <span class='ocrx_word' id='word_1_366' title='bbox 1259 3574 1341 3629; x_wconf 77' lang='lat' dir='ltr'><strong>ait</strong></span> <span class='ocrx_word' id='word_1_367' title='bbox 1365 3570 1708 3631; x_wconf 70' lang='lat' dir='ltr'><strong>subitarum</strong></span> <span class='ocrx_word' id='word_1_368' title='bbox 1711 3572 1934 3652; x_wconf 79' lang='lat' dir='ltr'><strong>jbrma</strong></span> <span class='ocrx_word' id='word_1_369' title='bbox 1983 3572 2254 3652; x_wconf 72' lang='lat' dir='ltr'><strong>requiris,</strong></span> <span class='ocrx_word' id='word_1_370' title='bbox 2297 3572 2381 3629; x_wconf 80' lang='lat' dir='ltr'><strong>Ut</strong></span> <span class='ocrx_word' id='word_1_371' title='bbox 2409 3571 2556 3629; x_wconf 78' lang='lat' dir='ltr'><strong>non&#39;</strong></span> 
     </span>
     <span class='ocr_line' id='line_1_37' title="bbox 274 3650 2532 3739; baseline 0 -24"><span class='ocrx_word' id='word_1_372' title='bbox 274 3676 641 3735; x_wconf 50' lang='lat' dir='ltr'><strong>‹arg-norum,</strong></span> <span class='ocrx_word' id='word_1_373' title='bbox 686 3658 777 3715; x_wconf 79' lang='lat' dir='ltr'><strong>sie</strong></span> <span class='ocrx_word' id='word_1_374' title='bbox 817 3656 979 3715; x_wconf 75' lang='lat' dir='ltr'><strong>albis</strong></span> <span class='ocrx_word' id='word_1_375' title='bbox 1018 3658 1299 3735; x_wconf 76' lang='lat' dir='ltr'><strong>proxima</strong></span> <span class='ocrx_word' id='word_1_376' title='bbox 1346 3660 1579 3739; x_wconf 69' lang='lat' dir='ltr'><strong>cygnis.</strong></span> <span class='ocrx_word' id='word_1_377' title='bbox 1671 3660 1752 3717; x_wconf 82' lang='lat' dir='ltr'><strong>At</strong></span> <span class='ocrx_word' id='word_1_378' title='bbox 1779 3650 2016 3717; x_wconf 73' lang='lat' dir='ltr'><strong>Servius</strong></span> <span class='ocrx_word' id='word_1_379' title='bbox 2059 3656 2136 3716; x_wconf 90' lang='lat' dir='ltr'><strong>ad</strong></span> <span class='ocrx_word' id='word_1_380' title='bbox 2162 3660 2268 3732; x_wconf 88' lang='lat' dir='ltr'><strong>XI,</strong></span> <span class='ocrx_word' id='word_1_381' title='bbox 2317 3662 2437 3723; x_wconf 80' lang='lat'><strong>271</strong></span> <span class='ocrx_word' id='word_1_382' title='bbox 2472 3668 2532 3716; x_wconf 88' lang='lat' dir='ltr'><strong>et</strong></span> 
     </span>
     <span class='ocr_line' id='line_1_38' title="bbox 274 3740 2532 3825; baseline 0.002 -26"><span class='ocrx_word' id='word_1_383' title='bbox 274 3742 527 3801; x_wconf 78' lang='lat' dir='ltr'><strong>Tzetzes</strong></span> <span class='ocrx_word' id='word_1_384' title='bbox 556 3741 633 3801; x_wconf 89' lang='lat' dir='ltr'><strong>ad</strong></span> <span class='ocrx_word' id='word_1_385' title='bbox 659 3740 951 3824; x_wconf 81' lang='lat' dir='ltr'><strong>Lycophr.</strong></span> <span class='ocrx_word' id='word_1_386' title='bbox 982 3742 1023 3800; x_wconf 93' lang='lat' dir='ltr'><strong>l.</strong></span> <span class='ocrx_word' id='word_1_387' title='bbox 1053 3762 1107 3801; x_wconf 91' lang='lat' dir='ltr'><strong>c.</strong></span> <span class='ocrx_word' id='word_1_388' title='bbox 1136 3740 1427 3823; x_wconf 76' lang='grc' dir='ltr'><strong><em>ἔρωδιούς</em></strong></span> <span class='ocrx_word' id='word_1_389' title='bbox 1467 3746 1920 3825; x_wconf 86' lang='lat' dir='ltr'><strong>interpretantur</strong></span> <span class='ocrx_word' id='word_1_390' title='bbox 1936 3789 1953 3819; x_wconf 90' lang='lat'><strong>,</strong></span> <span class='ocrx_word' id='word_1_391' title='bbox 2034 3764 2146 3803; x_wconf 89' lang='lat' dir='ltr'><strong>uae</strong></span> <span class='ocrx_word' id='word_1_392' title='bbox 2173 3742 2393 3801; x_wconf 79' lang='lat' dir='ltr'><strong>ardeae</strong></span> <span class='ocrx_word' id='word_1_393' title='bbox 2436 3764 2532 3803; x_wconf 81' lang='lat' dir='ltr'><strong>es-</strong></span> 
     </span>
     <span class='ocr_line' id='line_1_39' title="bbox 272 3765 2532 3911; baseline 0.001 -27"><span class='ocrx_word' id='word_1_394' title='bbox 272 3837 439 3899; x_wconf 79' lang='lat' dir='ltr'><strong>sent3</strong></span> <span class='ocrx_word' id='word_1_395' title='bbox 479 3826 581 3886; x_wconf 88' lang='lat' dir='ltr'><strong>sed</strong></span> <span class='ocrx_word' id='word_1_396' title='bbox 610 3826 701 3887; x_wconf 85' lang='lat' dir='ltr'><strong>his</strong></span> <span class='ocrx_word' id='word_1_397' title='bbox 728 3830 831 3886; x_wconf 82' lang='lat' dir='ltr'><strong>vix</strong></span> <span class='ocrx_word' id='word_1_398' title='bbox 858 3829 1147 3887; x_wconf 84' lang='lat' dir='ltr'><strong>accenseri</strong></span> <span class='ocrx_word' id='word_1_399' title='bbox 1174 3841 1434 3907; x_wconf 86' lang='lat' dir='ltr'><strong>possunt.</strong></span> <span class='ocrx_word' id='word_1_400' title='bbox 1488 3830 1638 3909; x_wconf 88' lang='lat' dir='ltr'><strong>(Nec</strong></span> <span class='ocrx_word' id='word_1_401' title='bbox 1677 3831 1846 3911; x_wconf 87' lang='lat' dir='ltr'><strong>plura</strong></span> <span class='ocrx_word' id='word_1_402' title='bbox 1887 3828 1961 3889; x_wconf 87' lang='lat' dir='ltr'><strong>de</strong></span> <span class='ocrx_word' id='word_1_403' title='bbox 1993 3765 2092 3889; x_wconf 55' lang='lat' dir='ltr'><strong>Ino</strong></span> <span class='ocrx_word' id='word_1_404' title='bbox 2121 3830 2292 3891; x_wconf 87' lang='lat' dir='ltr'><strong>allata</strong></span> <span class='ocrx_word' id='word_1_405' title='bbox 2321 3840 2456 3891; x_wconf 84' lang='lat' dir='ltr'><strong>sunt</strong></span> <span class='ocrx_word' id='word_1_406' title='bbox 2495 3848 2532 3887; x_wconf 89' lang='lat' dir='ltr'><strong>a</strong></span> 
     </span>
     <span class='ocr_line' id='line_1_40' title="bbox 271 3910 2529 3998; baseline 0.002 -29"><span class='ocrx_word' id='word_1_407' title='bbox 271 3910 660 3972; x_wconf 84' lang='lat' dir='ltr'><strong>Beckmanno</strong></span> <span class='ocrx_word' id='word_1_408' title='bbox 689 3912 767 3973; x_wconf 92' lang='lat' dir='ltr'><strong>ad</strong></span> <span class='ocrx_word' id='word_1_409' title='bbox 793 3914 999 3972; x_wconf 88' lang='lat' dir='ltr'><strong>Mirab.</strong></span> <span class='ocrx_word' id='word_1_410' title='bbox 1028 3911 1229 3972; x_wconf 87' lang='lat' dir='ltr'><strong>Audit.</strong></span> <span class='ocrx_word' id='word_1_411' title='bbox 1272 3934 1326 3973; x_wconf 90' lang='lat' dir='ltr'><strong>c.</strong></span> <span class='ocrx_word' id='word_1_412' title='bbox 1358 3918 1442 3979; x_wconf 89' lang='lat'><strong>80</strong></span> <span class='ocrx_word' id='word_1_413' title='bbox 1482 3936 1542 3998; x_wconf 88' lang='lat' dir='ltr'><strong>p.</strong></span> <span class='ocrx_word' id='word_1_414' title='bbox 1575 3916 1697 3982; x_wconf 87' lang='lat'><strong>157</strong></span> <span class='ocrx_word' id='word_1_415' title='bbox 1735 3936 1823 3997; x_wconf 84' lang='lat' dir='ltr'><strong>sq.</strong></span> <span class='ocrx_word' id='word_1_416' title='bbox 1909 3918 2038 3975; x_wconf 87' lang='lat' dir='ltr'><strong>Hoc</strong></span> <span class='ocrx_word' id='word_1_417' title='bbox 2081 3936 2268 3975; x_wconf 88' lang='lat' dir='ltr'><strong>unum</strong></span> <span class='ocrx_word' id='word_1_418' title='bbox 2296 3914 2529 3991; x_wconf 87' lang='lat' dir='ltr'><strong>addam,</strong></span> 
     </span>
     <span class='ocr_line' id='line_1_41' title="bbox 271 3994 2532 4081; baseline 0.001 -24"><span class='ocrx_word' id='word_1_419' title='bbox 271 3994 481 4057; x_wconf 87' lang='lat' dir='ltr'><strong>haberi</strong></span> <span class='ocrx_word' id='word_1_420' title='bbox 516 4017 752 4081; x_wconf 89' lang='lat' dir='ltr'><strong>quoque</strong></span> <span class='ocrx_word' id='word_1_421' title='bbox 780 4000 978 4058; x_wconf 82' lang='lat' dir='ltr'><strong>avium</strong></span> <span class='ocrx_word' id='word_1_422' title='bbox 1018 3996 1475 4059; x_wconf 88' lang='lat' dir='ltr'><strong>Diomedearum</strong></span> <span class='ocrx_word' id='word_1_423' title='bbox 1518 4000 1964 4081; x_wconf 85' lang='lat' dir='ltr'><strong>descriptionem</strong></span> <span class='ocrx_word' id='word_1_424' title='bbox 2005 4012 2063 4061; x_wconf 90' lang='lat' dir='ltr'><strong>et</strong></span> <span class='ocrx_word' id='word_1_425' title='bbox 2105 4004 2426 4081; x_wconf 87' lang='lat' dir='ltr'><strong>imaginem</strong></span> <span class='ocrx_word' id='word_1_426' title='bbox 2467 4002 2532 4059; x_wconf 81' lang='lat' dir='ltr'><strong>in</strong></span> 
     </span>
     <span class='ocr_line' id='line_1_42' title="bbox 285 4081 2531 4163; baseline 0.002 -23"><span class='ocrx_word' id='word_1_427' title='bbox 285 4081 567 4160; x_wconf 69' lang='lat' dir='ltr'><strong>Veryard</strong></span> <span class='ocrx_word' id='word_1_428' title='bbox 599 4083 888 4143; x_wconf 76' lang='lat' dir='ltr'><strong>Accozmt</strong></span> <span class='ocrx_word' id='word_1_429' title='bbox 926 4083 1011 4163; x_wconf 89' lang='lat' dir='ltr'><strong>os</strong></span> <span class='ocrx_word' id='word_1_430' title='bbox 1030 4083 1229 4143; x_wconf 71' lang='lat' dir='ltr'><strong>divers</strong></span> <span class='ocrx_word' id='word_1_431' title='bbox 1268 4084 1466 4145; x_wconf 66' lang='lat' dir='ltr'><strong>choise</strong></span> <span class='ocrx_word' id='word_1_432' title='bbox 1504 4086 1807 4145; x_wconf 75' lang='lat' dir='ltr'><strong>Remarks</strong></span> <span class='ocrx_word' id='word_1_433' title='bbox 1837 4086 2016 4145; x_wconf 79' lang='lat' dir='ltr'><strong>taken</strong></span> <span class='ocrx_word' id='word_1_434' title='bbox 2051 4089 2119 4145; x_wconf 77' lang='lat' dir='ltr'><strong>in</strong></span> <span class='ocrx_word' id='word_1_435' title='bbox 2159 4108 2202 4145; x_wconf 85' lang='lat' dir='ltr'><strong>a</strong></span> <span class='ocrx_word' id='word_1_436' title='bbox 2237 4088 2531 4163; x_wconf 76' lang='lat' dir='ltr'><strong>Journey,</strong></span> 
     </span>
     <span class='ocr_line' id='line_1_43' title="bbox 268 4168 2530 4249; baseline 0.001 -23"><span class='ocrx_word' id='word_1_437' title='bbox 268 4188 337 4247; x_wconf 84' lang='lat' dir='ltr'><strong>p.</strong></span> <span class='ocrx_word' id='word_1_438' title='bbox 370 4168 513 4241; x_wconf 77' lang='lat'><strong>859,</strong></span> <span class='ocrx_word' id='word_1_439' title='bbox 565 4172 721 4235; x_wconf 89' lang='grc'><strong>1701</strong></span> <span class='ocrx_word' id='word_1_440' title='bbox 754 4169 891 4245; x_wconf 86' lang='lat' dir='ltr'><strong>fol.;</strong></span> <span class='ocrx_word' id='word_1_441' title='bbox 949 4168 1053 4229; x_wconf 89' lang='lat' dir='ltr'><strong>sed</strong></span> <span class='ocrx_word' id='word_1_442' title='bbox 1082 4190 1193 4230; x_wconf 84' lang='lat' dir='ltr'><strong>nec</strong></span> <span class='ocrx_word' id='word_1_443' title='bbox 1220 4172 1269 4230; x_wconf 89' lang='lat' dir='ltr'><strong>is</strong></span> <span class='ocrx_word' id='word_1_444' title='bbox 1308 4173 1546 4231; x_wconf 88' lang='lat' dir='ltr'><strong>scientia</strong></span> <span class='ocrx_word' id='word_1_445' title='bbox 1588 4184 1830 4231; x_wconf 87' lang='lat' dir='ltr'><strong>naturae</strong></span> <span class='ocrx_word' id='word_1_446' title='bbox 1857 4175 1991 4232; x_wconf 85' lang='lat' dir='ltr'><strong>satis</strong></span> <span class='ocrx_word' id='word_1_447' title='bbox 2033 4173 2144 4231; x_wconf 86' lang='lat' dir='ltr'><strong>fuit</strong></span> <span class='ocrx_word' id='word_1_448' title='bbox 2170 4172 2530 4249; x_wconf 85' lang='lat' dir='ltr'><strong>instructus.)</strong></span> 
     </span>
    </p>
   </div>
   <div class='ocr_carea' id='block_1_4' title="bbox 270 4254 2670 4335">
    <p class='ocr_par' dir='ltr' id='par_1_4' title="bbox 270 4254 2670 4335">
     <span class='ocr_line' id='line_1_44' title="bbox 270 4254 2670 4335; baseline 0.001 -22"><span class='ocrx_word' id='word_1_449' title='bbox 270 4254 456 4331; x_wconf 84' lang='lat' dir='ltr'><strong>Varie</strong></span> <span class='ocrx_word' id='word_1_450' title='bbox 478 4265 681 4312; x_wconf 84' lang='lat' dir='ltr'><strong>ornata</strong></span> <span class='ocrx_word' id='word_1_451' title='bbox 707 4274 741 4313; x_wconf 87' lang='lat' dir='ltr'><strong>a</strong></span> <span class='ocrx_word' id='word_1_452' title='bbox 768 4257 953 4335; x_wconf 86' lang='lat' dir='ltr'><strong>poetis</strong></span> <span class='ocrx_word' id='word_1_453' title='bbox 982 4267 1069 4315; x_wconf 86' lang='lat' dir='ltr'><strong>est</strong></span> <span class='ocrx_word' id='word_1_454' title='bbox 1094 4256 1291 4315; x_wconf 75' lang='lat' dir='ltr'><strong>fabula</strong></span> <span class='ocrx_word' id='word_1_455' title='bbox 1318 4255 1393 4315; x_wconf 88' lang='lat' dir='ltr'><strong>de</strong></span> <span class='ocrx_word' id='word_1_456' title='bbox 1417 4260 1586 4317; x_wconf 88' lang='lat' dir='ltr'><strong>sociis</strong></span> <span class='ocrx_word' id='word_1_457' title='bbox 1613 4260 1676 4317; x_wconf 92' lang='lat' dir='ltr'><strong>in</strong></span> <span class='ocrx_word' id='word_1_458' title='bbox 1706 4278 1841 4317; x_wconf 83' lang='lat' dir='ltr'><strong>aves</strong></span> <span class='ocrx_word' id='word_1_459' title='bbox 1868 4260 2104 4318; x_wconf 85' lang='lat' dir='ltr'><strong>mutatis</strong></span> <span class='ocrx_word' id='word_1_460' title='bbox 2130 4278 2233 4316; x_wconf 89' lang='lat' dir='ltr'><strong>seu</strong></span> <span class='ocrx_word' id='word_1_461' title='bbox 2261 4258 2396 4317; x_wconf 80' lang='lat' dir='ltr'><strong>vivo</strong></span> <span class='ocrx_word' id='word_1_462' title='bbox 2423 4274 2536 4315; x_wconf 85' lang='lat' dir='ltr'><strong>seu·</strong></span> <span class='ocrx_word' id='word_1_463' title='bbox 2662 4267 2670 4274; x_wconf 86' lang='lat'>&#39;</span> 
     </span>
    </p>
   </div>
   <div class='ocr_carea' id='block_1_5' title="bbox 266 4339 2529 4509">
    <p class='ocr_par' dir='ltr' id='par_1_5' title="bbox 266 4339 2529 4509">
     <span class='ocr_line' id='line_1_45' title="bbox 266 4339 2529 4422; baseline 0 -23"><span class='ocrx_word' id='word_1_464' title='bbox 266 4349 509 4399; x_wconf 83' lang='lat' dir='ltr'><strong>mortuo</strong></span> <span class='ocrx_word' id='word_1_465' title='bbox 536 4339 841 4399; x_wconf 87' lang='lat' dir='ltr'><strong>Diomede.</strong></span> <span class='ocrx_word' id='word_1_466' title='bbox 924 4343 1017 4400; x_wconf 88' lang='lat' dir='ltr'><strong>Ita</strong></span> <span class='ocrx_word' id='word_1_467' title='bbox 1041 4341 1250 4422; x_wconf 87' lang='lat' dir='ltr'><strong>Illyriis</strong></span> <span class='ocrx_word' id='word_1_468' title='bbox 1280 4342 1685 4404; x_wconf 85' lang='lat' dir='ltr'><strong>accedentibus</strong></span> <span class='ocrx_word' id='word_1_469' title='bbox 1710 4344 1954 4404; x_wconf 85' lang='lat' dir='ltr'><strong>infestae</strong></span> <span class='ocrx_word' id='word_1_470' title='bbox 1969 4388 1987 4419; x_wconf 92' lang='lat'><strong>,</strong></span> <span class='ocrx_word' id='word_1_471' title='bbox 2045 4344 2282 4402; x_wconf 81' lang='lat' dir='ltr'><strong>Graecis</strong></span> <span class='ocrx_word' id='word_1_472' title='bbox 2305 4344 2529 4401; x_wconf 86' lang='lat' dir='ltr'><strong>amicae</strong></span> 
     </span>
     <span class='ocr_line' id='line_1_46' title="bbox 268 4424 2528 4509; baseline 0 -24"><span class='ocrx_word' id='word_1_473' title='bbox 268 4444 409 4509; x_wconf 60' lang='lat' dir='ltr'><strong>ares</strong></span> <span class='ocrx_word' id='word_1_474' title='bbox 436 4444 561 4485; x_wconf 82' lang='lat' dir='ltr'><strong>esse</strong></span> <span class='ocrx_word' id='word_1_475' title='bbox 586 4433 852 4485; x_wconf 78' lang='lat' dir='ltr'><strong>narratae</strong></span> <span class='ocrx_word' id='word_1_476' title='bbox 878 4438 1048 4488; x_wconf 86' lang='lat' dir='ltr'><strong>sunt:</strong></span> <span class='ocrx_word' id='word_1_477' title='bbox 1079 4428 1365 4487; x_wconf 80' lang='lat' dir='ltr'><strong>Antonin.</strong></span> <span class='ocrx_word' id='word_1_478' title='bbox 1390 4428 1433 4489; x_wconf 94' lang='lat' dir='ltr'><strong>l.</strong></span> <span class='ocrx_word' id='word_1_479' title='bbox 1462 4450 1517 4489; x_wconf 91' lang='lat' dir='ltr'><strong>c.</strong></span> <span class='ocrx_word' id='word_1_480' title='bbox 1543 4430 1698 4496; x_wconf 77' lang='lat' dir='ltr'><strong>Plin.</strong></span> <span class='ocrx_word' id='word_1_481' title='bbox 1727 4430 1770 4490; x_wconf 92' lang='lat' dir='ltr'><strong>l.</strong></span> <span class='ocrx_word' id='word_1_482' title='bbox 1799 4451 1853 4489; x_wconf 84' lang='lat' dir='ltr'><strong>o.</strong></span> <span class='ocrx_word' id='word_1_483' title='bbox 1883 4428 2092 4488; x_wconf 86' lang='lat' dir='ltr'><strong>Strabo</strong></span> <span class='ocrx_word' id='word_1_484' title='bbox 2107 4428 2206 4505; x_wconf 82' lang='lat' dir='ltr'><strong>VI,</strong></span> <span class='ocrx_word' id='word_1_485' title='bbox 2231 4448 2294 4509; x_wconf 90' lang='lat' dir='ltr'><strong>p.</strong></span> <span class='ocrx_word' id='word_1_486' title='bbox 2311 4424 2437 4494; x_wconf 77' lang='lat'><strong>433</strong></span> <span class='ocrx_word' id='word_1_487' title='bbox 2451 4428 2528 4487; x_wconf 79' lang='lat' dir='ltr'><strong>A.</strong></span> 
     </span>
    </p>
   </div>
  </div>
 </body>
</html>
