3009 5050
498 462 649 537 316

972 454 1060 529 P.
1112 449 1640 531 VIRGILII
1689 448 2168 526 MARO‘NI
2189 448 2242 523 S

494 647 799 727 Imm0,
848 635 990 714 ubi
1025 635 1445 715 defunctae
1476 632 1728 715 finem
1757 649 2198 737 portusque
2232 634 2630 713 tenebunt

495 742 891 824 Ausonios
923 740 1151 834 olim,
1206 762 1729 841 quaecunque
1755 740 2084 821 evaserit
2113 739 2375 836 undis,

497 844 1103 945 Dardaniumqu

1108 868 1153 921 e
1179 841 1469 921 ducem
1500 844 1919 919 Laurentia
1949 844 2245 919 vexerit
2275 868 2476 935 arva,

2601 852 2748 923 100

493 947 921 1031 Mortalem
951 948 1279 1049 eripiam
1314 946 1702 1037 formam,
1747 946 2174 1047 magnique
2199 947 2500 1023 iubebo

495 1052 887 1153 Aequoris
920 1075 1089 1128 esse
1121 1050 1344 1131 deas:
1398 1048 1647 1151 qualis
1673 1051 1954 1127 Nereia
1988 1053 2202 1126 Doto

497 1158 603 1235 Et
636 1154 949 1232 Galatea
980 1168 1248 1231 secant
1272 1164 1780 1254 spumantem
1805 1167 2136 1254 pectore
2169 1168 2532 1255 pontum.

382 1260 387 1268 ’
497 1259 846 1337 Dixerat:
898 1258 1143 1359 idque
1177 1270 1436 1334 ratum
1468 1256 1708 1355 Stygii
1732 1278 1880 1357 per
1911 1255 2243 1335 flumina
2268 1256 2550 1353 fratria

504 1362 867 1463 Per'pice
900 1361 1275 1438 torrentis
1305 1373 1626 1460 atraque
1661 1361 2032 1459 voragine
2059 1362 2268 1463 ripas

2591 1369 2736 1439 105

495 1466 797 1542 Adnuit
816 1526 837 1563 ‚
892 1479 973 1540 et
1001 1478 1263 1541 totum
1296 1476 1495 1541 nutu
1521 1462 1972 1541 tremefecit
2003 1464 2462 1565 Olympum.

597 1572 810 1667 Ergo
847 1566 1117 1645 aderat
1142 1568 1528 1669 promissa
1558 1565 1763 1664 dies,
1817 1580 1898 1643 et
1924 1581 2289 1667 tempora
2316 1572 2608 1645 Parcae

492 1673 776 1751 Debita
814 1670 1313 1773 conplerant;
1369 1695 1622 1774 quum
1649 1672 1900 1748 Turni
1927 1672 2206 1749 iniuria
2235 1676 2578 1749 Matrem

598 1820 719 1895 99.
770 1814 1207 1909 AU50N108‚
1261 1832 1459 1887 oum
1512 1832 1583 1899 Q.

631 1986 701 2039 98
722 1985 877 2053 fines
898 1994 1005 2037 tre·
1026 1986 1197 2039 Bam.

1332 1984 1403 2037 99
1426 1984 1606 2037 undas
1623 1999 1722 2051 pro
1747 1982 1854 2035 div.
1876 1982 1999 2034 leet.
2025 1998 2128 2035 aec.
2157 1982 2348 2034 Mon-et.
2373 1998 2402 2033 a
2425 1999 2507 2051 pr.
2533 1998 2600 2031 m.
2623 1978 2734 2032 Ers.

496 2064 553 2107 et
574 2054 779 2107 Set-vine
802 2070 901 2122 pro
924 2054 1026 2106 div.
1047 2053 1205 2115 leotz
1240 2054 1548 2123 exquieitiue
1572 2054 1738 2105 altero
1765 2052 1906 2105 hand
1933 2053 2110 2115 dubie,
2136 2052 2309 2104 iudice
2336 2068 2542 2134 quoque
2566 2050 2736 2101 Hein-

495 2124 593 2177 sio.
644 2123 847 2191 (eadem
888 2124 1163 2175 diversitas
1192 2122 1328 2173 infra
1367 2122 1462 2187 xl,
1507 2124 1625 2177 702.

1698 2122 1852 2186 olim,
1897 2122 2041 2191 quod
2077 2132 2270 2174 mutata
2310 2120 2640 2172 distinctione
2667 2118 2737 2172 ad

493 2211 799 2262 praegressa
822 2194 1045 2258 retraxi,
1086 2210 1191 2245 non
1228 2190 1355 2244 eatis
1388 2191 1660 2244 commode
1695 2192 1990 2243 adiunctum
2031 2192 2096 2243 ab
2123 2191 2328 2261 Heynio
2351 2192 2526 2241 suerat
2547 2190 2736 2240 subse-

494 2262 789 2333 quentibus.
860 2263 994 2314 olem
1036 2261 1091 2313 in
1132 2262 1321 2312 Medic.
1362 2260 1568 2326 fuerat,
1617 2274 1906 2313 correctum
1935 2278 1968 2313 a
2011 2262 2208 2313 recenti
2237 2278 2422 2322 mauu3
2463 2268 2735 2328 praeterea

494 2335 796 2383 eonstanter
818 2330 872 2381 in
904 2330 1089 2383 eodem
1123 2330 1263 2383 olim.
1302 2332 1450 2397 Wr.)

458 2426 471 2453 e
494 2402 633 2467 (cnm
674 2401 842 2455 Palat.
886 2402 1029 2463 Wr.)

1594 2333 1696 2384 100
1729 2332 1804 2383 ad
1837 2332 2143 2383 Laurentia
2181 2330 2330 2382 Leid.
2400 2342 2455 2381 σε
2483 2332 2550 2380 L.
2585 2330 2732 2379 Rom.

1100 2402 1156 2451 in
1191 2402 1256 2450 L.
1296 2400 1601 2451 emendabat
1635 2399 1968 2468 Cuningham.
1999 2411 2133 2451 ‘cum
2173 2399 2425 2453 Waddel.
2464 2398 2734 2451 Animadv-

492 2470 619 2523 crit.
642 2488 699 2538 p.
723 2473 809 2534 28,
833 2470 983 2540 qnasi
1002 2470 1105 2520 boc
1130 2484 1316 2521 novum
1347 2480 1483 2521 esset
1509 2470 1562 2519 in
1587 2479 1772 2538 poeta,
1809 2478 1868 2519 ut
1896 2469 2224 2590 praepositio
2251 2470 2437 2523 exulat.
2506 2479 2736 2519 vexerat

488 2541 683 2593 Medic.
712 2559 745 2594 a
768 2558 835 2591 m.
862 2557 942 2608 pr.
1014 2540 1235 2591 duxerit
1266 2541 1399 2591 Ven.
1426 2548 1482 2590 et
1506 2539 1656 2592 Leid.

1777 2542 1878 2594 102
1911 2557 2022 2610 qua
2046 2557 2104 2592 ea
2127 2541 2330 2608 aliquot
2345 2540 2482 2594 Pier.
2511 2547 2566 2590 et
2587 2536 2734 2588 multi

490 2627 577 2678 ep.
608 2613 875 2665 Burmann.
912 2607 1057 2676 (qni,
1091 2610 1390 2675 ignoratur-3
1438 2609 1631 2661 Medic.
1663 2617 1805 2661 certe
1834 2611 2031 2678 qualis.
2085 2613 2228 2675 Wr.)
2317 2613 2495 2673 Doto,
2532 2603 2733 2669 Δωτώ,

491 2679 645 2731 oodd.
680 2679 1071 2746 fabularumque
1108 2677 1269 2744 (adde
1311 2678 1529 2730 Homeri
1567 2677 1721 2731 Iliad.
1743 2693 1794 2738 σ,
1821 2679 1905 2733 43.
1927 2679 2040 2744 45.)
2075 2680 2389 2732 auctoritate
2417 2677 2648 2730 restituit
2677 2685 2735 2730 et

490 2749 746 2800 adstruxit
767 2747 967 2800 Pierius
984 2785 999 2811 ,
1032 2765 1181 2817 quem
1204 2747 1329 2800 vide
1368 2765 1479 2799 enm
1519 2747 1701 2800 cerda.

1124 2817 1223 2872 103
1252 2822 1371 2870 Aut
1396 2819 1460 2868 G.
1486 2819 1638 2871 Rom.
1706 2837 1786 2890 sp.
1821 2819 2022 2870 vertice
2037 2835 2116 2886 pr.
2145 2819 2328 2870 Hamb.
2351 2833 2449 2887 pro
2477 2833 2582 2868 var.
2609 2818 2732 2872 lect.

1288 2881 1387 2941 104
1433 2900 1598 2958 acque
1647 2905 1695 2939 t.
1755 2898 1979 2956 quatuor
2025 2888 2197 2938 Burma
2250 2903 2364 2938 cnm
2397 2887 2566 2936 Goth.
2607 2897 2732 2942 tert.

1370 2957 1471 3010 108
1504 2957 1846 3027 completum
1877 2954 2074 3008 zulich.
2100 2974 2132 3008 a
2151 2972 2219 3008 m.
2241 2974 2328 3027 pr.
2397 2956 2734 3028 complerent

488 2817 667 2870 Valet.
693 2817 771 2872 Pl.
800 2819 840 2884 1,
866 2816 981 2878 134.

490 2897 546 2938 et
586 2889 681 2941 Ed.
717 2891 852 2940 Ven.
886 2889 1159 2940 Burmann.

494 2957 591 3012 106
628 2958 882 3030 Perspice
916 2956 1079 3010 Goth.
1104 2973 1209 3008 aec..

487 3027 709 3084 Dor-vill.
776 3026 1150 3098 compulerant
1174 3025 1326 3078 Leia.

489 3183 552 3242 11.
582 3183 623 3242 l.
652 3204 758 3262 pro
790 3183 1152 3260 conditione3
1180 3195 1249 3244 ut
1272 3185 1382 3244 ius.
1441 3203 1573 3242 cer-

492 3281 709 3348 tasque
732 3271 960 3328 incerta
974 3290 1001 3342 ;
1044 3281 1109 3328 ut
1154 3273 1227 3330 ab
1254 3272 1419 3328 initio
1449 3282 1571 3330 sta-

487 3357 598 3414 tim
624 3363 848 3413 certum
877 3366 934 3413 et
963 3357 1327 3434 exploratum
1358 3355 1571 3414 habeat

487 3441 715 3498 Aeneas
732 3483 751 3514 ‚
807 3442 871 3496 in
915 3443 1181 3519 periculis
1224 3443 1568 3502 instantibus

484 3547 547 3586 se
574 3525 933 3583 incolumem
960 3527 1103 3584 fore.
1194 3531 1295 3592 98.
1342 3529 1536 3586 Immo
1540 3570 1564 3598 ,

486 3610 597 3670 ubi
624 3643 711 3654 —
737 3613 825 3670 Ne
851 3613 1118 3692 procellis
1175 3623 1233 3672 et
1297 3613 1565 3672 fluctibus

486 3698 806 3756 obruantur
864 3719 1039 3758 naves
1057 3744 1074 3775 ,
1144 3721 1204 3757 se
1260 3699 1567 3780 prohibere

483 3780 642 3842 haud
670 3803 837 3862 posse
853 3829 871 3859 ‚
916 3785 995 3844 ait
1030 3787 1279 3866 Iupiter3
1322 3796 1388 3843 ut
1427 3805 1567 3844 vero

486 3887 589 3928 eae
617 3914 633 3942 ‚
696 3890 847 3950 quae
900 3873 1168 3930 Aeneam
1210 3873 1570 3931 incolumem

480 3956 545 4015 in
594 3957 829 4013 Latium
901 3956 1241 4032 detulerint,
1310 3960 1371 4016 in
1432 3957 1572 4018 deas

482 4043 733 4100 marinas
776 4054 1077 4102 mutentur
1096 4088 1113 4119 ‚
1178 4063 1242 4102 se
1301 4047 1572 4124 provisu-

484 4147 621 4186 rum
648 4149 788 4186 esse.
836 4127 1158 4206 deficnctaa
1169 4171 1194 4200 ,
1239 4128 1398 4209 quod
1434 4131 1568 4210 ple-

480 4215 614 4274 nius
656 4215 753 4288 VI,
798 4217 879 4278 83
931 4217 1174 4292 nmgm's
1200 4211 1421 4292 pelagi
1459 4213 1568 4272 de—

465 4299 693 4378 functe
725 4297 996 4378 peric-lia.
1101 4301 1205 4362 99.
1258 4317 1569 4376 quaecun-

484 4406 599 4463 que
640 4383 893 4442 evaserit
938 4379 1141 4439 undis.
1228 4383 1365 4442 Non
1408 4385 1570 4440 enim

484 4489 689 4528 omnes
760 4475 1102 4541 evaserantr,
1204 4466 1307 4528 sed
1386 4487 1568 4529 unam

1770 2749 1946 2816 Vulgo
1987 2749 2170 2811 Clota,
2209 2751 2294 2800 vel
2320 2749 2524 2801 Clotho.
2559 2748 2626 2798 cf.
2665 2747 2736 2800 ad

1655 3185 1882 3246 Orontis
1910 3193 2216 3263 tempestas
2241 3194 2522 3242 merserat
2545 3187 2728 3246 mari:

1650 3274 1698 3346 1,
1735 3275 1894 3342 113.,
1935 3281 2184 3351 quatuor
2211 3271 2356 3326 aliae
2381 3273 2653 3330 incensae
2695 3293 2732 3330 a

1649 3357 1985 3416 mulieribus
2042 3357 2105 3412 in
2169 3357 2399 3414 Sicilia:
2459 3357 2531 3430 V,
2584 3359 2730 3422 699.

1647 3445 1806 3522 Ergo
1835 3461 1910 3498 ex
1938 3444 2058 3500 XX
2081 3445 2324 3501 navium
2344 3462 2592 3500 numero
2609 3463 2730 3502 non

1647 3531 1758 3588 nisi
1785 3529 1924 3586 XIV
1965 3529 2288 3588 incolumes
2330 3526 2594 3588 Tiberim
2633 3532 2730 3586 in-

1649 3626 1962 3674 traverant.
2056 3615 2196 3679 105.
2239 3635 2450 3672 amnes
2486 3613 2732 3694 rapidoa

1651 3711 1706 3758 et
1733 3712 1897 3759 atr-oe
1931 3702 2117 3760 voluit
2146 3701 2354 3760 dicere.
2447 3705 2587 3768 106.
2627 3705 2734 3760 In·-

1651 3787 1864 3847 feriora
1901 3785 2048 3846 haee
2092 3787 2415 3849 Homericis
2463 3786 2628 3846 Iliad.
2671 3810 2728 3860 α,

1653 3873 1778 3938 528
1821 3894 1942 3955 seq.
1989 3863 2080 3934 *H
2107 3871 2214 3934 καὶ
2269 3869 2598 3955 κυανέῃσιν
2643 3905 2730 3918 -·-

1652 3958 1928 4034 iudicant⁴
1956 3959 2334 4016 Grammatici
2384 3957 2542 4038 apud
2597 3961 2732 4016 Ma-

1653 4047 1814 4104 crob.
1851 4046 1922 4118 V,
1968 4047 2064 4107 18.
2105 4053 2163 4101 at
2202 4063 2326 4101 non
2367 4045 2585 4126 ubique
2629 4064 2730 4102 ea·

1655 4128 1794 4188 dem
1821 4130 2104 4187 sententia
2128 4127 2336 4186 iisdem
2378 4133 2730 4190 ornamenti-s

1649 4213 1988 4295 amplificari
2011 4223 2200 4292 potest
2227 4225 2329 4274 aut
2357 4214 2550 4275 debet.

1742 4303 1883 4364 107.
1945 4297 2147 4358 debita
2208 4299 2363 4375 fatog
2421 4303 2546 4375 VII,
2607 4307 2728 4367 120

1633 4384 1802 4462 satis
1853 4383 2008 4442 milti
2057 4383 2260 4444 debita
2321 4385 2520 4449 tellus.
2599 4387 2729 4464 (sed

1652 4469 1770 4529 vid.
1799 4471 1934 4529 Not.
1961 4468 2038 4530 ad
2065 4472 2217 4549 Vm,
2247 4475 2428 4552 375.;
2463 4484 2730 4552 tempora
