3009 5050
534 326 680 399 338
1016 312 1098 385 Ρ.
1151 301 1692 386 VIRGILII
1743 296 2308 375 MARONIS

534 507 849 584 Cratera
884 494 1337 595 antiquum,
1392 510 1638 589 quem
1673 484 1806 561 dat
1837 483 2170 561 Sidonia
2197 482 2429 561 Dido.

534 610 617 684 Si
646 628 835 682 vero
867 614 1147 700 capere
1172 593 1473 672 Italiam
1496 652 1518 691 ,
1559 590 2046 691 sceptrisque
2079 588 2318 689 potiri

532 705 970 805 Contigerit
994 698 1273 777 victori
1294 756 1315 795 ‚
1367 709 1452 789 et
1494 691 1838 796 praedae
1873 692 2138 769 dicere
2167 702 2504 767 sortem:

638 854 809 925 268.
858 860 1166 919 Ducant.

664 1033 771 1089 266
804 1031 933 1096 dat,
979 1025 1181 1091 ἔδωκες
1217 1026 1295 1079 aio
1335 1024 1429 1079 inf.
1454 1024 1624 1079 mittit
1648 1038 1696 1075 v.
1729 1020 1834 1075 561
1867 1035 1964 1089 pro
1991 1020 2155 1073 misit.
2223 1017 2579 1085 (Substantiva
2606 1036 2772 1089 quae-

532 1103 652 1155 dam
677 1102 1039 1155 condicionem
1065 1097 1291 1167 aliquam
1314 1096 1586 1150 durantem
1619 1088 1925 1152 indicantia,
1960 1098 2020 1140 ut
2055 1090 2282 1170 donum,
2307 1090 2770 1161 munuae,·prole8,

531 1176 735 1233 victor,
772 1170 1031 1221 interdum
1060 1187 1091 1220 a
1130 1163 1304 1234 poetis
1342 1179 1439 1232 per
1482 1160 1783 1213 Praesentia
1819 1156 2116 1211 Verborum
2139 1170 2524 1228 exprimuntur,
2574 1169 2632 1211 ut
2653 1160 2705 1211 h.
2731 1160 2772 1211 1.

534 1258 689 1311 quem
722 1238 880 1302 dat,
930 1239 967 1291 i.
1014 1256 1061 1289 e.
1108 1236 1330 1299 donum,
1386 1250 1429 1285 a.
1468 1248 1620 1301 quem
1653 1228 1905 1297 possideo
1945 1228 2192 1281 donatum
2221 1246 2254 1280 a
2283 1228 2516 1293 Didone;
2559 1228 2774 1283 additur

534 1311 690 1362 etiam
724 1308 873 1360 dona
893 1306 1031 1359 infra
1054 1322 1129 1356 va.
1156 1304 1302 1359 361.:
1338 1300 1585 1366 „Tiburti
1605 1297 2068 1361 Remulo—Quae
2102 1296 2318 1349 mittit
2352 1300 2606 1361 dona;“
2642 1300 2771 1351 mit-

532 1382 631 1443 ‘⁸'⁶’
662 1378 795 1501 '301¹
801 1378 995 1497 ⁶¹:232:
1022 1370 1709 1508 ἱῖεῗιωίἱὶᾚοῗᾶᾱὲἷὲἓ
1753 1369 2773 1507 ,i1‘⁸n''.⁸.⁶.2⁶1'⁶p“'i⁷‘ff{‘{5353ssss

532 1465 643 1499 Cum
1004 1463 1016 1474 ’
1152 1478 1168 1493 ο
1711 1471 1725 1488 e
2045 1474 2058 1487 ο
2123 1472 2138 1487 ο
2237 1472 2251 1488 0
2341 1475 2356 1490 ο
2753 1472 2770 1499 ,

531 1516 667 1569 adde
693 1517 789 1567 Ge.
815 1464 858 1577 1Ι),
888 1480 1017 1569 277.’
1036 1528 1183 1580 aqq.=
1220 1510 1487 1579 „quintam
1511 1508 1662 1575 ἔπεος
1689 1534 1756 1547 --
1780 1514 1890 1557 turn
1918 1516 2068 1573 partu
2095 1506 2264 1558 Terra
2287 1508 2518 1561 nefando
2546 1509 2770 1559 Coeum·-

531 1602 635 1655 qne
664 1586 997 1654 Iapetumque
1032 1588 1294 1640 creat;“
1328 1580 1365 1630 i.
1404 1596 1453 1631 e.
1484 1586 1598 1628 tum
1631 1576 1800 1628 Coeus
1823 1577 2134 1643 Iapetusque
2179 1579 2314 1641 nati,
2350 1578 2594 1647 proles
2629 1580 2771 1629 Ter·-

528 1671 637 1707 rae.
672 1659 798 1705 Aen.
826 1652 899 1715 X,
933 1651 1083 1705 518.=
1132 1649 1421 1714 „totidem,
1470 1664 1604 1733 quos
1639 1647 1889 1732 edpcat
1927 1644 2122 1727 qfenn,
2157 1644 2410 1730 Viventes
2435 1648 2630 1717 rapit.“
2659 1648 2772 1747 Eu:

528 1740 657 1845 2¹33.
670 1714 1768 1856 ¹335?⁰l55.²??;÷,:;ffi:5p.2?33..5.„
1781 1708 2070 1836 tuitii:
2095 1714 2770 1856 {5311'23353123‘35'0225

529 1860 675 1927 regia
726 1866 980 1941 parent
1030 1858 1351 1917 Armenta;“
1402 1857 1439 1908 i.
1471 1869 1539 1907 e.‘
1563 1864 1762 1923 pastor.
1812 1854 1950 1917 vul,
1995 1854 2148 1909 Q:
2175 1866 2270 1920 „tu
2297 1856 2474 1908 Cresia
2507 1874 2600 1909 ma
2620 1866 2769 1908 ctae

528 1927 774 1994 Prodigia
787 1930 839 1990 ;“
872 1927 910 1979 i.
937 1943 984 1978 e.
1034 1926 1095 1981 ri
1114 1934 1267 1978 ctor
1318 1944 1373 1977 es
1406 1923 1546 1977 tauri
1583 1922 1859 1977 Cretensis.
1921 1926 2064 2043 Wr?
2135 1925 2239 1976 Sed
2275 1936 2448 1977 crater
2474 1944 2589 1979 cum
2615 1942 2770 1980 versu

530 1997 713 2051 abesse
736 2005 964 2065 poterat.
1034 1995 1221 2047 Deficit
1251 2012 1457 2064 quoque
1481 1993 1694 2064 copula3
1731 1990 1960 2043 debebat
1981 2010 2038 2044 sa
2061 2001 2167 2043 tem
2193 1994 2424 2059 talenta,
2459 2008 2515 2048 ee
2546 2000 2599 2047 0.
2635 1994 2770 2064 (De-

527 2068 695 2119 fectus
727 2065 947 2135 copulae
972 2064 1214 2117 idoneam
1249 2064 1411 2115 habet
1448 2064 1829 2115 excusationem
1865 2078 1931 2111 ex
1963 2078 2028 2113 eo
2046 2100 2060 2123 ‚
2095 2062 2234 2126 quod
2261 2064 2507 2117 Ascanius
2534 2066 2768 2117 nondum

530 2135 703 2189 omnia
724 2134 1037 2189 enumeravit
1066 2135 1235 2198 dona,
1270 2133 1365 2185 aed
1388 2134 1564 2196 addit,
1599 2148 1733 2201 quae
1761 2132 2002 2183 confecto
2031 2131 2176 2183 bello
2217 2143 2472 2203 captaque
2495 2135 2644 2187 Italia
2671 2151 2770 2186 ao-

529 2222 737 2259 ceaeura
765 2216 933 2259 erant.
1000 2209 1132 2257 Sunt
1165 2204 1324 2269 haec,
1372 2213 1427 2255 nt
1462 2202 1626 2255 multa
1663 2200 1794 2264 aliu,
1831 2200 1962 2256 scita
1987 2203 2420 2267 pronuntiatione
2447 2204 2770 2267 adiuvanda3

528 2294 654 2329 care
681 2276 841 2346 igitur
876 2276 968 2329 diu
1005 2275 1293 2327 consistere
1336 2289 1518 2325 vocem
1541 2272 1598 2323 in
1623 2271 1726 2323 fine
1757 2269 1908 2323 huius
1927 2288 2105 2322 versus
2131 2272 2381 2341 patiaris,
2416 2274 2512 2327 aed
2541 2274 2656 2325 aine
2676 2275 2770 2325 in·-

526 2346 860 2415 tercapedine
898 2345 1067 2397 statim
1146 2338 1425 2410 ergendura
1467 2340 1538 2394 ad
1560 2340 1848 2411 sequentia.
1917 2340 2032 2392 Nec
2055 2340 2265 2393 invenio
2285 2381 2301 2406 ,
2337 2342 2465 2412 quid
2492 2356 2771 2415 praeterea

526 2416 583 2467 in
624 2417 725 2468 hoc
757 2432 909 2469 versu
945 2364 1341 2483 reprebendens.
1385 2412 1528 2477 Wr.)
1667 2409 1770 2464 267
1818 2412 1946 2461 Cum
1995 2427 2128 2462 vero
2159 2428 2240 2481 pr.
2289 2413 2475 2464 Hamb.
2543 2414 2767 2465 Italiam

526 2504 752 2555 capere,
798 2502 871 2538 sc.
910 2484 1111 2553 aliquot
1152 2483 1287 2535 Pier.
1334 2481 1460 2550 (vid.
1486 2482 1555 2545 Q.
1583 2480 1651 2532 V.
1695 2480 1816 2542 ΧΠ,
1844 2478 1926 2535 14.
1961 2480 2106 2544 Wr.)
2244 2482 2347 2537 268
2396 2482 2605 2536 Servius
2631 2482 2766 2536 alios

527 2557 785 2620 deiicere,
819 2571 908 2606 sen
924 2553 1205 2624 potius-(ut
1221 2552 1278 2604 in
1296 2549 1540 2604 nno'cod.
1568 2551 1642 2612 X,
1667 2547 1794 2616 554)
1827 2549 2138 2602 deice-rosit
2167 2549 2372 2619 legere:
2411 2553 2486 2604 aio
2507 2555 2769 2606 deiectam

528 2637 731 2680 sortem
756 2629 882 2676 Aen.
905 2625 973 2687 V,
993 2623 1113 2678 490.
1181 2626 1251 2674 At
1278 2621 1467 2673 Medic.
1492 2620 1632 2672 Gud.
1659 2637 1775 2672 am.
1805 2637 1888 2683 pr.
1925 2630 1980 2670 et
2001 2627 2084 2688 p'r.
2129 2621 2382 2674 Rottend.
2418 2623 2598 2676 dicere
2639 2641 2768 2676 sor-

528 2707 662 2758 tem,
745 2693 850 2745 uod
884 2691 1162 2744 admodum
1201 2691 1376 2758 placet
1414 2689 1657 2741 Heinsio:
1706 2688 1837 2739 mihi
1875 2698 2049 2740 tamen
2089 2687 2240 2742 nimis
2277 2701 2515 2759 argutum
2539 2693 2766 2746 videtur.

526 2763 699 2827 Dicit,
732 2763 916 2814 indicit
934 2800 949 2826 ,
984 2767 1182 2812 sortem
1210 2759 1288 2825 is,
1321 2760 1410 2828 qni
1436 2758 1690 2810 sortiendi
1719 2757 1846 2810 facit
1869 2767 2217 2828 potestatem:
2255 2759 2360 2814 vid.
2386 2761 2570 2814 Heius.
2599 2763 2669 2813 ad
2697 2765 2766 2824 V,

524 2833 647 2888 486.
692 2837 906 2886 Ducere
929 2838 1099 2882 autem
1129 2839 1325 2880 sortem
1351 2838 1512 2896 poeta
1538 2827 1768 2879 ornatius
1791 2827 1928 2878 dixit
1959 2843 2059 2893 pro
2092 2827 2348 2897 simplici:
2382 2833 2601 2893 sortiri,
2642 2849 2770 2883 sor-

525 2902 716 2954 titione
739 2899 1007 2968 dispertiri
1038 2899 1301 2968 praedam.
1332 2897 1539 2963 (dicere
1565 2901 1722 2949 etiam
1744 2896 1953 2949 Servius
1977 2895 2139 2964 legit3
2173 2899 2308 2950 male
2335 2900 2470 2952 enirn
2509 2901 2766 2952 Burman-

526 2987 623 3022 nna
666 2971 775 3022 eius
812 2967 1012 3020 scholio
1056 2966 1367 3036 praescribit
1406 2967 1606 3018 ducere
1623 3006 1638 3030 ,
1673 2967 1800 3017 licet
1841 2965 1961 3017 cod.
1985 2967 2141 3020 Voss.
2169 2969 2349 3020 dicere
2373 2970 2661 3038 praebeat,
2693 2971 2766 3022 ad

527 3057 679 3108 quem
720 3055 855 3090 nunc
895 3037 1032 3087 liber
1072 3035 1257 3086 Dread.
1296 3036 1517 3089 accedit.
1589 3035 1750 3088 Addit
1772 3033 2009 3097 Servius,
2045 3053 2194 3102 esse,
2227 3037 2318 3103 qui
2348 3040 2546 3091 ducere
2565 3041 2764 3124 legant.

528 3107 763 3160 Tertiam
793 3107 1086 3167 lectionem,
1117 3105 1183 3156 ab
1220 3106 1404 3157 eodem
1427 3114 1905 3169 commemoratam,
1936 3105 2182 3168 deiicere,
2217 3107 2360 3176 quod
2385 3107 2766 3179 τρισυλλαβως

524 3174 963 3247 pronuntiandum
1004 3189 1148 3238 ease,
1191 3173 1429 3240 deicere,
1472 3174 1607 3226 vidit
1644 3173 1904 3242 Heynius,
1954 3173 2261 3228 confirmare
2288 3177 2448 3229 liceat
2492 3195 2586 3243 eo,
2620 3179 2766 3248 quod

524 3261 637 3314 Ecl.
665 3261 752 3320 111,
776 3260 862 3313 96.
889 3259 1109 3326 legitur,
1143 3245 1311 3323 νέῗσες
1358 3259 1451 3311 sed
1488 3261 1593 3312 hoc
1618 3259 1662 3311 si
1689 3259 1916 3329 probes,
1949 3261 2126 3313 nescio
2154 3280 2224 3315 an
2248 3263 2404 3332 paulo
2432 3265 2765 3316 rusticiorem

524 3331 685 3383 faeias
721 3329 1009 3381 Amanium.
1076 3334 1146 3381 At
1180 3330 1297 3400 ipsa
1340 3330 1512 3382 oratio
1553 3329 1790 3397 flagitare
1827 3329 2064 3392 videtur,
2109 3341 2168 3384 ut
2215 3333 2396 3385 dicero
2410 3372 2424 3395 ‚
2473 3335 2616 3402 quod
2657 3333 2765 3386 iam

524 3397 799 3462 redhibui,
843 3398 1069 3466 Virgilio
1108 3401 1431 3453 restituatur.
1514 3398 1800 3451 Victori
1819 3415 1843 3450 a
1891 3399 2100 3452 nomine
2157 3401 2245 3454 hic
2297 3403 2607 3470 designatur
2647 3405 2766 3474 ipae

530 3465 804 3529 Ascanium
836 3467 978 3536 qnod
1021 3486 1133 3522 cum
1170 3469 1273 3520 alia
1306 3467 1605 3533 declarant,
1651 3477 1762 3519 tum
1801 3486 1876 3521 va.
1901 3469 2022 3525 271.
2091 3470 2279 3524 Victor
2307 3483 2476 3524 autem
2511 3473 2763 3526 Ascanio·

526 3535 845 3588 dicturus
892 3547 1087 3589 sortem
1130 3547 1275 3602 erat,
1318 3553 1361 3590 s.
1403 3547 1686 3588 statuturos
1725 3537 1892 3602 diem,
1936 3539 2139 3604 locum,
2179 3541 2420 3606 modum,
2473 3541 2606 3596 sorti
2651 3542 2766 3594 sire

525 3603 820 3666 sortitioni‚
852 3622 958 3657 non
997 3606 1116 3676 ipse
1160 3607 1416 3659 ductor
1435 3623 1503 3656 ns
1553 3617 1768 3659 sortem.
1837 3609 2066 3661 Ducibus
2095 3609 2231 3662 enim
2258 3628 2352 3662 sna
2380 3611 2606 3680 praedae
2636 3629 2764 3682 pare

526 3673 818 3742 eligebatur
856 3685 979 3728 ante
1012 3676 1339 3728 sortitionem
1353 3712 1370 3740 ,
1418 3692 1553 3744 quae
1593 3677 1664 3730 ad
1702 3675 1884 3746 vulgus
1920 3679 2142 3730 militurn
2182 3679 2500 3752 pertinebat.
2585 3683 2766 3745 Quare

525 3813 669 3872 ienis
701 3816 1122 3875 narrationibus
1170 3813 1481 3876 intercidit.
1511 3849 1600 3862 -—-
1679 3817 1751 3877 V.
1777 3819 1852 3877 L.
1887 3819 2064 3899 W.)
2149 3823 2298 3884 267.
2343 3821 2516 3880 Color
2542 3823 2764 3882 oratio-

526 3919 756 3978 magna
790 3901 1019 3966 talenta
1046 3921 1080 3959 e
1104 3902 1330 3979 poetica
1355 3903 1598 3978 ratione,
1677 3903 1768 3964 nis
1797 3925 1872 3962 ex
1889 3907 2146 3968 Homero
2177 3905 2384 3964 eadem
2409 3909 2474 3964 in
2501 3927 2566 3966 re
2593 3906 2764 3968 Iliad.

527 3995 593 4042 ut
618 3995 802 4045 ornet.
843 3989 1012 4059 Nam,
1046 3984 1205 4066 quod
1230 3996 1419 4064 partes
1446 3988 1512 4046 in
1535 4007 1599 4046 se
1681 4011 1723 4064 ι,
1790 3989 1910 4054 135
1975 4009 2138 4072 seqq.
2225 4009 2435 4067 capere
2504 3993 2768 4052 Italiam

525 4072 808 4144 continet,
851 4082 1041 4130 totum
1068 4089 1362 4148 mag-num
1390 4084 1475 4130 est
1500 4095 1600 4131 re-
1676 4073 1987 4153 magnifice
2001 4119 2019 4150 ,
2071 4076 2122 4134 si
2161 4075 2364 4136 sedem
2405 4078 2664 4136 obtineat
2701 4089 2768 4138 et

522 4165 723 4235 spectu
748 4157 1031 4233 partium:
1061 4174 1121 4213 v.
1149 4153 1225 4212 ad
1242 4155 1343 4214 lib.
1360 4157 1429 4231 V,
1448 4159 1596 4224 248.
1676 4169 1890 4218 terram
1927 4161 1992 4216 in
2031 4163 2199 4220 Latio
2217 4208 2232 4236 ,
2293 4182 2472 4242 quam
2523 4161 2768 4224 inhabi-

532 4240 780 4298 auara
794 4247 989 4298 autem
1008 4239 1327 4318 antiquum
1352 4243 1459 4302 int.
1486 4263 1598 4302 an-
1679 4253 1806 4303 tent
1831 4244 2104 4320 Troiani,
2149 4257 2208 4306 et
2233 4246 2511 4326 praedem
2551 4251 2766 4326 sortiri,

524 4326 685 4404 tique
714 4341 907 4400 opere.
991 4321 1198 4402 (quem
1234 4325 1332 4385 da
1347 4337 1375 4384 t
1386 4369 1412 4399 ,
1472 4327 1592 4389 vid.
1676 4327 1988 4410 dispertiri,
2029 4334 2352 4412 contigerit.
2438 4332 2580 4411 (-—
2607 4339 2766 4402 268.

2977 644 2986 1013 ⁴
