3009 5050
459 420 609 491 372

829 505 842 518 ⁵
952 408 1035 481 P.
1088 402 1612 483 VIRGILII
1668 402 2228 481 MARONIS

458 594 785 675 Adsueti
810 592 1053 689 longo
1080 615 1361 666 muros
1406 586 1848 665 defendere
1872 586 2114 666 bello.

462 705 654 777 Saxa
685 720 1012 799 quoque
1048 693 1337 771 infesto
1366 692 1797 769 volvebant
1821 688 2193 791 pondere
2211 750 2230 785 ‚
2273 690 2336 764 si
2367 714 2522 790 qua

459 810 793 882 Possent
836 812 1131 876 tectam
1188 800 2056 898 aciem-perrumperez
2114 817 2382 895 quum
2440 806 2716 868 tamen

1623 899 1882 973 omnis

460 1012 706 1085 Ferre
744 1006 954 1080 iuvat
982 1002 1258 1079 subter
1286 1000 1532 1078 densa
1562 1000 1961 1078 testudine
1997 1025 2236 1077 casus,

458 1119 626 1189 Nec
660 1110 819 1185 iam
848 1105 1273 1185 sufficiunt.
1374 1110 1616 1202 Nam,
1672 1130 1830 1205 qua
1874 1104 2160 1202 globus
2201 1102 2544 1177 inminet
2587 1102 2705 1174 in-

1611 1230 1830 1314 gens,

2553 1214 2706 1281 515

458 1312 1205 1393 Inmanem⁰Teucri
1232 1312 1542 1387 molem
1575 1310 2064 1410 ‘volvuntque
2091 1322 2534 1409 ruuntque:

460 1425 683 1515 Quae
716 1417 980 1491 stravit
1007 1416 1345 1492 Rutulos
1392 1415 1583 1511 lat-e,
1639 1438 2212 1514 armorumque
2243 1410 2562 1489 resolvit

462 1522 873 1619 Tegmina.

974 1522 1147 1595 Nec
1178 1532 1453 1594 curant
1480 1542 1715 1593 caeco
1749 1518 2242 1593 contendere
2277 1522 2531 1593 Marte

456 1621 814 1722 Amplius
845 1620 1177 1696 audaces
1204 1620 1516 1718 Rutuli,
1563 1620 1705 1698 sed
1734 1621 2034 1721 pellere
2065 1619 2268 1696 vallo

456 1723 874 1803 Missilibus
908 1737 1229 1803 certant.

601 1950 705 2007 512
750 1968 991 2022 saxaque
1047 1949 1340 2003 volvebant
1386 1950 1592 2021 insesso
1650 1972 1708 2025 p.
1763 1953 1961 2007 zulich.

2551 1728 2704 1797 520

2115 1952 2219 2006 513
2265 1951 2490 2003 Possint
2535 1946 2686 1998 Leid.

454 2041 618 2105 quum
651 2036 847 2075 tamen.
916 2020 1219 2073 Duriuscula
1267 2032 1345 2073 est
1393 2022 1461 2073 ad
1505 2040 1678 2075 meum
1719 2042 1925 2075 sensnm
1975 2022 2108 2075 haec
2142 2022 2396 2073 iunctura.
2467 2023 2534 2069 At
2569 2018 2698 2077 illis,

452 2090 649 2161 inquit,
706 2090 795 2161 qui
828 2090 1141 2141 testudinem
1189 2101 1377 2157 agunt,
1442 2092 1705 2145 decretum
1741 2102 1858 2155 eat,
1915 2102 2144 2144 extrema
2181 2090 2426 2161 experiri.
2499 2087 2702 2138 Omissa

452 2172 625 2215 autem
656 2160 712 2211 in
762 2177 907 2228 seqq.
942 2160 1253 2228 pronomina
1287 2161 1698 2215 demonstrativa
1749 2180 1812 2215 ae
1845 2162 2100 2225 relativa,
2153 2178 2286 2229 quae
2323 2160 2560 2211 subiecta
2597 2156 2700 2207 de-

452 2232 684 2295 clarent,
724 2229 1033 2281 brevitatem
1082 2248 1143 2281 ao
1191 2229 1293 2281 vim
1334 2231 1626 2283 narrationi
1659 2233 1878 2284 faciunt.
1949 2231 2168 2283 obvium
2205 2240 2320 2293 est,
2355 2228 2494 2299 quod
2533 2236 2587 2277 et
2620 2230 2698 2277 Io.

451 2300 725 2353 Schrader.
762 2298 821 2350 in
851 2296 1058 2349 schedis
1103 2301 1241 2350 coni.
1276 2318 1435 2367 quam
1470 2314 1653 2351 tamen
1691 2320 1874 2353 omnes
1919 2304 2089 2351 Ferre
2122 2303 2296 2351 iuvat.
2370 2296 2544 2363 (Nihil
2579 2312 2699 2347 mu-

452 2370 691 2430 tandnm3
734 2368 841 2422 vid.
878 2369 943 2418 V.
979 2367 1039 2419 L.
1075 2369 1143 2419 ad
1178 2369 1265 2432 ΙΙΙ,
1313 2368 1431 2422 301.
1484 2372 1629 2437 Wr.)

450 2439 605 2491 Multi
640 2451 813 2489 tamen
846 2437 1024 2489 Heius.
1073 2454 1187 2489 cum
1236 2439 1400 2489 tribus
1450 2441 1626 2502 Burm.
1655 2441 1830 2491 iuvat.
1903 2440 2051 2491 Adde
2084 2440 2251 2505 fragm

1767 2370 1873 2423 514
1925 2368 2149 2437 Vulgata
2199 2369 2361 2420 lectio
2399 2376 2514 2419 erat
2547 2364 2693 2417 lebet.

2255 2474 2268 2488 .
2308 2437 2478 2488 Vatic.
2535 2436 2613 2503 (et
2643 2434 2694 2488 3.

450 2510 501 2564 8.
538 2510 621 2562 11.
662 2508 807 2574 Wr.)
874 2505 1126 2559 alludunt
1174 2506 1365 2558 Medic.
1416 2527 1451 2560 a
1486 2527 1555 2560 m.
1587 2527 1668 2579 pr.
1708 2518 1763 2560 et
1798 2508 1952 2574 Gnd„
2001 2510 2091 2578 qui
2136 2527 2250 2559 cum
2288 2506 2524 2560 Mediceo
2559 2506 2694 2557 Pier.

449 2579 647 2632 habent
690 2576 879 2637 iubat,
928 2576 1140 2643 (Medio.
1191 2577 1331 2644 apud
1376 2579 1600 2646 Foggin.
1635 2578 1827 2642 Iubae,
1873 2579 2241 2648 superscriptis
2287 2578 2458 2629 literis
2493 2579 2516 2626 i
2549 2585 2604 2625 et
2632 2592 2684 2634 ες

449 2648 564 2716 ipsa
611 2647 781 2698 oratio
826 2647 1003 2715 posuit
1046 2648 1217 2700 iuvat.
1261 2647 1405 2714 Wr.)
1459 2647 1711 2700 Prisoian.
1761 2659 1816 2700 et
1862 2649 2134 2714 Angustia.
2168 2646 2332 2700 iubet.
2400 2645 2696 2698 Probat-unt

448 2717 587 2768 idem
620 2715 975 2783 Cuningham„
1010 2716 1099 2784 qui
1132 2717 1350 2784 recepit,
1386 2726 1442 2766 et
1476 2720 1551 2769 10.
1586 2717 1890 2779 Schrader.;
1927 2717 2104 2787 itaque
2134 2715 2389 2784 praetuli,
2425 2733 2540 2768 cum
2569 2731 2696 2766 ora-

446 2787 648 2838 tionem
680 2785 842 2837 faciat
872 2786 1039 2838 minus
1074 2786 1272 2840 duram.

444 2873 666 2976 ffgbtel.
693 2940 775 2992 pr.
811 2942 842 2975 a
876 2925 943 2975 r'n.
984 2939 1087 2975 sec.

446 2993 693 3046 suaviter.
762 2994 965 3047 stravit
998 2993 1111 3044 lace
1142 2995 1389 3044 Rutulos
1419 2993 1658 3046 Parthas.

446 3063 619 3130 Bigot.
674 3071 731 3113 et
774 3061 923 3114 Leid.
972 3079 1005 3112 a
1048 3079 1117 3112 m.
1163 3078 1267 3111 sec.
1338 3061 1632 3114 detondere
1680 3063 1888 3130 Menag.
1941 3063 2034 3116 alt.

1410 2785 1513 2840 515
1561 2787 1660 2840 sed
1707 2805 1816 2867 qua
1848 2787 1984 2838 Gud.
2035 2805 2065 2838 a
2115 2805 2182 2839 m.
2219 2805 2326 2838 sec.
2395 2805 2501 2856 quo
2535 2783 2694 2836 Goth.

654 2854 759 2910 516
805 2873 858 2907 r.
910 2857 1247 2924 trahuntque
1290 2855 1479 2907 Donat.
1531 2865 1585 2906 et
1631 2855 1724 2906 alii
1769 2857 1969 2924 antiqui
2017 2856 2156 2924 apud
2193 2859 2287 2908 Ge.
2327 2856 2532 2906 Fabric.
2580 2871 2694 2904 cum

1225 2923 1328 2977 517
1374 2923 1620 2976 Rutulos
1663 2927 1864 2975 stram}
1913 2925 2069 2992 vulgo
2115 2935 2238 2976 ante
2286 2927 2481 2988 Heius„
2527 2921 2692 2973 minus

1797 2994 1902 3047 518
1935 3007 2132 3045 curent
2161 2994 2312 3046 Laid.
2381 3011 2441 3046 se
2461 2992 2694 3045 condere

2172 3065 2276 3117 520
2319 3074 2540 3116 unane
2585 3077 2692 3112 sec.

444 3131 717 3198 Rottend„
746 3141 858 3182 tum
889 3129 1038 3180 Laid.
1072 3128 1313 3198 supplet:
1351 3131 1542 3183 densis
1574 3151 1692 3186 cum
1727 3151 1956 3204 corpore
1989 3145 2123 3185 8030.

444 3301 661 3362 cedunt
687 3304 913 3362 Rutulis
944 3301 1345 3364 accedentibus
1359 3351 1375 3380 ,
1420 3305 1526 3366 sed

446 3399 649 3446 castr-a
692 3399 751 3446 et
800 3399 957 3446 tutos
1012 3409 1250 3448 servare
1300 3393 1525 3471 'aggere

444 3491 647 3531 muros
658 3473 908 3533 student.
935 3475 1077 3531 Erat
1087 3486 1301 3550 autem,
1332 3496 1524 3558 quaii-

442 3569 573 3618 tum
585 3556 775 3633 video,
787 3565 795 3573 “
806 3579 883 3617 ex
896 3571 1102 3638 poetae
1124 3571 1339 3636 mente,
1353 3564 1524 3622 *fossa

445 3643 621 3704 ducta
662 3663 799 3702 cum
830 3640 1040 3723 aggei-e
1066 3663 1169 3703 seu
1206 3647 1393 3722 vall03
1448 3669 1524 3708 ex

442 3727 626 3787 humo
655 3739 906 3815 aggesta,
936 3733 1097 3789 vallis
1124 3751 1226 3790 seu
1240 3735 1522 3814 stipitibus

442 3811 713 3893 praefixis
734 3831 755 3871 ε
830 3816 985 3875 vallo
1041 3820 1341 3897 impositus
1399 3831 1524 3879 erat

441 3917 642 3956 murus
659 3943 675 3974 ,
707 3901 957 3960 turribus
986 3922 1063 3960 ex
1085 3905 1397 3964 intervallis
1427 3905 1524 3964 di-

442 3984 701 4057 stinctus.
783 3988 987 4068 Itaque
1028 3994 1383 4068 oppugnatio
1437 3994 1522 4050 ita

440 4069 786 4146 instituitur,
836 4083 903 4130 ut
929 4075 1189 4153 primmn
1216 4077 1313 4134 alii
1342 4088 1528 4136 testu-

447 4151 585 4212 dine
611 4155 766 4214 facta
791 4157 1099 4218 succedere
1118 4205 1133 4234 ,
1163 4160 1377 4220 fossam
1404 4164 1526 4220 im·-

440 4239 603 4320 plere
641 4260 709 4299 ao
749 4243 929 4302 vallos
984 4247 1308 4305 convellere
1326 4291 1342 4320 ,
1406 4249 1522 4322 alii,

444 4344 560 4407 qua
604 4335 769 4406 parte
814 4347 1015 4389 murus
1076 4329 1325 4389 nudatus
1382 4343 1520 4408 erat,

442 4411 621 4471 scalas
650 4411 960 4476 admovere
1000 4426 1242 4474 tentent.
1328 4417 1521 4496 Rupta

1609 3327 1675 3366 ac
1703 3310 1886 3368 soluta
1915 3308 2220 3384 testudine,
2259 3331 2318 3370 v.
2349 3305 2690 3374 515-517

1605 3397 1911 3454 missilibus
1941 3417 1972 3453 e
2001 3397 2323 3476 longinquo
2337 3413 2536 3454 muros
2549 3411 2692 3472 pro-

1605 3482 2020 3559 pugnatoribus
2087 3481 2330 3541 nudant.
2416 3478 2691 3541 Tandem

1605 3586 1662 3624 v.
1682 3567 1801 3630 521
1835 3569 1897 3624 in
1925 3569 2132 3626 turrim
2157 3571 2410 3648 impetus
2437 3565 2536 3624 fit:
2567 3565 2692 3642 igni

1605 3653 1862 3710 immisso
1893 3655 2144 3732 expulsis
2157 3656 2206 3712 '1
2219 3654 2427 3712 roianis
2459 3654 2690 3710 irruunt

1603 3739 1824 3796 Rutuli.
1937 3741 2146 3798 Versus
2203 3739 2325 3804 511
2383 3738 2686 3816 ingenioso

1605 3835 1938 3882 commento
2011 3844 2046 3882 a
2113 3834 2290 3904 poeta
2373 3825 2686 3882 subiicitur.
2756 3870 2767 3885 .

1605 3907 1750 3972 512.
1789 3909 2003 3988 infisto
2037 3909 2302 3986 pondere
2359 3929 2464 3988 pro
2505 3912 2684 3987 gravi,

1612 4005 1670 4052 et
1700 3995 1774 4052 ob
1790 3997 2132 4073 gravitatem
2150 3996 2410 4053 exitiosa.
2427 3995 2686 4072 (-517.

1609 4079 1875 4138 Rutulos
1888 4123 1916 4151 ,
1959 4078 2078 4137 vid.
2121 4081 2258 4140 Not.
2300 4078 2374 4139 ad
2415 4101 2502 4139 vs.
2539 4081 2686 4145 450.

1617 4163 1795 4242 Wr.)
1881 4165 2027 4230 518.
2057 4183 2232 4222 caeco
2247 4166 2578 4224 Martesub
2595 4177 2686 4226 te-

1605 4247 1838 4306 studine
1852 4291 1879 4320 ,
1963 4265 2141 4330 quam
2214 4249 2394 4309 modo
2469 4261 2690 4310 tectam

1605 4335 1797 4390 aciem
1834 4345 1890 4390 et
1929 4352 2236 4392 armorum
2289 4339 2558 4414 tegmina
2593 4335 2685 4396 di-

1602 4429 1802 4494 xerat3
1855 4424 2092 4499 pugnae
2133 4431 2318 4480 tectae
2375 4425 2688 4502 opponitur
