3009 5050
634 465 1243 586 AENEIDOS
1300 467 1507 545 Lm.
1565 471 1658 565 X,
1721 477 2151 549 157—166

2364 468 2514 551 457

274 655 423 732 Hic
450 677 785 753 magnus
812 651 1043 730 sedet
1072 657 1381 730 Aeneas
1398 713 1419 750 ‚
1471 675 1906 755 secumque
1949 652 2248 733 volutat

276 762 631 837 Eventus
662 756 853 834 belli
886 757 1179 848 varios3
1229 755 1642 857 Pallasque
1671 759 1985 834 sinistro

2370 765 2524 836 160

277 861 605 940 Adfixus
629 861 853 938 lateri
874 861 1033 936 iam
1082 861 1389 962 quaerit
1419 858 1677 936 sidera
1697 920 1720 955 ‚
1776 884 2070 963 opacae

280 967 555 1045 Noctis
582 966 771 1062 iter,
824 964 983 1040 iam
1019 988 1223 1066 quae
1252 985 1524 1066 passus
1551 976 1924 1064 terraque
1949 964 2334 1064 marique.

386 1067 717 1146 Pandite
778 1089 993 1144 nunc
1048 1065 1475 1164 Helicona,
1545 1065 1787 1164 deae,
1861 1079 2292 1168 cantusque
2343 1087 2525 1142 mo·

1446 1181 1650 1264 vete,

288 1279 511 1371 Quae
550 1297 833 1350 manus
880 1273 1183 1348 interea
1210 1271 1482 1348 Tuscis
1517 1271 1942 1348 comitetur
1975 1272 2069 1347 ab
2103 1272 2262 1348 oris

292 1383 659 1474 Aenean,
707 1387 1123 1476 armetque
1162 1387 1393 1473 rates,
1436 1373 1885 1477 pelagoque
1909 1374 2272 1453 vehatur.

2383 1383 2528 1454 165

390 1482 767 1558 Massicus
794 1491 1050 1556 aerata
1090 1478 1463 1580 princeps
1486 1491 1698 1555 secat
1729 1502 2073 1580 aequora
2099 1477 2312 1577 tigri:

434 1685 537 1741 159
568 1701 855 1756 mnusque
885 1684 1149 1758 voluptas
1180 1685 1317 1738 Gnd.
1348 1694 1476 1738 tert.
1586 1686 1682 1740 161
1719 1685 1876 1737 sidus
1909 1683 2106 1738 Zalich.

2226 1684 2328 1738 162
2359 1685 2538 1735 noetis

294 1755 441 1808 idem
469 1755 667 1808 Medic.
702 1773 735 1808 a
768 1771 839 1808 m.
872 1771 954 1823 pr.
1033 1755 1214 1807 noctis
1244 1759 1351 1808 iter
1392 1753 1656 1808 rationem
1709 1763 1995 1806 nocturnae
2028 1754 2406 1822 navigationis,
2452 1752 2536 1804 vel

294 1826 476 1877 noctis
520 1823 706 1886 lunae,
768 1823 985 1892 exponit
1030 1825 1232 1889 Burm.;
1292 1833 1349 1875 at
1391 1824 1497 1876 vid.
1543 1826 1732 1876 Notas.
1812 1823 1972 1876 modo
2017 1841 2158 1892 quae
2191 1823 2356 1876 Goth.
2407 1830 2536 1872 tert.

300 1894 403 1947 163
435 1905 626 1946 castus
668 1894 821 1946 Rom.
892 1905 1106 1945 monete
1154 1893 1292 1947 Gud.
1338 1911 1370 1946 a
1420 1911 1486 1945 m.
1536 1911 1618 1962 pr.
1674 1893 1794 1945 vide
1854 1893 1924 1945 ad
1971 1894 2191 1944 eundem
2233 1897 2370 1944 v'ers.
2418 1907 2534 1953 sup.

296 1963 415 2026 vn,
446 1963 569 2019 641.
675 1961 777 2017 164
797 1963 1053 2014 Etruscis
1080 1961 1231 2015 Laid.
1301 1965 1592 2015 comitanu-
1625 1963 1831 2032 Hagen.
1898 1965 2222 2016 comitentur
2243 1979 2327 2032 pr.
2349 1960 2539 2014 nmb.

300 2029 401 2086 166
427 2032 699 2103 pelagovo
730 2031 947 2084 Oudai-t.
1015 2033 1279 2085 trahatur
1309 2033 1407 2086 Ed.
1440 2051 1527 2104 pr.
1561 2030 1854 2084 Burmanni.

298 2225 477 2268 sonae
519 2207 786 2288 symbolo
833 2226 1163 2288 expressam
1210 2207 1385 2266 finisse

301 2294 622 2372 suspicatur
664 2294 947 2373 Spencius
986 2295 1050 2350 in
1090 2294 1386 2374 Polymeti

304 2379 457 2436 Dial.
483 2378 635 2451 XV„
664 2380 725 2441 8.
808 2379 1031 2436 Parum
1077 2376 1387 2436 commode

305 2463 389 2522 sio
431 2481 563 2521 voc.
603 2461 874 2519 imminet
916 2471 1063 2520 esset
1104 2465 1391 2543 positum3

308 2547 557 2607 debebat
600 2545 707 2605 Ida
744 2548 805 2603 in
832 2566 1141 2627 personam
1166 2558 1392 2605 mutata

308 2634 518 2693 saltem
558 2630 635 2689 ad
675 2633 821 2689 latus
849 2630 1150 2691 adiunctos
1176 2630 1393 2690 habere

310 2721 530 2778 leones.
616 2715 791 2775 Unde
827 2734 1001 2796 porro
1043 2714 1189 2777 haee
1230 2718 1394 2775 navis

314 2822 455 2863 cum
480 2802 695 2881 insigni
736 2820 813 2860 ex
850 2802 1118 2861 Troianis
1160 2802 1395 2881 religio-

314 2890 486 2948 nibus
524 2890 705 2968 petito
732 2889 970 2945 Aeneae
996 2885 1155 2967 apud
1183 2888 1397 2946 Caere-

316 2986 485 3035 tanos
521 2975 717 3032 statim
761 2984 960 3053 parata
1002 2984 1061 3031 et
1088 2972 1163 3032 ad
1188 2992 1397 3032 manus

314 3054 472 3119 fuit?
526 3062 652 3117 Iam
678 3069 942 3117 veterum
970 3059 1398 3118 Grammatico-

316 3166 454 3205 rum
497 3163 568 3203 ea
608 3144 720 3203 fuit
746 3142 1025 3203 dubitatio
1040 3190 1057 3219 ,
1103 3142 1399 3228 quomodo

322 3234 476 3291 intra
532 3232 703 3289 unius
748 3229 865 3288 diei
914 3233 1165 3311 spatium
1209 3232 1399 3290 classis

322 3316 594 3376 adornari
648 3318 923 3395 potuerit.
1045 3315 1398 3390 Dicendum,

324 3403 671 3461 caeretanus
712 3402 834 3459 iam
876 3412 1009 3459 ante
1050 3402 1129 3461 ad
1182 3404 1402 3461 bellum

322 3488 628 3547 instructos
674 3486 855 3563 (nam
881 3488 1033 3562 Vm,
1062 3486 1187 3551 494
1235 3488 1404 3566 Εῇςο

325 3576 519 3631 omnis
527 3571 727 3651 furiis
750 3574 1005 3630 surrexit
1022 3572 1275 3629 Etruria
1307 3574 1406 3629 izo-

276 3723 295 3739 ,
327 3660 463 3736 stis)
480 3660 721 3717 classem
749 3660 813 3717 in
840 3668 1079 3737 promtu
1106 3656 1405 3717 habuisse:

328 3745 563 3802 Aeneae
589 3754 791 3803 autem
823 3762 1039 3803 navem
1074 3743 1409 3802 festinanter

332 3847 583 3888 ornasse.
690 3831 864 3887 Forte
902 3841 1103 3887 tamen
1140 3848 1251 3887 nec
1293 3826 1407 3887 hoe

332 3932 566 3973 neeesse
595 3922 1053 3994 estpraetexere.
1120 3916 1273 3972 Nam
1284 3916 1410 3972 Ae-

332 4016 475 4058 neas
532 3998 797 4057 Tiberim
854 4010 1083 4060 evectus
1156 4009 1278 4058 erat
1334 3996 1411 4057 ad

334 4080 682 4143 Euandrum
736 4084 885 4143 binis
936 4086 1179 4144 navibus
1238 4102 1413 4163 supra

1468 2206 1688 2268 ductas.
1786 2209 2032 2266 Poetam
2086 2215 2286 2271 tamen
2347 2206 2542 2264 minus

1468 2306 1706 2352 cautum
1731 2295 1797 2350 in
1824 2292 1914 2351 his
1937 2293 2114 2352 fuisse
2142 2293 2417 2350 arbitror:
2475 2301 2545 2348 ut

1471 2389 1532 2436 et
1572 2381 1678 2436 inf.
1703 2399 1790 2437 -vs-
1819 2379 1943 2443 205
1971 2381 2032 2434 in
2063 2377 2210 2435 Ocni
2246 2376 2547 2435 Mantuani

1471 2466 1610 2523 navi
1620 2465 1906 2521 Mincium
1931 2481 2034 2543 pro
2047 2463 2262 2541 insigni
2275 2460 2546 2520 habente.

1472 2550 1784 2625 (Illustravi
1821 2545 1980 2606 hunc
2008 2550 2204 2605 locum
2232 2547 2308 2606 ad
2335 2569 2419 2607 vs.
2447 2566 2550 2605 su·-

1472 2637 1781 2713 periorem.
1879 2631 2158 2691 Desidero
2199 2644 2398 2690 tamen
2426 2634 2550 2711 ipse

1472 2738 1561 2778 vs.
1579 2720 1719 2783 158.
1747 2715 2029 2777 iudicium
2042 2728 2280 2797 poetae3
2310 2716 2411 2776 sed
2437 2715 2552 2775 hoo

1474 2804 1684 2863 vitium
1715 2801 1852 2861 huic
1893 2803 2022 2861 loco
2071 2822 2208 2861 cum
2236 2803 2358 2860 aliis
2387 2822 2555 2861 eom-

1476 2906 1694 2966 mune3
1761 2887 1882 2949 vid.
1939 2889 2011 2961 Q.
2047 2888 2120 2947 V.
2161 2889 2434 2962 XXXX,
2491 2891 2555 2950 2.

1488 2974 1660 3052 W.)

1572 3060 1694 3125 159
1723 3092 1812 3126 τ-
1844 3062 1986 3123 162.
2055 3060 2219 3116 Bene
2282 3057 2558 3115 Pallantis

1480 3164 1823 3225 generosam
1883 3155 1942 3202 et
1992 3154 2244 3203 erectam
2301 3141 2562 3201 indolem

1485 3232 1736 3291 declarat
1763 3239 1956 3311 poeta.
2037 3230 2268 3288 Iuvenis
2305 3226 2562 3287 discendi

1485 3316 1729 3397 cupidus
1771 3336 1848 3373 ex
1893 3314 2094 3373 Aenea
2110 3359 2127 3390 ,
2171 3315 2274 3394 qui
2317 3316 2564 3393 longum

1483 3402 1862 3481 navigationis
1891 3419 2063 3460 usum
2089 3398 2355 3475 habebat,
2384 3398 2564 3459 modo

1484 3487 1742 3548 siderum
1769 3489 2090 3546 notationes
2133 3488 2384 3567 quaerit,
2413 3506 2566 3564 opa-

1490 3592 1604 3631 cae
1621 3575 1810 3631 noctis
1850 3573 1962 3629 iter
1978 3615 2003 3643 ‚
2047 3570 2109 3630 h.
2152 3574 2360 3652 quibus
2403 3574 2568 3629 navis

1494 3678 1692 3718 cursus
1717 3678 1824 3737 per
1847 3670 2088 3717 noctem
2113 3660 2361 3737 regitur,
2405 3656 2567 3734 (vid.

1496 3746 1567 3815 o.
1597 3746 1668 3803 v.
1697 3746 1974 3818 xxxin,
1998 3748 2058 3819 3,
2087 3741 2147 3802 d.
2183 3743 2362 3822 Wr.)
2388 3742 2568 3802 modo

1494 3850 1586 3889 res
1614 3840 1800 3909 gestas
1829 3840 1888 3887 et
1913 3829 2032 3888 fata
2058 3829 2315 3887 Aeneae.

1579 3918 1721 3979 163.
1761 3917 1830 3973 In
1873 3934 1938 3973 re
1977 3935 2012 3974 a
2048 3917 2233 3995 prisca
2289 3916 2572 3973 memoria

1492 4002 1734 4079 repetita
1761 4003 1952 4060 Musas
1977 4004 2230 4060 invocat.
2257 4022 2317 4059 v.
2338 4020 2466 4079 sup.
2497 3997 2572 4057 ad

1495 4086 1622 4159 VII,
1667 4083 1812 4149 641.
1919 4090 2063 4150 166.
2121 4088 2211 4144 De
2265 4087 2442 4165 copiis
2498 4105 2575 4142 ex

334 4170 490 4243 VIII,
519 4172 625 4232 79.
642 4171 746 4233 80.
774 4170 896 4248 ipse
920 4171 1172 4228 terrestri
1208 4171 1417 4229 itinere
1496 4172 1727 4229 Etruria
1756 4182 1814 4230 et
1856 4170 1929 4229 de
1973 4172 2209 4231 urbibus
2225 4214 2242 4246 ,
2281 4168 2438 4229 unde
2467 4168 2577 4227 ad-

336 4253 417 4314 ad
467 4250 871 4312 Tarchontem
912 4256 1201 4334 profectus
1257 4265 1415 4331 erat3

334 4340 729 4416 intelligemus
742 4383 760 4414 ‚
800 4335 951 4400 κατὰ
989 4335 1055 4402 τὸ
1106 4336 1413 4418 σιωπώμε-

332 4444 471 4499 νον,
512 4442 691 4481 naves
711 4466 728 4493 ‚
772 4424 973 4483 Tiberi
999 4436 1151 4483 retro
1182 4424 1417 4501 delatas,

1501 4256 1822 4333 ducuntur,
1875 4258 2168 4335 sigillatim
2211 4276 2270 4315 v.
2329 4257 2576 4313 Excurs.

1500 4340 1578 4401 ad
1617 4340 1679 4400 h.
1718 4342 1762 4400 l.
1846 4343 2106 4412 Quatuor
2149 4359 2350 4399 earum
2377 4341 2578 4418 copia-

1499 4446 1634 4485 rum
1659 4438 1878 4485 turmas
1906 4424 2116 4485 edidit:
2157 4427 2408 4504 primam
2437 4424 2580 4483 clu-

333 4514 495 4572 littus
522 4517 943 4590 praetervectas
952 4510 1132 4623 faere
1160 4530 1281 4571 oese
1310 4509 1420 4571 ad-
1503 4514 1766 4573 sinotum
1779 4520 1838 4571 et
1853 4510 2210 4572 (insanorum
2225 4508 2386 4570 ducit
2399 4512 2582 4571 Μαε-
