3009 5050
748 289 795 316 2

670 429 1293 508 AENEmos
1347 429 1562 507 Lm.
1613 433 1705 528 X,
1751 435 2190 552 436-5453

326 620 465 710 At,
558 614 945 692 Rutulum
1000 618 1359 694 abscessu
1390 679 1409 714 ,

2417 447 2558 516 501

1492 617 1796 691 iuvenis
1847 630 2020 694 tum
2051 679 2074 717 ,
2155 622 2356 698 iussa
2431 647 2564 700 su·-

1480 721 1727 819 perba
2287 741 2302 796 'i
2409 728 2566 806 44‘5

324 819 687 917 MiratuS,
739 835 1003 923 stupet
1035 825 1116 897 in
1150 826 1464 916 Turno,
1521 846 1969 922 corpusque
2010 826 2462 924 peringens

331 924 666 998 Lumina
696 925 975 1020 volvit,
1032 925 1365 1028 obitque
1393 928 1590 1000 truci
1615 924 1894 1024 procul
1922 927 2188 1004 omnia
2217 933 2425 1026 visu3

333 1025 653 1102 Talibus
684 1041 763 1103 et
796 1028 1019 1103 dictis
1049 1030 1112 1104 it
1146 1041 1419 1103 contra
1450 1027 1652 1102 dicta
1695 1027 2032 1124 tyranni:

328 1134 487 1207 Aut
516 1127 781 1230 spoliis
814 1154 963 1229 ego
992 1133 1151 1207 iam
1186 1131 1425 1231 raptis
1454 1129 1840 1205 laudabor
1872 1131 2183 1229 opimiS‚

330 1240 489 1310 Aut
573 1232 735 1310 leto
818 1235 1121 1356 insigni.

1268 1237 1478 1310 Sorti
1556 1246 1782 1333 pater
1855 1257 2152 1334 aequus
2247 1236 2562 1336 utrique

1488 1349 1625 1415 est.
2410 1345 2565 1417 450

332 1438 563 1515 Tolle
596 1441 871 1519 minas.
972 1444 1209 1516 Fatus
1238 1439 1598 1515 medium
1632 1437 1999 1539 procedit
2027 1438 2106 1512 in
2142 1461 2460 1538 aequor.

326 1542 687 1640 Frigidus
724 1542 1151 1618 Arcadibus
1184 1544 1340 1618 coit
1374 1545 1451 1617 in
1492 1540 1954 1642 praecordia
1989 1543 2314 1638 sanguis,

328 1645 665 1724 Desiluit
686 1651 1003 1723 Turnus
1033 1646 1349 1742 biiugis3
1401 1645 1652 1745 pedes
1687 1644 2006 1746 adparat
2037 1647 2150 1720 ire
2183 1661 2195 1678 ‘

328 1897 469 1938 tatur
495 1905 558 1938 ex
587 1887 822 1939 Macrob.
848 1889 944 1953 vt,
974 1889 1025 1952 6,
1059 1887 1170 1952 sed,
1218 1887 1360 1955 quod
1390 1887 1592 1938 mireris
1619 1889 1676 1938 in
1703 1885 2082 1951 Grammatico,
2130 1895 2388 1952 tamquam
2418 1883 2564 1936 inso-

325 1955 604 2008 lentiorem
632 1975 741 2008 eam
770 1957 1034 2024 improbat
1063 1957 1277 2008 Probus.
1348 1956 1554 2008 Laudat
1589 1959 1758 2009 Burm.
1787 1953 1966 2007 Silium
1991 1955 2066 2020 X,
2099 1953 2218 2014 447,
2253 1953 2342 2004 ubi
2375 1953 2568 2004 ordine

328 2027 495 2078 iusso.
565 2028 640 2077 Ex
670 2025 801 2078 lulio
828 2026 1020 2078 Sabino
1050 2036 1197 2094 patet
1218 2027 1381 2078 fuisse
1410 2025 1535 2077 olim
1563 2027 1651 2096 qui
1673 2026 1914 2094 legerent
1940 2025 2112 2075 iussu.
2183 2025 2266 2088 (at
2297 2041 2340 2074 s.
2371 2040 2562 2087 exspe-

326 2105 470 2157 ctes,
529 2096 651 2147 coll.
702 2098 769 2158 Q.
816 2097 885 2150 V.
936 2096 1203 2146 xxxvl!
1230 2133 1245 2157 ‚
1292 2098 1361 2158 2,
1413 2113 1490 2158 a.;

1565 2096 1658 2148 sed
1698 2095 1805 2148 vid.
1855 2097 1920 2158 Q.
1964 2094 2031 2144 v,
2065 2093 2305 2155 xxxv,
2339 2092 2388 2144 6.
2419 2091 2565 2152 φηγ

326 2159 429 2217 445
465 2168 535 2215 Ec
564 2165 781 2218 Dorvill.
840 2171 916 2218 At
943 2166 1161 2216 iuvenis
1189 2165 1455 2216 Rutulum
1478 2183 1701 2216 accessa
1726 2164 1885 2216 Goth.
1919 2171 2037 2214 tert.
2107 2175 2218 2212 tam
2248 2163 2402 2211 iussa
2427 2155 2580 2211 idem'

328 2251 443 2284 cum
474 2251 560 2300 qu.
588 2237 780 2286 Moret-
850 2235 978 2285 dum
1007 2235 1128 2285 Exc-
1155 2234 1325 2284 Burm.
1354 2251 1465 2284 cum
1496 2235 1656 2284 Goth.
1683 2243 1806 2285 tert.
1878 2245 2058 2284 tamen
2095 2232 2217 2298 ipsa
2248 2229 2387 2279 idem
2429 2229 2569 2280 alter

326 2302 533 2368 Meuug.
602 2323 669 2354 ea
686 2305 842 2354 iussa
866 2303 1101 2354 Parrhas-

1172 2303 1464 2356 Haeserunt
1500 2320 1679 2354 omues
1716 2305 1768 2353 in
1814 2314 1960 2361 eum,
2009 2299 2152 2366 qnod
2187 2297 2362 2366 paullo
2407 2314 2568 2364 aspe-

328 2371 437 2422 rius
472 2370 665 2422 dictum
711 2371 799 2422 hic
830 2371 1049 2422 videtur.
1122 2384 1263 2434 mm,
1314 2370 1507 2421 deinde
1553 2376 1696 2422 Serv.
1743 2371 2138 2436 interpretatur.
2205 2375 2309 2418 Aut
2353 2366 2564 2433 iunges:

330 2444 408 2490 Ab
432 2450 545 2490 tum
575 2441 787 2490 iuvenis
813 2451 997 2503 stupet
1022 2443 1083 2489 in
1123 2441 1337 2502 Turno,
1370 2441 1606 2490 miratus
1634 2441 1788 2490 iussa
1813 2434 2076 2508 superba,
2112 2436 2353 2488 discessu
2378 2439 2565 2486 Rutu-

332 2509 525 2560 lorum.
594 2507 833 2559 variavit
856 2509 1053 2558 scilicet
1076 2507 1363 2559 orationem
1401 2524 1503 2575 pro
1537 2505 1759 2575 vulgari:
1802 2505 1994 2575 partim
2025 2505 2334 2556 Rutulorum
2363 2503 2565 2555 disces-

332 2594 475 2642 sum,
528 2577 719 2645 partim
755 2592 983 2627 caussam
1032 2576 1315 2638 discessus,
1379 2576 1597 2626 iubente
1635 2578 1844 2638 Turno,
1881 2576 2113 2625 miratus.
2167 2574 2405 2637 (Bothins
2434 2572 2570 2623 scri-

330 2646 443 2716 psit
465 2644 769 2697 abscessum
786 2682 807 2705 ‚
836 2643 891 2694 in
917 2660 1019 2711 quo
1042 2661 1255 2695 acumen
1278 2644 1487 2705 lauden
1539 2644 1630 2695 sed
1664 2644 1764 2695 vid.
1791 2644 1893 2694 iam
1921 2644 1970 2705 Q
2011 2641 2074 2692 V.
2102 2643 2282 2705 XXV,
2316 2643 2367 2696 7.
2437 2640 2572 2692 abs-

332 2732 506 2777 cessa,
542 2732 697 2781 quum
734 2714 1129 2774 abscessissent,
1178 2723 1235 2763 nt
1277 2712 1367 2763 sil.
1409 2712 1527 2763 Ital.
1573 2715 1663 2775 ΙΧ,
1715 2712 1861 2765 487-.;
1909 2712 2220 2775 „remeantis
2265 2711 2319 2759 in
2357 2709 2570 2760 aethera

332 2784 485 2835 divae
524 2784 893 2843 Abscessu,
946 2790 1159 2832 revocat
1196 2792 1397 2831 mentes
1441 2781 1751 2831 Gradivus.“
1793 2782 1942 2844 Wr.)
2013 2778 2158 2829 dicta
2198 2775 2432 2848 superba
2460 2776 2568 2827 Ob-

332 2854 521 2921 longus
564 2850 723 2903 Pierii
761 2858 819 2901 et
863 2867 944 2918 pr.
982 2849 1165 2901 Hamb.

332 2942 395 2975 ac
418 2922 531 2973 bini
559 2920 723 2973 Goth.

330 3062 389 3113 M
392 3078 537 3130 enag.

332 3130 601 3185 Sabanis
626 3131 749 3181 Exc-
772 3128 1019 3181 eiusdem.

333 3363 391 3401 v.
435 3343 571 3399 Var.
600 3342 763 3398 Lect.
836 3336 959 3401 445
990 3357 1113 3418 sqq.
1136 3338 1412 3395 Pallantis

260 3495 263 3507 Ι
333 3446 639 3506 personam
680 3426 912 3503 egregie
948 3425 1125 3481 tuitus
1156 3435 1237 3480 est
1266 3440 1413 3501 poe-

335 3522 427 3569 ta:
472 3515 717 3569 immota
747 3510 943 3567 iuveni
970 3528 1135 3565 mens
1162 3510 1222 3564 in
1250 3518 1411 3565 tanto

336 3596 661 3655 discrimine
692 3606 801 3653 etc.
888 3592 1031 3657 447.
1075 3594 1279 3651 omnia
1320 3592 1414 3650 di-

334 3684 423 3739 xit
460 3702 565 3761 pro
584 3727 600 3755 ‚
651 3692 843 3752 totum
889 3680 1182 3735 Turnum.
1265 3674 1412 3740 449.

339 3762 486 3828 450.
530 3769 782 3823 ornatius
824 3784 1003 3847 quam
1034 3764 1415 3821 Homericum

338 3848 503 3906 Iliad·
546 3874 600 3929 χ,
650 3852 771 3915 253
818 3848 1015 3928 ἕλοιμί
1058 3870 1163 3909 κεν
1208 3842 1253 3925 ἥ
1310 3868 1415 3907 κεν

338 3932 555 4011 ἇλοίην
597 3932 698 4010 (h.
730 3930 937 4017 ἇλῷην
952 3936 998 4009 ).
1055 3934 1416 3992 Sententiam

336 4021 477 4079 alibi
490 4021 652 4077 aliter
661 4022 899 4077 variavit
917 4022 1200 4076 Homerus
1215 4037 1233 4074 ε
1250 4020 1415 4075 Loca

338 4104 528 4163 cerda
588 4106 836 4182 collegit.
934 4106 1259 4161 Macrobius
1312 4103 1413 4159 lib.

233 4187 240 4194 ’
337 4192 436 4264 VI,
486 4194 542 4263 1,
584 4211 643 4268 p.
688 4192 813 4253 579
852 4188 944 4247 ed.
972 4192 1129 4268 Lips.
1172 4208 1248 4245 ex
1275 4188 1418 4245 Attii

340 4278 659 4333 Armorum
714 4272 931 4332 iudicio
996 4274 1241 4333 ductum
1296 4292 1417 4331 esse

337 4380 571 4423 versum
614 4359 763 4418 dixit
780 4377 799 4415 t
881 4358 1053 4417 Nam
1114 4368 1420 4436 tropaeum

325 4448 501 4527 serre
540 4466 637 4504 me
678 4465 719 4502 a
744 4443 906 4524 Jbrti
948 4446 1075 4535 viro
1131 4444 1420 4533 pulc-rutp-

1304 2848 1407 2903 446
1442 2851 1688 2903 Miratur
1718 2850 1864 2899 Rom.
1911 2858 1962 2898 et
1993 2846 2080 2898 alii
2120 2845 2255 2897 Pier.
2292 2856 2346 2895 et
2378 2846 2566 2907 Barim,

862 2916 965 2973 449
994 2916 1238 2972 metabor
1262 2918 1433 2985 Bigot.

330 2990 433 3047 451
460 2996 650 3045 Fatus.
718 2984 859 3041 Alias
886 2987 1094 3053 adiicit,
1128 2988 1263 3040 haec
1287 2987 1459 3053 fatus.
1509 2991 1584 3040 lo.
1615 2986 1891 3041 Schrader.
1923 2985 2060 3037 coni.
2084 2986 2256 3035 Facis.

572 3077 655 3127 pr.
695 3070 748 3111 et
772 3058 956 3109 Hamb.
984 3076 1064 3123 pr.
1090 3074 1203 3109 cum
1232 3056 1397 3109 Goth.
1430 3074 1539 3111 sec.

1559 2918 1663 2971 450
1703 2930 1786 2968 est
1813 2916 1867 2967 in
1898 2916 1999 2967 fine
2023 2915 2174 2966 abest
2199 2913 2370 2964 tribus
2401 2913 2570 2992 Burni.

2346 2992 2572 3032 roceum

1641 3054 1746 3111 453
1784 3054 2038 3109 Dissiluit
2068 3052 2269 3122 aliquot
2342 3066 2570 3101 armana.

1498 3346 1583 3391 est
1601 3356 1620 3391 .·
1675 3334 1749 3391 Si
1785 3342 1989 3390 atatem
2019 3340 2074 3387 et
2105 3330 2312 3387 vincar
2327 3372 2352 3398 ,
2399 3328 2567 3385 vinci

1496 3440 1538 3477 a
1567 3418 1681 3476 tali
1695 3418 1939 3475 nullum
1950 3426 2034 3473 est
2047 3413 2362 3493 probrum.
2418 3410 2568 3476 450.

1504 3506 1670 3562 Sorti
1683 3515 1864 3580 pater
1889 3520 2118 3580 aequus
2147 3502 2410 3578 utrique,
2445 3498 2568 3555 scil.

1496 3588 1770 3647 ferendae
1797 3608 1902 3668 par
1930 3597 2044 3645 ests
2077 3586 2122 3643 is
2141 3594 2234 3649 ,est
2256 3595 2435 3665 pater,
2469 3582 2570 3662 qui

1494 3685 1802 3754 utramque
1831 3672 2118 3730 fortunam
2137 3716 2153 3743 ,
2199 3682 2256 3728 et
2301 3670 2574 3727 victoriae

1497 3771 1556 3818 et
1583 3762 1783 3818 mortis
1813 3760 2121 3836 gloriosae,
2154 3774 2340 3837 aequo
2371 3754 2567 3810 animo

1496 3847 1640 3902 ferat
1657 3888 1672 3919 ‚
1745 3852 1812 3901 ut
1862 3845 1982 3900 fere
2041 3842 2205 3899 Serv.
2319 3838 2571 3917 Respicit

1499 3933 1656 3987 enim
1687 3928 1761 3987 ad
1789 3928 1963 3987 verba
1986 3928 2176 3985 'Parni
2199 3946 2285 3985 vs.
2305 3921 2430 3987 443
2463 3942 2572 3979 cu—

1492 4034 1698 4094 perem
1729 4016 1856 4092 ipse
1883 4032 2114 4091 parens
2139 4020 2436 4089 spectator
2457 4006 2575 4064 ad-

1498 4110 1662 4158 esset.
1784 4098 1942 4163 453.Δ
2005 4096 2270 4154 Desiluit
2283 4138 2306 4168 ,
2367 4102 2434 4149 ut
2473 4110 2577 4169 par

1498 4190 1626 4265 pari
1654 4182 2128 4262 congrederetur:
2171 4184 2254 4239 ita
2283 4180 2439 4237 euim
2465 4172 2576 4231 he·

1498 4273 1690 4330 roicae
1713 4272 1866 4328 vitae
1892 4270 1989 4327 lex
2016 4268 2147 4325 fert.
2231 4262 2376 4327 454.
2394 4262 2576 4317 Cem-

1500 4358 1826 4435 paratioues
1869 4372 1902 4411 a
1943 4353 2113 4411 leone
2155 4358 2378 4408 sumtae
2418 4344 2576 4400 mul·-

1503 4452 1596 4501 tae
1640 4440 1854 4501 similes
1879 4449 2013 4498 sunt
2055 4432 2210 4515 apud
2236 4434 2578 4489 Homerum.
