3009 5050
680 408 1293 487 AENEmos
1349 409 1566 485 ΜΒ.
1611 410 1742 506 IX,
1777 417 2212 489 487—510

2423 424 2564 493 371

319 596 601 675 Ilionei
630 599 951 673 monitu
987 608 1065 673 et
1109 595 1458 671 multum
1494 594 1970 671 lacrimantis
1997 594 2170 695 Iuli,

322 702 807 802 Conripiunt
830 763 849 797 ‚
896 702 1277 801 interque
1310 723 1595 775 manus
1625 697 1772 774 sub
1800 709 2008 775 tecta
2043 700 2469 801 reponunt.

424 812 527 882 At
555 804 748 880 tuba
776 803 1215 880 terribilem
1251 806 1604 878 sonitum
1633 800 1913 903 procul
1947 826 2136 879 aere·
2161 830 2455 884 canoro

320 910 745 1008 Increpuit.

322 1012 799 1110 Adcelerant
826 1024 991 1088 acta
1030 1012 1328 1112 pariter
1361 1008 1764 1085 testudine
1798 1008 2106 1102 Volsci3

854 908 1232 1011 Sequitur
1276 906 1620 999 clamor,
1688 905 2166 1007 coelumque
2209 912 2570 1010 remugit.

2419 1026 2569 1093 505

324 1120 427 1193 Et
458 1114 707 1191 fossas
738 1115 1041 1217 inplere
1070 1127 1392 1215 parant,
1441 1138 1529 1189 ac
1564 1112 1862 1189 vellere
1909 1112 2223 1194 vallum.

326 1225 740 1315 Quaerunt
765 1244 946 1320 pars
993 1218 1332 1314 aditum,
1390 1231 1468 1292 et
1498 1214 1720 1291 scalis
1757 1214 2242 1294 adscendere
2273 1244 2571 1318 murOS,

325 1328 500 1418 Qua
530 1346 710 1406 rara
734 1338 853 1399 est
880 1323 1117 1417 acies,
1171 1319 1755 1421 interlucetque
1794 1322 2124 1395 corona·

320 1432 509 1503 Non
540 1441 702 1501 tam
735 1428 975 1527 spissa
1004 1428 1205 1505 viriS.

1312 1424 1701 1501 Telorum
1730 1420 2154 1500 effundere
2183 1438 2456 1501 contra

326 1532 601 1607 Omne
633 1552 885 1629 genus
919 1530 1231 1624 Teucri,
1286 1552 1372 1605 ac
1402 1526 1620 1604 duris
1653 1526 2085 1604 detrudere
2115 1528 2388 1623 contiS,
2423 1538 2573 1608 510

464 1718 565 1773 501
603 1720 865 1772 monitum
916 1717 1003 1771 ed.
1056 1718 1189 1769 lunt.

1328 1719 1433 1772 502
1480 1720 1540 1769 in
1576 1730 1722 1769 tecta
1769 1718 1919 1771 multi
1951 1720 2087 1773 Pier.
2141 1730 2196 1772 et
2231 1716 2411 1773 Heius.
2459 1736 2574 1771 cum

327 1788 488 1841 Goth.
524 1798 683 1848 tert.;
731 1800 843 1841 tum
890 1800 1167 1859 reponunt
1214 1787 1315 1840 iam
1360 1788 1485 1839 inde
1533 1788 1598 1839 ab
1645 1786 1802 1841 Aldd.
1839 1788 2049 1857 legitur.
2121 1802 2409 1861 reponam
2441 1796 2573 1840 vett.

327 1858 449 1911 edd.
482 1858 623 1922 apud
656 1857 791 1910 Pier.
830 1868 885 1910 et
918 1875 1003 1925 qu.
1040 1858 1253 1923 Moron,
1281 1857 1425 1923 quod
1458 1874 1582 1909 sane
1618 1856 1912 1924 vulgarius;
1949 1868 2004 1909 et
2039 1862 2116 1913 sic
2151 1876 2264 1929 sup.
2306 1860 2419 1921 vn,
2454 1856 2574 1911 574.

324 1934 394 1981 At
436 1928 578 1980 conf.
628 1944 743 1995 sup.
780 1930 887 1993 IV,
937 1927 1061 1981 391.
1110 1926 1229 1981 392.
1276 1928 1431 1993 vm,
1476 1924 1598 1980 584.
1635 1928 1779 1978 inter
1828 1946 2026 1981 manus
2071 1938 2204 1998 puta
2253 1927 2574 1980 famularum.

325 1996 431 2051 503
454 2015 654 2051 sonoro
690 1998 860 2066 Bigqt.

928 1994 1163 2065 (—5o5.
1206 1997 1399 2050 Vulsci
1432 1996 1634 2064 aliquot
1674 1995 1828 2049 codd.
1867 2001 2012 2051 Serv.
2044 2017 2158 2051 cum
2195 1997 2382 2049 Dresd.
2430 1998 2574 2064 Wr.)

325 2066 429 2119 506
470 2067 680 2136 pellere
731 2068 885 2119 Rom.
932 2066 1153 2120 Oudart.
1201 2076 1256 2117 et
1312 2084 1341 2117 a
1384 2084 1451 2117 m.
1506 2083 1612 2117 aec.
1661 2064 1836 2135 Bigot.
1908 2068 2174 2121 Mediceus
2210 2078 2383 2119 autem
2420 2066 2576 2117 etiam

317 2136 531 2255 ffllere
565 2136 719 2188 vallo
754 2155 784 2189 a
818 2156 885 2189 m.
924 2154 1027 2187 sec.
1066 2153 1129 2186 ex
1162 2153 1211 2186 v.
1248 2134 1369 2191 519.
1403 2139 1519 2203 (σου
1543 2135 1674 2186 haec
1714 2137 1879 2187 altera

1941 2138 2145 2189 vellere
2177 2138 2389 2189 vallum
2427 2136 2578 2205 prior

385 2206 554 2257 edicei
587 2205 777 2270 lecti03
827 2206 995 2273 proba
1043 2204 1246 2256 locutio
1283 2206 1493 2257 vallum
1541 2204 1766 2270 vellete,
1813 2175 1920 2258 vid.
1956 2207 2219 2261 Drakenb.
2255 2206 2324 2257 ad
2363 2206 2475 2257 Liv.
2512 2208 2576 2273 Π,

324 2272 411 2336 25,
444 2274 496 2327 3.
536 2276 681 2339 Wr.)
776 2276 877 2330 507
906 2276 1093 2327 aditus
1126 2274 1264 2325 Gud.
1318 2292 1530 2327 murum
1556 2274 1706 2325 Leid.
1743 2276 1798 2325 et
1831 2276 2024 2329 Moret.
2060 2295 2166 2329 sec.
2260 2276 2362 2329 509
2379 2294 2579 2355 pressa

326 2344 466 2393 viria
504 2344 707 2425 Hagen.

812 2343 919 2398 510
965 2358 1063 2395 aut
1113 2344 1284 2410 Bigot.
1333 2361 1447 2394 cum
1496 2342 1658 2396 Goth.
1707 2352 1832 2396 tert.
1915 2344 2110 2397 drudis
2157 2332 2359 2409 Franc„
2437 2344 2577 2396 unde

326 2412 500 2462 Burm.
534 2429 672 2463 com.
706 2414 909 2465 crudis.
978 2413 1086 2464 Sed
1131 2413 1187 2463 in
1236 2411 1331 2463 illo
1365 2412 1550 2465 codice
1587 2425 1798 2481 operam
1832 2411 2008 2479 ludat,
2056 2415 2146 2484 qui
2183 2414 2315 2468 talia
2343 2412 2573 2468 rimetur..

329 2478 503 2534 duros
534 2480 668 2533 dixit
698 2498 796 2552 pro
832 2482 1080 2548 robustis,
1114 2480 1372 2550 gravibus.

334 2641 478 2704 198.
515 2637 691 2718 Wr.)
718 2639 927 2718 sunna
954 2651 1151 2715 autem
1171 2638 1293 2702 491
1328 2651 1417 2698 est

328 2722 605 2799 cadaver,
651 2735 719 2782 ut
761 2725 897 2785 alibi
922 2743 1180 2806 quoque.
1267 2725 1413 2788 500.

329 2809 743 2870 incendentem
774 2809 993 2870 luctus.
1080 2811 1179 2868 Uti
1206 2810 1416 2866 ardere

330 2895 603 2956 dicuntur
618 2917 703 2972 ea,
735 2917 886 2978 quae
910 2897 977 2954 in
1002 2903 1220 2976 magno
1247 2905 1415 2956 motu

326 2993 493 3057 sunt,
538 2985 863 3061 agitantur,
907 2984 1243 3056 turbantur,
1277 3003 1411 3040 ver-

326 3079 559 3128 santur:
606 3071 687 3128 sic
727 3069 1039 3126 incendere
1066 3080 1152 3128 est
1178 3087 1410 3148 augere,

329 3157 597 3213 excitare.
630 3157 703 3213 cf.
732 3156 835 3213 inf.
865 3157 941 3225 X,
962 3157 1107 3220 895.
1139 3154 1251 3231 (·—-
1268 3153 1413 3219 502.

328 3241 596 3320 interque
625 3261 863 3315 manua,
892 3239 1009 3298 vid.
1032 3243 1165 3311 Npt.
1196 3237 1271 3300 ad
1284 3241 1411 3298 Ecl.

324 3327 374 3400 1,
406 3326 508 3390 62.
541 3337 598 3384 et
624 3329 816 3407 Intpp.
862 3325 937 3384 ad
966 3326 1214 3385 Phaedr.
1242 3327 1313 3402 V,
1347 3330 1408 3401 7,

334 3417 431 3476 10.
470 3411 649 3490 Wr.)

353 3551 361 3560 .
413 3497 559 3564 508.
590 3496 735 3563 504.
778 3498 1081 3555 Praeclare
1124 3493 1201 3555 ad
1238 3515 1412 3554 revo-

328 3581 586 3641 candum
628 3603 663 3641 a
690 3602 985 3657 moerore,
1028 3595 1087 3641 et
1124 3585 1413 3662 recipien-

330 3668 483 3726 dum
506 3689 584 3728 ex
596 3679 721 3728 tam
742 3671 915 3747 longa
936 3672 1265 3726 narratione
1285 3670 1413 3725 ani-

301 3773 497 3832 -mum
512 3799 528 3828 ,
571 3759 751 3812 utitur
778 3756 1031 3813 versibus
1062 3753 1137 3812 ad
1164 3773 1413 3812 moven-

332 3839 437 3898 dos
466 3842 689 3898 animos
714 3831 968 3898 idoneis:
998 3841 1203 3920 prioris
1232 3841 1411 3898 lineas

334 3923 531 3982 ductas
556 3945 677 3985 esse
704 3945 777 3983 ex
804 3927 903 3984 illo
930 3929 1138 3984 Ennii:
1170 3935 1238 3982 at
1266 3923 1415 3982 tuba

334 4009 588 4067 terribili
608 4013 809 4068 soni‘tn
839 4021 1221 4070 taratantara
1243 4011 1410 4086 dixit,

333 4112 537 4154 omnes
569 4115 848 4154 monuere
876 4110 1007 4178 post
1028 4099 1413 4158 Macrobium.

334 4182 633 4258 increpuit
661 4184 921 4240 sonitum
948 4193 1014 4242 ut
1031 4229 1047 4260 ,
1090 4185 1282 4244 sonuit
1310 4203 1408 4241 so-

332 4269 557 4327 nitum:
622 4268 723 4326 sed
774 4256 1086 4346 variand03
1144 4267 1407 4328 sonando

334 4355 553 4428 emisit,
594 4353 748 4414 fecit.
836 4353 981 4420 605.
1010 4357 1079 4413 In
1124 4353 1413 4412 testudine

332 4457 591 4524 egressus
621 4449 707 4498 est
732 4433 1103 4500 Homericam
1131 4462 1415 4521 τειχομα-

1492 2639 1634 2782 ἒίαν
1672 2637 1836 2696 Iliad.
1881 2664 1942 2718 μ,
1985 2638 2112 2702 443
2155 2661 2274 2720 sq.,
2319 2661 2470 2722 quae
2511 2641 2578 2700 in

1539 2744 1610 2782 oc
1640 2734 1696 2781 et
1711 2743 1848 2804 sqq.=
1868 2735 2076 2802 poetae
2105 2727 2300 2784 animo
2328 2725 2576 2784 insidere

1498 2809 1699 2870 debuit
1716 2854 1732 2883 ,
1763 2811 1854 2867 uti
1869 2827 1943 2868 ex
1968 2809 2154 2868 multa
2179 2811 2428 2868 lectione
2441 2813 2578 2868 uni—

1497 2897 1709 2976 cuique
1725 2894 1984 2953 accidere
2005 2915 2237 2954 necesse
2255 2907 2368 2954 est:
2395 2905 2578 2952 tesin-

1496 2981 1698 3040 clinem
1751 3001 1932 3060 agere
1945 3023 1970 3051 ,
2022 2991 2319 3039 scutorum
2345 2983 2578 3041 iuncto-

1492 3088 1629 3128 rum
1657 3066 1828 3144 (nam
1855 3066 1930 3125 de
1957 3064 2228 3125 machina
2261 3067 2445 3125 multo
2461 3069 2578 3124 mi·-

1494 3165 1604 3212 nu's
1650 3155 1904 3232 cogitare
1961 3151 2169 3228 licet),
2224 3152 2468 3222 Troiani
2520 3161 2579 3212 et

1494 3238 1708 3297 Achivi
1763 3237 2031 3297 nondum
2095 3249 2322 3297 norant.
2433 3241 2578 3298 Mox

1490 3327 1787 3404 Messapus
1833 3345 1890 3383 v.
1945 3321 2068 3388 523
2111 3325 2408 3382 Homerici
2436 3312 2577 3383 Sar-

1492 3411 1737 3491 pedonis
1794 3420 1982 3488 partes
2042 3410 2236 3488 explet
2289 3409 2454 3468 Iliad.
2512 3433 2575 3490 μ,

1496 3501 1623 3564 387
1677 3515 1764 3576 sq.
1863 3495 2058 3552 Volsci
2129 3494 2486 3554 ducebantur
2541 3515 2577 3554 a

1496 3581 1769 3651 Camilla3
1815 3599 1940 3660 sup.
1969 3578 2096 3652 vn,
2126 3583 2271 3645 803.
2324 3577 2469 3656 (vid.
2501 3582 2574 3641 V:

1495 3669 1565 3725 L.
1597 3666 1672 3725 ad
1699 3664 1818 3740 xl,
1869 3669 2010 3730 168.
2050 3661 2218 3745 W.)
2304 3668 2572 3725 Ceterum

1493 3771 1711 3812 novam
1741 3753 2016 3824 Troiam,
2043 3751 2269 3826 urbem,
2297 3763 2468 3832 poeta
2495 3755 2576 3811 ita

1494 3838 1817 3918 descripsit,
1847 3847 1914 3895 ut
1940 3838 2111 3895 simul
2140 3847 2456 3896 castrorum
2483 3841 2576 3896 vi-

1495 3944 1628 3984 cem
1656 3943 1723 3982 ea
1750 3923 2026 4007 praebere
2053 3934 2278 4002 posset:
2319 3925 2420 3983 lib.
2448 3925 2574 3999 Vn,

1498 4011 1618 4076 157
1652 4009 1790 4088 Ipse
1816 4007 2023 4067 humili
2047 4009 2324 4088 designat
2343 4011 2576 4068 moenia

1492 4097 1645 4155 fossa
1659 4141 1676 4172 ,
1728 4093 2104 4174 Moliturque
2147 4091 2346 4152 locum
2361 4138 2388 4165 ,
2433 4096 2575 4172 pri-

1490 4201 1739 4262 masque
1755 4182 1822 4238 in
1846 4181 2040 4256 littore
2065 4180 2230 4238 sedec
2244 4181 2575 4238 Castrorum

1490 4271 1559 4326 in
1613 4287 1836 4326 morem
1893 4268 2084 4347 pinnis
2130 4277 2303 4346 atque
2363 4283 2574 4341 aggere

1496 4355 1706 4434 cingit.
1765 4355 1970 4434 Itaque
1997 4353 2143 4410 libro
2170 4369 2331 4428 pono
2361 4369 2435 4404 ex
2451 4349 2571 4403 Ae-

1494 4459 1644 4498 neae
1670 4449 1979 4518 praecepto
2001 4455 2120 4493 non
2149 4437 2210 4516 in
2228 4435 2412 4491 aciem
2433 4451 2570 4512 pro-

1987 4537 2208 4660 24*-
