3009 5050
484 452 635 524 330
977 444 1062 518 P.
1102 437 1629 518 VIRGILII
1677 436 2234 514 MARONIS

479 631 711 709 Nisus
750 625 847 702 ad
883 624 1115 703 haec:
1168 623 1574 726 Equidem
1621 623 1725 700 de
1756 636 1840 699 te
1871 622 1980 698 nil
2007 621 2168 698 tale
2197 621 2572 715 verebar3

480 738 647 810 Nec
674 731 821 815 fas3
870 753 1059 807 non.
1164 732 1279 803 Ita
1306 754 1443 803 me
1472 726 1768 804 referat
1803 727 1946 802 tibi
1987 749 2320 823 magnus
2351 741 2730 803 ovantem

476 834 861 935 Iuppiter,
888 845 1023 909 aut
1050 833 1540 933 quicumque
1571 831 1824 908 oculis
1849 829 2046 907 haec
2077 830 2405 931 adspicit
2431 833 2731 931 aequis,

482 937 645 1015 Sed
664 998 687 1031 ,
740 938 803 1013 si
838 936 1015 1037 quis
1046 946 1285 1037 (quae
1310 935 1562 1012 multa
1591 934 1812 1011 vides
1841 934 2295 1011 discrimine
2321 934 2516 1033 tali),
2573 944 2728 1013 210

480 1043 567 1118 Si
606 1042 779 1142 quis
808 1042 891 1115 in
924 1038 1345 1115 adversum
1372 1040 1623 1139 rapiat
1650 1063 2004 1133 casusve,
2058 1037 2378 1133 deusve,

480 1149 600 1221 Te
641 1168 1055 1244 superesse
1086 1142 1365 1238 velim3
1418 1158 1554 1218 tua
1589 1144 1749 1220 vita
1777 1139 2095 1241 dignior
2123 1155 2350 1219 aetas.

482 1250 639 1345 Sit,
686 1249 823 1347 qui
856 1272 991 1323 me
1020 1260 1339 1348 raptum
1364 1269 1631 1347 pugna
1649 1306 1670 1337 ,
1723 1248 2082 1347 pretiove
2112 1245 2574 1323 redemtum

472 1351 804 1431 Mandet
826 1350 1121 1445 hum03
1174 1350 1404 1427 solita
1432 1362 1566 1425 aut
1603 1352 1666 1425 si
1699 1375 1854 1452 qua
1884 1350 1966 1426 id
2009 1354 2358 1427 Fortuna
2403 1346 2720 1446 vetabit,

578 1496 750 1601 214.
798 1512 1023 1564 mmo
1074 1510 1393 1581 som'rA3
1446 1509 1630 1587 sur,

608 1680 713 1733 210
744 1681 841 1748 qui
870 1680 1061 1733 Moret.
1094 1698 1184 1748 qu.
1330 1682 1435 1735 212
1476 1681 1657 1736 Heius.
1692 1680 1746 1731 in
1781 1696 1876 1741 ore
1911 1679 2108 1733 codicis
2157 1680 2307 1736 vitae
2352 1676 2719 1747 adscripscrat,

472 1758 533 1801 ut
570 1760 708 1800 esset
742 1762 897 1801 aetas
930 1750 1107 1813 vitae,
1147 1748 1370 1821 dignior
1402 1760 1575 1801 nutem
1623 1767 1723 1819 pro
1759 1751 1960 1803 iustior.
2029 1752 2146 1801 Hoc
2184 1758 2264 1801 est
2299 1746 2549 1815 argutari.
2619 1761 2720 1799 tua

474 1830 663 1881 aetas,
710 1818 949 1882 iuventa,
994 1819 1215 1887 dignior
1249 1834 1333 1870 est
1368 1820 1499 1871 vita.
1639 1820 1743 1873 213
1791 1823 1854 1872 Si
1885 1822 1982 1890 qui
2025 1820 2161 1871 Gud.
2199 1839 2228 1870 a
2261 1837 2330 1869 m.
2357 1835 2437 1887 pr.
2508 1818 2571 1869 Si
2595 1818 2720 1886 quis

468 1886 556 1938 vel
602 1890 698 1939 Set
750 1888 872 1954 quis
916 1905 997 1955 pr.
1044 1888 1295 1939 Rottend.
1358 1906 1438 1959 pu
1478 1906 1586 1940 nae
1633 1889 1769 1941 alter
1815 1890 2002 1941 Hamb.
2060 1890 2342 1957 pretioque
2394 1888 2497 1939 duo
2545 1888 2716 1939 Burm.

470 1956 576 2010 214
610 1957 800 2008 solita:
836 1958 910 2007 ita
950 1956 1073 2007 inde
1106 1957 1173 2008 ab
1211 1957 1366 2009 Aldd.
1404 1976 1433 2009 e
1472 1959 1616 2011 itum.
1687 1964 1731 2011 A
1779 1960 1912 2011 Dan.
1949 1958 2168 2010 Heinsio
2204 1957 2484 2009 admissum
2521 1956 2715 2021 solida,

470 2026 613 2095 quod
648 2026 925 2077 damnabat
958 2026 1077 2078 Nic.
1100 2027 1373 2087 Heinsius;
1412 2030 1702 2097 repositum
1739 2039 1912 2081 tamen
1947 2030 2015 2080 ab
2053 2046 2116 2079 eo
2157 2029 2350 2089 solita,
2389 2027 2582 2077 iterum
2617 2042 2716 2075 ex-

468 2094 671 2165 pulsum
706 2113 739 2147 a
776 2097 1104 2159 burmanno,
1154 2096 1241 2164 qui
1288 2097 1469 2149 solida
1519 2106 1711 2149 tuetur.
1785 2102 1880 2151 Est
1915 2116 2042 2150 sane
2075 2096 2392 2165 permutatio
2429 2094 2521 2148 illa
2559 2095 2716 2147 obvia

470 2176 526 2215 et
558 2166 823 2231 frequens.
859 2166 993 2216 conf.
1032 2164 1193 2217 Gulic.
1215 2166 1285 2218 99
1320 2166 1551 2218 solidum
1587 2186 1818 2232 carmen,
1855 2169 1960 2219 imo
1997 2168 2247 2228 colicum3
2283 2176 2388 2218 tum
2427 2166 2594 2219 solita
2627 2164 2714 2215 le·-

466 2243 621 2301 gerat
654 2238 818 2297 Serv„
855 2235 927 2285 ita
982 2251 1191 2302 quoque
1240 2236 1363 2298 Erf„
1416 2246 1470 2287 et
1516 2238 1739 2288 Dorvill.
1812 2240 2010 2297 solita.
2060 2238 2112 2290 εἰ
2153 2254 2292 2307 qua,
2341 2246 2392 2286 et
2429 2254 2458 2287 e
2493 2234 2713 2286 Mentel.

466 2304 647 2354 solito.
680 2304 785 2355 vid.
821 2306 995 2355 Wass.
1032 2304 1098 2354 ad
1133 2304 1343 2356 Sallust.
1380 2306 1487 2372 Ing.
1525 2306 1594 2360 52
1619 2308 1656 2357 f.
1693 2310 2009 2358 Burmannus
2059 2316 2232 2359 tamen
2267 2314 2446 2357 movet
2480 2304 2710 2355 difficul-

465 2383 657 2423 tatem:
690 2373 952 2443 quomodo
990 2372 1201 2424 advenis
1248 2373 1491 2425 Troianis
1531 2376 1714 2428 humus
1761 2376 1865 2429 dici
1901 2376 2070 2443 possit
2105 2376 2287 2427 solita.
2359 2374 2573 2427 Scilicet
2607 2375 2711 2425 hu-

465 2460 577 2493 mus
613 2457 720 2493 non
754 2441 820 2493 de
856 2442 993 2495 Latii
1028 2442 1173 2509 solo,
1209 2445 1302 2496 sed
1338 2444 1550 2495 omnino
1586 2446 1654 2497 de
1687 2456 1830 2497 terra
1865 2445 2198 2513 accipienda,
2250 2462 2350 2512 que
2385 2462 2481 2495 nos
2519 2445 2711 2497 mortui

464 2510 623 2563 condi
658 2522 711 2563 et
728 2498 945 2564 {umeri
982 2512 1207 2566 solleuni
1238 2532 1385 2566 more
1419 2514 1662 2568 solemus.
1699 2515 1825 2584 (vid.
1862 2516 2076 2568 Becker.
2113 2516 2182 2568 ud
2219 2514 2362 2582 Eleg.
2397 2516 2552 2568 Rom.
2588 2533 2709 2584 pag.

467 2581 582 2635 164.
628 2584 767 2650 Wr.)
838 2585 905 2635 Et
940 2592 1056 2634 erat
1086 2583 1270 2636 saltem
1304 2585 1359 2638 in
1394 2585 1550 2636 Latio
1587 2596 1838 2654 occupata
1871 2596 2044 2650 terra,
2091 2587 2148 2636 in
2183 2602 2282 2654 qua
2320 2585 2537 2636 Troiani
2576 2603 2710 2637 con·-

463 2652 737 2716 sederant3
773 2663 854 2704 est
887 2662 1059 2704 autem
1093 2654 1314 2706 solitum
1350 2672 1502 2706 omne
1535 2655 1592 2706 id
1627 2656 1767 2724 quod
1807 2665 1888 2708 est
1922 2657 2176 2724 patrium,
2217 2653 2588 2720 domesticum,
2623 2657 2710 2708 fa-

460 2720 680 2772 miliare.
750 2723 889 2790 Ergo
931 2723 1013 2774 vel
1050 2723 1127 2775 sic
1174 2733 1471 2792 reportatus
1518 2725 1588 2776 ud
1635 2743 1760 2777 suos
1809 2739 1962 2777 terra
1998 2727 2167 2777 solita
2201 2724 2536 2792 sepeliendus
2573 2734 2710 2778 erat.

460 2793 705 2858 Utroque
753 2809 881 2860 ergo
928 2793 1087 2844 modo
1134 2801 1282 2846 recte
1328 2796 1492 2846 humo
1539 2795 1705 2847 solita
1751 2795 1944 2847 dictum
1980 2806 2074 2847 est.
2147 2795 2340 2846 Solida
2387 2793 2590 2846 humus
2619 2796 2706 2846 vix

458 2860 670 2929 placere
706 2871 911 2926 potest,
946 2862 1148 2913 etiamsi
1183 2874 1427 2931 respectu
1462 2865 1848 2930 naufragiorum
1885 2883 1950 2916 ex
1997 2864 2265 2933 pereuntis
2300 2864 2354 2914 in
2393 2863 2526 2916 mari
2559 2864 2708 2916 inse-

457 2929 590 3000 palti
637 2931 905 2982 cadaveris
944 2931 1085 2984 dicta
1130 2933 1447 3000 accipiatur3
1494 2949 1592 2985 nec
1626 2933 1899 2985 dicendum
1919 2973 1934 2998 ,
1971 2951 2086 2986 esse
2121 2935 2397 3002 epitheton
2431 2951 2574 2985 mere
2609 2951 2706 2985 or—

454 3017 616 3063 nans,
652 3001 703 3051 vi
738 3000 971 3070 oppositi
1002 3003 1190 3064 maris,
1238 3021 1331 3053 seu
1366 3002 1532 3066 aeris,
1579 3002 1670 3070 qui
1703 3021 1884 3067 rarus,
1918 3005 2117 3056 tenuis:
2155 3005 2339 3055 eodem
2374 3004 2566 3068 modo,
2599 3021 2704 3072 quo

455 3061 603 3136 ὑγρὰ
638 3065 919 3123 θάλασσα.
988 3072 1101 3122 Nec
1138 3071 1302 3137 magis
1337 3071 1505 3123 solita
1539 3075 1791 3123 Fortuna
1825 3071 2020 3141 placet,
2055 3084 2112 3125 ut
2145 3074 2353 3126 Servius
2389 3073 2546 3126 verba
2581 3073 2702 3124 iun-

454 3139 559 3206 git:
595 3138 685 3206 qui
720 3139 858 3190 unde
894 3139 999 3191 hoc
1036 3138 1312 3205 hebuerit,
1366 3140 1637 3212 praeclara
1673 3141 1832 3194 docet
1865 3153 1994 3194 nota
2030 3143 2150 3194 Iulii
2183 3143 2461 3213 Pomponii
2494 3143 2702 3196 Sabini:

1619 3287 1918 3364 igvzamcm
1932 3329 1958 3358 ,
1997 3286 2302 3344 rediturae
2328 3305 2584 3363 parcere
2610 3286 2707 3344 νὶ-

454 3284 558 3344 sed
585 3284 835 3343 Aeneae
863 3307 985 3346 esse
1014 3285 1259 3362 debent,
1290 3286 1433 3365 fuga
1462 3305 1538 3343 ex

1621 3383 1736 3430 tae.
1815 3373 2044 3443 Quanto
2072 3375 2280 3431 exilior
2307 3373 2479 3430 Statii
2503 3375 2702 3446 oratio,

450 3373 595 3432 urbo
612 3416 630 3447 ,
680 3393 917 3431 errores.
1002 3372 1147 3437 205.
1191 3377 1339 3437 206.
1387 3372 1539 3430 'Ver-—

450 3477 545 3516 sus
576 3461 873 3533 omnium,
918 3477 1063 3540 quos
1091 3461 1368 3531 memini,
1398 3477 1537 3515 sen-

450 3547 665 3602 tentiae
693 3544 1076 3623 generositate
1126 3555 1183 3601 et
1222 3545 1536 3621 mag-nani·-

446 3631 648 3687 mitate
678 3631 1165 3709 praestantissimi.
1258 3629 1531 3705 Sensum,

449 3717 694 3795 quisque
737 3735 911 3774 suum
924 3761 939 3788 ,
994 3717 1276 3786 excutiat,
1337 3725 1395 3772 et
1436 3717 1536 3772 iu-

446 3819 623 3858 venes
649 3802 905 3879 ingenue
932 3811 1097 3859 natos
1126 3801 1389 3860 observet
1406 3843 1421 3874 ‚
1457 3821 1534 3860 an

444 3904 568 3944 non
621 3887 771 3944 lecta
830 3897 889 3944 et
936 3897 1205 3967 perceptu
1248 3891 1532 3949 sententia

446 3969 757 4030 exultent!
849 3973 1082 4030 Habent
1146 3975 1333 4032 simile
1388 3973 1533 4056 quid

444 4060 575 4118 loca
595 4104 611 4134 ,
667 4061 890 4118 Horatii
930 4057 1113 4117 illud:
1170 4061 1532 4139 animaeque

446 4165 709 4224 magnae
804 4144 1142 4227 Prodigum
1230 4147 1532 4204 Paullum

446 4229 635 4314 (quod
665 4231 882 4290 Statius
907 4234 1007 4306 111,
1038 4235 1164 4296 608
1197 4231 1530 4312 largusque

444 4319 687 4374 animae
701 4361 727 4389 ,
794 4320 850 4375 oi
908 4319 1169 4374 suaserit
1222 4319 1345 4396 ira)
1363 4361 1390 4388 ,
1470 4329 1528 4376 et

442 4405 666 4462 Lucani
694 4401 768 4464 de
798 4405 1104 4462 Germanis
1143 4406 1189 4478 1,
1220 4403 1339 4467 461
1385 4403 1528 4460 am·-

444 4509 693 4570 maeque
772 4511 1025 4570 capaces,-
1090 4489 1313 4546 Morta
1345 4509 1365 4544 .-
1468 4499 1528 4544 et

1617 3460 1721 3516 ubi
1745 3457 1808 3517 h.
1837 3461 1880 3518 1.
1921 3461 2228 3540 expressit,
2275 3455 2468 3516 Theb.
2499 3461 2546 3532 1,
2577 3462 2702 3523 607

1615 3545 1855 3603 iuvenes
1898 3545 2160 3604 Famam
2195 3543 2548 3622 posthabita
2583 3544 2704 3623 sa—

1614 3631 1760 3688 oiles
1812 3631 2119 3690 extendere
2177 3631 2326 3688 vita.
2431 3629 2703 3708 (animus

1619 3727 1983 3788 contemtor,
2043 3729 2112 3776 ut
2165 3719 2401 3778 Sallust.
2458 3719 2590 3795 lug.
2648 3735 2700 3773 c.

1617 3803 1763 3868 64st
1809 3805 2036 3878 „inerat
2063 3813 2496 3862 contemtor
2533 3803 2701 3860 ani-

1615 3894 1840 3948 mus.“
1881 3889 2002 3949 vid.
2045 3889 2237 3947 Bentl.
2267 3887 2342 3946 ad
2372 3889 2572 3946 Horat.
2602 3889 2697 3960 IV,

1613 3978 1674 4048 9,
1718 3979 1821 4039 39.
1871 3975 2050 4050 W.)
2133 3975 2275 4032 Esse
2317 3985 2515 4032 autem
2557 3971 2702 4030 bene

1614 4079 1802 4117 mere
1814 4103 1840 4131 ‚
1872 4079 2058 4142 aequo
2085 4055 2180 4118 vel
2209 4062 2308 4118 vili
2349 4063 2526 4118 etiem
2563 4079 2700 4139 pre-

1613 4148 1696 4204 tio
1755 4167 1948 4204 emere
1981 4191 1996 4220 ,
2051 4157 2261 4204 notum
2313 4157 2449 4220 Θαῒς
2502 4147 2696 4204 oculos

1611 4251 1840 4312 aequos·
1863 4253 1920 4291 v.
1950 4235 2076 4295 209
2115 4251 2240 4289 esse
2281 4233 2560 4311 propitios
2575 4277 2590 4305 ,
2635 4234 2696 4288 iu

1608 4329 1848 4397 promtu
1905 4335 2028 4374 esse
2085 4315 2276 4376 debet.
2381 4317 2522 4394 (--·
2553 4321 2696 4382 210.

1611 4423 1770 4481 quae
1803 4403 2000 4460 nudta
2031 4403 2200 4460 mdes
2211 4446 2240 4476 ,
2281 4401 2415 4461 vide
2455 4403 2590 4461 Not.
2623 4402 2696 4460 ad

1609 4489 1734 4565 vn,
1765 4493 1910 4553 200.
1955 4485 2136 4567 W.)
2233 4489 2378 4548 Mox
2419 4493 2545 4553 213
2591 4509 2698 4546 ra·-
