3009 5050
563 482 714 555 456

1057 475 1139 548 Ρ.
1192 469 1709 549 VIRGILII
1759 465 2312 544 MARONIS

566 659 827 738 Prima
862 670 1120 756 tenet,
1172 671 1433 734 rostro
1464 655 1846 754 Phrygios
1871 653 2284 730 subiuncta
2311 635 2640 748 leonesg

566 763 917 842 Inminet
944 760 1085 838 Ida
1110 785 1387 864 super,
1438 755 1795 862 profugis
1823 757 2252 856 gratissima
2299 757 2658 835 Teucris.

706 987 805 1042 157
838 984 1094 1039 subvecta
1126 985 1317 1054 passim
1352 985 1407 1037 in
1440 983 1651 1052 seriptis
1701 993 1752 1034 et
1783 981 2000 1035 excusis.
2067 981 2175 1034 Sed
2208 991 2332 1050 post
2363 980 2600 1034 Pia-ium
2635 978 2800 1033 Hein-

566 1057 675 1112 sius
708 1068 881 1110 tuetur
913 1053 1203 1107 subiuncta
1234 1054 1513 1107 seeundum
1547 1053 1808 1104 meliores.
1888 1053 1983 1104 Est
2027 1063 2197 1104 aute-
2243 1053 2454 1120 posttea
2483 1051 2636 1104 ratio
2687 1066 2799 1121 pre,

567 1126 772 1182 babens
811 1127 997 1178 leones
1033 1137 1217 1177 rostro
1248 1123 1581 1177 subiunctas.
1649 1121 1815 1174 Porro„
1859 1119 1950 1172 alii
1985 1120 2124 1191 apud
2157 1121 2295 1178 Pier.
2330 1139 2444 1173 oum
2475 1121 2646 1174 Goth.
2681 1127 2797 1171 vert.

568 1193 809 1249 subiecta
824 1232 839 1257 ,
886 1211 967 1262 pr.
1017 1194 1207 1244 Μαι-οι.
1256 1192 1533 1258 subve‘esa,
1579 1209 1684 1243 sec.
1719 1189 1996 1243 submissa.

2169 1191 2271 1246 158
2319 1191 2374 1244 ei
2402 1192 2584 1243 Tuom
2611 1199 2670 1242 et
2689 1191 2798 1239 Va-

565 1264 674 1317 rius
720 1263 861 1315 hunc
895 1279 1099 1314 versum
1131 1261 1449 1314 delevissent
1464 1299 1479 1326 ,
1533 1259 1822 1313 Marouiaui
1881 1259 2124 1312 carminis
2168 1261 2459 1313 sententiae
2505 1277 2622 1312 non
2671 1256 2798 1310 mlo

568 1332 973 1396 consuluissent,
1018 1339 1079 1382 ut
1112 1331 1351 1400 equidem
1386 1331 1635 1383 arbitror:
1682 1346 2004 1398 quocumque
2039 1329 2175 1381 enim
2209 1341 2261 1382 te
2294 1327 2515 1382 verteris
2532 1367 2550 1394 ,
2599 1329 2797 1396 impor-

564 1411 721 1455 tunus
758 1409 867 1466 est,
902 1401 983 1452 siu
1016 1399 1324 1465 rescideris,
1357 1399 1524 1454 libera
1559 1411 1610 1451 et
1643 1408 1784 1450 tersa
1815 1398 2046 1452 decurrit
2069 1398 2258 1454 oratio.
2303 1400 2456 1451 Esset
2483 1409 2672 1451 tamen
2703 1395 2796 1448 slis

568 1481 842 1533 structura,
876 1469 1063 1522 omissa
1099 1479 1227 1536 post
1256 1469 1438 1522 leones
1471 1468 1914 1536 interpunctione:
1946 1472 2158 1522 Aeneia
2186 1471 2388 1540 puppis
2414 1471 2602 1539 prima
2625 1479 2796 1524 senen

569 1559 737 1612 super
768 1539 1002 1590 imminet
1034 1539 1141 1590 Ida
1174 1550 1389 1604 rostro,
1422 1538 1709 1591 subiuncta
1741 1537 1928 1590 leones
1959 1539 2250 1620 Phrygios.
2315 1539 2396 1590 Ita
2431 1555 2491 1588 su
2533 1555 2597 1589 er
2630 1546 2795 1589 rostro

568 1609 739 1679 pietus
771 1623 919 1659 mons
953 1624 1066 1659 oum
1100 1607 1236 1659 binis
1272 1607 1368 1660 sub
1402 1623 1467 1659 eo
1502 1607 1756 1659 leonibus.
1819 1607 1990 1671 (Hane
2021 1617 2279 1660 rationem
2309 1623 2418 1659 non
2449 1625 2484 1659 a

868 1692 966 1728 uae
1002 1675 1293 1746 prinoipem
1336 1677 1394 1728 in
1434 1692 1575 1729 novo
1611 1675 1880 1729 enuntiato
1927 1677 2100 1728 locum
2131 1676 2270 1728 mele
2311 1675 2398 1729 hio
2427 1685 2636 1729 tuetur.
2703 1675 2794 1726 ce-

568 1689 753 1730 rosero
765 1714 782 1741 ‚

2579 1606 2594 1622 ’
2645 1607 2688 1658 ‘t
2709 1619 2796 1654 vox

568 1755 735 1798 terum
766 1744 817 1797 vi
854 1763 915 1812 e,
963 1760 1097 1816 quae
1128 1743 1199 1798 de
1232 1747 1337 1799 hoo
1370 1756 1426 1798 et
1457 1747 1733 1818 superiore
1763 1761 1918 1798 versu
1949 1745 2006 1798 in
2039 1745 2194 1800 Notis
2234 1745 2516 1817 disputavi.
2557 1745 2710 1814 Wr.)

568 1950 693 2002 tam
722 1949 780 1999 et
806 1941 1219 2000 continuatam.
1302 1939 1491 2000 Possis
1530 1939 1646 2020 igi-

570 2037 667 2086 tur
690 2027 773 2086 ita
798 2037 1046 2086 statuere
1064 2070 1081 2101 ,
1122 2037 1190 2085 ut
1218 2023 1371 2084 dicas
1396 2035 1648 2085 rostrum

570 2109 687 2172 hoo
742 2129 820 2170 ex
872 2113 1166 2192 superiore
1218 2131 1425 2191 prorae
1483 2121 1648 2192 parte

571 2199 951 2280 prominuisse
965 2241 982 2273 ,
1021 2217 1143 2256 non
1174 2217 1247 2254 ex
1272 2197 1561 2273 inferiore,
1592 2207 1651 2256 et

570 2287 655 2342 ita
679 2285 930 2364 potuisse
954 2284 1285 2342 subimetos
1328 2281 1441 2342 diei
1456 2327 1475 2357 ‚
1517 2284 1560 2342 i.
1589 2304 1643 2342 e.

572 2369 680 2430 sub
708 2379 891 2427 rostro
918 2371 1055 2426 navi
1081 2367 1398 2443 adiunctos,
1427 2369 1642 2442 leones,

572 2455 899 2514 ornamenti
924 2455 1137 2514 scilicet
1164 2473 1353 2513 causa.
1393 2455 1473 2512 Et
1486 2453 1645 2512 huno

572 2542 842 2600 novimus
914 2542 1056 2598 olim
1101 2541 1275 2599 fuisse
1330 2550 1647 2599 rostrorum

574 2627 789 2698 locum,
814 2627 969 2683 imae
993 2628 1129 2685 navi
1158 2626 1231 2683 ab
1256 2627 1526 2685 Aristone
1541 2625 1648 2685 de-

574 2728 745 2769 mum
774 2708 1069 2769 Corinthio
1097 2710 1293 2770 addita
1321 2730 1462 2771 esse.
1545 2710 1649 2770 ld-

577 2815 691 2878 que
720 2799 842 2876 ipse
867 2796 1103 2855 fortasse
1128 2798 1454 2877 probarem,
1482 2798 1532 2856 si
1551 2806 1650 2854 aut

574 2901 709 2941 eam
747 2881 921 2941 fuisse
972 2884 1367 2941 Romanarum
1412 2884 1654 2941 navium

572 2968 785 3027 faciem
801 3011 818 3042 ,
872 2965 936 3026 id
992 2966 1154 3048 quod
1204 2967 1374 3026 facile
1414 2968 1652 3025 refutari

574 3062 765 3132 potest
778 3097 795 3128 ,
838 3063 938 3111 aut
962 3054 1141 3111 talem
1184 3054 1453 3133 antiquae
1488 3054 1654 3111 navis

578 3137 835 3217 effigiem
852 3182 867 3213 ,
911 3156 1061 3218 quae
1098 3136 1248 3195 infra
1290 3148 1471 3196 rostra
1499 3140 1653 3196 eius-

576 3220 741 3281 modi
764 3223 1019 3281 ferarum
1043 3222 1296 3304 speciem
1338 3220 1654 3298 exhiberet,

577 3326 825 3389 usquam
852 3318 1075 3366 exstare
1100 3310 1327 3367 scirem.
1389 3309 1473 3367 At
1496 3310 1653 3367 salva

578 3413 669 3453 res
697 3403 817 3467 est,
860 3394 923 3450 ni
966 3390 1150 3451 fallor.
1234 3392 1339 3452 lda
1368 3404 1453 3453 est
1480 3414 1652 3474 para-

577 3498 781 3538 semon
797 3522 815 3551 ,
869 3480 1065 3536 leones
1104 3489 1301 3536 autem
1340 3490 1523 3538 rostro
1572 3480 1654 3537 ita

578 3564 869 3623 subiuneti
886 3604 907 3633 ,
964 3572 1032 3620 ut
1069 3564 1261 3642 ipsum
1298 3575 1548 3622 rostrum
1589 3566 1653 3621 in

579 3649 819 3707 leonum
857 3647 1067 3705 faciem
1112 3652 1313 3707 exiret.
1408 3651 1653 3708 Exstant

580 3734 741 3789 enim
784 3732 1003 3813 aliquot
1053 3732 1337 3793 eiusmodi
1374 3736 1656 3813 imagines

582 3818 951 3897 antiquarum
974 3821 1213 3877 navium
1229 3863 1247 3894 ‚
1278 3838 1528 3901 quarum
1553 3838 1655 3878 ro-

578 3911 697 3960 stra
740 3902 957 3981 effigies
998 3904 1251 3962 ferarum
1288 3924 1427 3983 prae
1474 3926 1538 3963 se
1566 3906 1657 3962 fe-

580 3996 749 4062 rum3
778 3987 897 4047 vid.
927 3984 1206 4047 Soheffer.
1238 3989 1311 4047 de
1338 3991 1505 4049 Milit.
1531 3992 1586 4048 N
1588 4009 1655 4048 a-

580 4071 697 4130 vali
734 4092 795 4151 p.
829 4076 949 4137 126
976 4093 1063 4153 sq.
1146 4073 1347 4149 Adde,
1389 4093 1542 4155 quae
1584 4074 1657 4133 de

584 4157 919 4217 Samiorum
957 4160 1199 4217 navibus
1252 4158 1425 4218 refert
1463 4158 1654 4241 Didy-

580 4262 715 4301 mus
766 4242 921 4322 apud
962 4242 1317 4323 Hesychium
1357 4245 1464 4303 sub
1507 4264 1654 4303 voce

582 4323 891 4407 Σαμιακός
918 4323 1171 4408 τρόπος·
1226 4329 1536 4409 ,,Δίδυμος
1565 4327 1649 4405 δὲ,

584 4407 691 4486 τοὶς
706 4412 942 4492 Σαμίας
959 4418 1111 4487 ναῦς
1140 4411 1467 4494 ἰδιαιτέραν
1484 4410 1648 4493 παραὶ

584 4492 691 4573 τοὶς
719 4494 903 4574 ἄλλας
946 4502 1100 4573 ναῦς
1124 4495 1239 4581 τὴν
1270 4497 1647 4583 κατασκευήν

1729 1937 1884 2020 ἔχειν
1899 1951 1921 1972 ·
1977 1931 2290 2022 saionis-eoos
2343 1933 2456 2019 μὲν
2507 1938 2634 2022 γάρ
2693 1935 2794 1998 εἰσι

1727 2023 1837 2100 wig
1857 2023 2153 2130 γαστέρας
2167 2044 2186 2062 ·
2241 2019 2386 2098 τούς
2413 2019 2482 2087 δὲ
2511 2017 2792 2105 ἐμβόλους

1731 2129 2132 2194 σεσημανται,
2175 2109 2259 2186 ὥς
2283 2111 2490 2174 δοκεῖν
2527 2107 2792 2192 ῥύγχεσιν

1729 2193 1861 2259 ὖῶν
1943 2195 2172 2276 ὁμοίως
2247 2192 2741 2260 κατεσκευάσθαι.
2759 2193 2790 2224 “

1725 2280 1886 2341 Audi
1911 2284 2088 2340 etiam
2119 2282 2390 2340 Servium
2413 2279 2492 2340 ad
2521 2303 2612 2342 vs.
2631 2283 2787 2346 166.:

1727 2369 2064 2444 „Aerata
2093 2368 2308 2446 tigriz
2353 2367 2520 2426 euius
2557 2378 2792 2426 rostrum

1729 2463 1850 2512 erat
1913 2455 1977 2511 in
2045 2450 2484 2511 similitudinem
2557 2451 2788 2533 tigridis

1727 2558 1984 2619 namque
1999 2540 2188 2597 solent
2205 2560 2382 2599 naves
2393 2542 2680 2600 vocabula
2707 2556 2791 2595 ae-

1729 2627 1923 2704 cipere
1951 2645 1988 2683 a
2015 2626 2239 2704 picture
2263 2626 2640 2685 tutelarum.“
2681 2626 2789 2682 Ex-

1729 2721 1916 2769 trema
1971 2708 2118 2769 haee
2173 2730 2438 2791 namque
2460 2744 2552 2755 —-
2589 2708 2790 2769 aad&

1731 2816 1870 2855 rum
1899 2839 1924 2867 ‚
1977 2805 2048 2855 ut
2085 2797 2442 2855 Graecorum
2467 2842 2484 2871 ‚
2537 2817 2660 2856 non
2685 2798 2788 2854 Ro-

1732 2900 2072 2952 manorum,
2099 2881 2500 2941 consuetudini
2529 2880 2789 2943 conveni-

1733 2969 1888 3025 entia
1905 3010 1922 3041 ,
1965 2968 2115 3025 bene
2141 2968 2410 3027 reflatavit
2433 2966 2788 3029 Emchodeus

1732 3054 1796 3111 in
1853 3052 2286 3131 Disputatione
2331 3053 2408 3111 de
2478 3052 2705 3111 melas
2743 3056 2790 3105 et

1736 3136 2088 3217 Insignibus
2139 3137 2419 3197 Navium
2473 3133 2790 3199 Ruhnkenii

1735 3224 2033 3301 opusculis
2073 3227 2284 3283 inserte
2324 3226 2403 3285 T.
2445 3227 2494 3284 1.
2549 3246 2612 3306 p.
2661 3220 2788 3287 440·

1735 3310 1868 3367 ooll-
1897 3329 1958 3389 Ρ.
1990 3308 2137 3373 450.
2166 3308 2304 3369 edit.
2347 3312 2446 3369 alt.
2489 3312 2787 3390 Bergman.

1744 3391 1920 3471 W.)
2009 3393 2188 3454 Sedet
2229 3394 2330 3453 hic
2341 3438 2369 3467 ,
2440 3394 2500 3455 h.
2541 3398 2608 3455 in
2651 3390 2785 3461 navi,

1733 3480 1960 3538 Aeneas
1987 3500 2126 3538 eum
2149 3481 2429 3539 Pallante.
2481 3483 2681 3541 Posses
2703 3476 2789 3535 hie

1735 3562 1810 3623 de
1865 3584 2038 3644 prora
2091 3569 2352 3646 accipere
2366 3611 2382 3641 ,
2455 3566 2614 3625 unde
2663 3564 2789 3622 tiber

1733 3650 1880 3709 caeli
1931 3664 2297 3730 prospectus3
2353 3649 2458 3711 sed
2501 3653 2659 3711 loeus
2707 3666 2788 3707 se-

1735 3734 1914 3797 dendi
1942 3746 1999 3795 et
2025 3738 2162 3795 alibi
2187 3739 2248 3794 in
2277 3740 2459 3817 puppi
2471 3740 2785 3818 assignatur,

1739 3830 1798 3879 et
1825 3820 1929 3880 inf.
1943 3824 2138 3887 v.218
2169 3824 2232 3880 in
2251 3824 2433 3903 puppi
2458 3822 2662 3882 sedens
2685 3818 2788 3877 dis-

1736 3916 1856 3965 erte
1925 3904 2248 3967 exhibetur.
2347 3908 2468 3967 Ich
2522 3902 2788 3987 pmfitffllss

1729 3992 2084 4070 gratissima
2119 3994 2378 4051 Teucris.
2447 3992 2523 4053 of.
2551 4014 2674 4073 sup.
2699 3988 2784 4047 lib·

1731 4078 1835 4151 m,
1865 4076 1926 4141 5.
1957 4083 2018 4143 6.
2099 4077 2252 4137 Illud
2291 4080 2441 4157 forte
2477 4080 2668 4159 paullo
2695 4074 2788 4132 ob-

1735 4164 1952 4221 scurius
1995 4174 2113 4239 est,
2171 4182 2286 4245 qua
2343 4166 2564 4223 ratione
2603 4161 2700 4221 Ida
2734 4159 2784 4213 11¹

1733 4266 1904 4325 prora
1930 4248 2084 4327 pieta
2117 4260 2176 4306 et
2220 4251 2418 4308 leones
2458 4250 2566 4309 sub
2611 4252 2786 4306 moute

1735 4335 1986 4412 expressi
2013 4334 2243 4392 fuerint.
2315 4337 2524 4393 Leonis
2551 4344 2700 4393 certe
2724 4322 2784 4384 ad

1731 4420 1946 4476 montis
1974 4418 2338 4479 altitudinem
2363 4421 2464 4479 vix
2512 4420 2630 4478 ulla
2667 4432 2785 4497 pro·

1727 4504 1917 4583 portio
1945 4522 2068 4563 esse
2093 4505 2303 4584 potuit.
2347 4502 2516 4565 Idam
2539 4506 2646 4565 sub
2669 4516 2787 4582 per-
