3009 5050
451 392 602 466 278

447 576 666 672 Ipse,
711 565 1000 645 sedens
1029 566 1268 641 niveo
1305 563 1717 639 candentis
1742 562 2019 639 limine
2048 562 2383 661 Phoebi,

936 380 999 455 P
1052 376 1589 458 VIRGILII
1638 375 2197 453 MARONIS

2530 546 2691 647 '720

446 679 678 752 Dona
703 669 1204 767 recognoscit
1227 666 1717 769 populorum
1734 726 1755 762 ‚
1802 680 2171 767 aptatque
2202 666 2565 771 superbis

449 774 852 868 Postibus;
907 772 1292 849 incedunt
1315 770 1569 847 victae
1594 769 1841 869 longo
1876 768 2166 847 ordine
2194 782 2507 870 genum,

451 884 714 975 Quam
739 878 998 953 variae
1027 874 1346 973 linguis,
1392 872 1671 950 habitu
1694 888 1861 949 tam
1894 874 2129 951 vestis
2159 887 2241 951 et
2266 875 2521 955 mnis.

447 985 594 1059 Hic
639 979 1096 1059 Nomadum
1141 1001 1392 1077 genus
1427 992 1509 1053 et
1544 977 1965 1053 discinctos
2004 977 2397 1055 Mulciber
2438 977 2689 1076 Afros,

447 1086 592 1161 Hic
621 1083 945 1183 Lelegas
983 1085 1378 1184 Carasque
1405 1079 2035 1183 sagittiferosque
2076 1082 2434 1159 Gelonos
2537 1094 2687 1163 725

587 1260 688 1313 721
724 1269 978 1327 actaeque
1011 1256 1236 1309 Dorvill.
1337 1256 1444 1312 722
1485 1256 1525 1307 1.
1574 1274 1623 1309 0.
1658 1267 1865 1308 maeres
1896 1255 2103 1325 aliquot
2134 1256 2273 1309 Pier.

2406 1253 2513 1311 724
2544 1258 2693 1307 Ηίιιο

443 1327 536 1410 hie
567 1336 625 1379 et
661 1345 721 1379 se
759 1344 808 1378 ι.
842 1343 992 1378 vernn
1035 1325 1200 1395 aliqui
1239 1326 1348 1377 aive
1391 1337 1615 1391 utroque
1648 1324 1773 1377 loco
1817 1325 1925 1379 nive
1974 1326 2231 1379 alterutro
2274 1334 2499 1378 tantum.
2558 1326 2719 1377 ,Nu--

444 1398 648 1451 nudum

689 1414 728 1466 p
749 1396 928 1464 orique
980 1395 1118 1447 Pier.
1159 1405 1216 1446 et
1269 1406 1382 1447 tres
1435 1395 1595 1452 Goth.

1676 1394 1991 1447 Nun-adum
2024 1395 2115 1447 alii
2148 1396 2349 1459 Heium,
2406 1406 2463 1447 nt
2496 1392 2693 1463 panim

444 1466 592 1519 alibi.
641 1484 691 1518 v.
731 1482 888 1533 supra
925 1466 996 1517 ad
1031 1466 1119 1528 m,
1163 1465 1284 1519 820.
1351 1464 1671 1530 distinctos,
1704 1464 2019 1527 discinctos,
2058 1466 2369 1527 ἀνίη-ιω,
2403 1464 2693 1529 discalcea,

443 1534 572 1589 vitia
615 1532 974 1587 librariorum:
1019 1534 1160 1587 inter
1197 1549 1332 1603 qnae
1367 1534 1529 1585 etiam
1569 1530 1833 1603 Mula-efer
1872 1534 2203 1589 referendum
2242 1535 2301 1587 in
2326 1544 2481 1603 parte
2508 1535 2691 1586 Helm.

445 1612 504 1657 et
521 1604 676 1657 triuio
699 1603 862 1656 Goth.
932 1600 1200 1655 Mulciber
1225 1601 1495 1673 antiquum
1521 1619 1740 1667 nomen,
1790 1604 1936 1670 qnod
1968 1606 2117 1656 Maro
2156 1604 2224 1657 ab
2252 1602 2399 1657 Attio
2434 1614 2489 1655 at
2512 1606 2690 1672 Egna—

443 1672 524 1727 tio
559 1683 858 1741 acoeperat:
911 1673 1144 1725 Maerob.
1175 1674 1268 1737 vl,
1302 1672 1335 1725 5
1375 1688 1458 1741 pr.

443 1759 704 1823 cerasque
739 1740 959 1793 Dorvill.

1045 1742 1159 1793 rele
1199 1758 1264 1795 ω
1305 1740 1464 1793 etiam
1496 1742 1649 1793 Rom.

1594 1672 1699 1729 725
1744 1674 1893 1725 Hinc
1922 1674 2081 1725 Goth.
2104 1681 2229 1725 tert.
2300 1672 2451 1725 Hinc
2474 1672 2693 1755 relegas

1720 1745 2026 1825 Car-raeque
2070 1742 2247 1795 multit
2312 1747 2487 1794 Carae
2528 1753 2691 1797 em

437 1812 623 1863 Semo
669 1810 998 1880 praescripti.
1066 1812 1124 1863 Μ
1178 1828 1209 1862 e
1253 1810 1410 1862 etiam
1446 1810 1617 1863 Cerda
1656 1826 1723 1863 eo
1768 1810 2010 1879 deveant,
2064 1822 2124 1865 nt
2162 1812 2405 1868 Carrhae
2426 1812 2691 1881 Metopo—

441 1876 630 1933 umiae
655 1880 862 1933 inferat
931 1880 1170 1934 Gelonos
1195 1881 1298 1932 duo
1326 1880 1496 1932 Burm.

441 2022 597 2082 quas
685 2004 956 2063 victimae
1049 2004 1521 2063 iimnolabantur.

439 2088 576 2167 (osr.
605 2089 676 2148 V.
703 2090 773 2147 L.
805 2088 878 2147 ad
907 2090 1017 2147 Ge.
1043 2092 1118 2163 11,
1147 2094 1294 2154 260.
1342 2087 1521 2167 W.)

521 2178 650 2238 720
663 2192 789 2257 sqq.
821 2170 1139 2255 Splendida
1165 2192 1362 2231 rerum
1383 2194 1523 2255 spe—

438 2256 572 2319 cies.
659 2260 809 2319 Puta
837 2260 1316 2340 triumphatorem
1345 2260 1523 2319 Octa-

437 2345 676 2405 vianum
702 2348 822 2403 iam
847 2348 1088 2405 niti-asse
1113 2346 1339 2405 urbem.
1403 2344 1522 2405 Se·-

437 2428 538 2488 det
576 2448 683 2509 pro
727 2433 1000 2490 tribunali
1037 2432 1144 2489 sub
1188 2433 1414 2510 porticu
1459 2442 1521 2489 et

435 2514 598 2574 aditu
654 2518 856 2598 templi
917 2517 1202 2598 Apollinis
1268 2518 1520 2576 Palatini

435 2611 495 2662 et
522 2613 848 2682 prospectat
878 2601 1188 2686 (exquisite
1227 2623 1519 2684 recogno-

433 2689 548 2746 scit
557 2710 584 2762 ,-
645 2699 943 2768 argutatur
997 2691 1202 2748 Burm.
1259 2691 1326 2748 in
1385 2701 1518 2770 ety-

432 2791 534 2832 mo
561 2776 746 2854 vocis)
785 2773 1195 2834 succedentem
1235 2795 1517 2856 pompam

431 2858 842 2940 triumphalem
859 2905 876 2936 ,
927 2863 990 2919 in
1039 2881 1158 2944 qua
1213 2872 1519 2942 portantur

432 2961 681 3004 coronae
711 2965 940 3022 aureae,
970 2945 1132 3004 dona
1143 2945 1516 3024 populorum

433 3027 618 3107 (conf.
666 3031 912 3110 cerda),
978 3030 1271 3090 ducuntur
1327 3031 1517 3110 capti·-

335 3123 366 3154 ·
427 3135 490 3174 vi
543 3135 662 3174 una
723 3137 862 3176 cum
919 3117 1096 3196 signis
1152 3117 1511 3174 Fluviorum.

429 3199 640 3276 (Aliud
681 3212 766 3260 est
779 3245 796 3276 ,
865 3203 1027 3283 quod
1086 3203 1298 3281 legitur
1355 3201 1513 3282 apud

427 3285 620 3344 Tacit.
662 3285 859 3365 Agric.
919 3307 971 3344 e.
1019 3292 1117 3354 6.:
1177 3289 1432 3361 „electus
1475 3308 1513 3346 a

429 3371 614 3429 Galba
643 3369 717 3429 ad
747 3371 899 3430 dona
928 3374 1282 3452 templorum
1309 3391 1512 3432 reco-

426 3473 470 3534 g
482 3476 524 3512 n
539 3475 574 3512 o
587 3476 613 3514 s
629 3476 710 3538 one
727 3477 768 3514 n
784 3455 822 3514 d
838 3477 871 3514 a
903 3457 1336 3536 diligentissima
1363 3479 1513 3516 oon-

427 3542 732 3621 quisitione
761 3543 897 3600 fecit
911 3587 930 3616 ,
971 3563 1050 3600 ne
1087 3546 1250 3602 cuius
1279 3545 1511 3602 alterius

424 3628 791 3705 sacrilegium
816 3630 1155 3706 respublica,
1185 3643 1368 3710 quam
1387 3631 1511 3687 Ne-

427 3713 584 3770 ronis
609 3756 626 3787 ,
682 3715 1018 3774 sensisset.“
1081 3713 1260 3793 Wr.)
1358 3719 1506 3778 721.

423 3806 713 3876 aptatque
769 3819 820 3856 a.
887 3797 1166 3876 portibus
1179 3821 1199 3858 .-
1267 3818 1513 3860 coronas

426 3901 566 3960 ergo
592 3884 654 3940 in
683 3883 902 3944 foribus
931 3886 1026 3944 vel
1051 3887 1278 3963 porticu
1303 3887 1513 3964 templi

423 3966 695 4046 suspendi
723 3972 964 4032 curavit.
1049 3967 1194 4034 724.
1226 3971 1372 4036 725.
1402 3973 1512 4029 Vi—

425 4049 526 4111 des
553 4055 858 4113 manifeste
871 4099 888 4129 ,
928 4051 1090 4135 quod
1115 4073 1290 4134 supra
1316 4055 1395 4114 ad
1419 4077 1505 4116 vs.

424 4140 550 4203 686
579 4143 912 4222 monuimus
929 4183 946 4212 ‚
988 4149 1226 4218 poetam
1263 4142 1511 4202 carmini

423 4221 770 4303 dignitatem
815 4237 874 4284 et
915 4227 1280 4284 uniestatem
1303 4245 1509 4308 parare

421 4329 502 4370 ex
541 4311 852 4369 nominum
907 4311 1163 4369 novitate
1199 4313 1296 4370 vel
1335 4333 1511 4392 pere-

419 4395 690 4474 grinitate
733 4397 828 4457 vel
879 4397 1182 4456 vetustate.
1267 4397 1509 4456 Noma-

1606 2002 1756 2061 dum
1778 2023 1977 2085 genua
1997 2014 2052 2061 et
2078 2002 2295 2081 Afros.
2358 2006 2502 2064 Erat
2530 2004 2688 2063 enim

1602 2090 1667 2147 in
1695 2090 1937 2148 Antonii
1972 2090 2231 2169 partibus
2270 2108 2489 2171 magna
2528 2091 2690 2147 Affi-

1606 2194 1709 2233 cae
1736 2194 1867 2255 pars
1897 2194 1932 2233 a
1962 2176 2203 2257 Cyrenis
2246 2194 2434 2257 usque
2463 2174 2540 2235 ad
2566 2176 2688 2233 Ae-

1605 2258 1890 2340 thiopiam
1916 2306 1933 2337 ,
2017 2272 2077 2319 et
2131 2262 2393 2321 interfuit
2446 2262 2688 2321 Antonii

1604 2348 1781 2427 copiis
1809 2345 2081 2425 Bogudes
2110 2348 2505 2407 Mauretaniae
2541 2366 2649 2407 rex
2663 2366 2685 2405 ε

1602 2429 1899 2491 Plutarch.
1930 2434 2153 2491 Anton.
2198 2454 2259 2513 p.
2290 2430 2414 2497 944
2443 2436 2515 2491 Β.
2573 2434 2685 2490 Dio

1600 2520 1671 2592 L,
1716 2521 1777 2583 6.
1838 2516 2162 2577 discinctos
2204 2516 2404 2597 Afros
2418 2541 2446 2594 ;
2488 2519 2688 2578 molli-

1601 2606 1745 2664 tiem
1770 2601 2083 2664 hominum
2124 2607 2315 2685 arguit
2358 2616 2515 2665 veste
2553 2607 2685 2664 laxa

1601 2701 1660 2748 et
1686 2689 1925 2750 fluente.
2008 2691 2107 2751 An
2134 2692 2183 2750 is
2210 2693 2477 2770 proprius
2504 2691 2686 2750 Afro-

1598 2793 1733 2834 rum
1761 2771 1988 2834 habitus
2016 2777 2207 2852 fuerit,
2248 2776 2483 2836 aliunde
2512 2780 2686 2856 igno-

1598 2881 1815 2920 ramus.
1896 2861 2163 2942 Lelegas·
2217 2863 2561 2940 Carasque,
2620 2871 2688 2922 ut

1594 2949 1909 3008 nominum
1948 2959 2233 3007 vetustate
2284 2949 2531 3006 carmini
2590 2945 2687 3006 di-

1596 3035 1881 3111 gnitatem
1906 3045 2133 3112 pararet
2146 3077 2163 3107 ,
2204 3034 2395 3112 posuit
2434 3052 2543 3112 pro
2570 3053 2685 3112 po-

1594 3120 1745 3198 pulis
1788 3129 1847 3178 et
1908 3121 2137 3198 regibus
2190 3119 2431 3176 minoris
2488 3119 2681 3194 Asiae,

1598 3221 1742 3284 quos
1774 3215 2141 3263 enumeratos
2168 3201 2329 3262 vides
2358 3201 2515 3282 apud
2534 3205 2685 3262 Plu-

1591 3287 1865 3350 tarohum
1912 3290 1956 3349 l.
2014 3311 2068 3349 o.
2120 3289 2191 3347 B.
2274 3289 2552 3368 Leleges,
2604 3287 2682 3348 de

1596 3394 1847 3456 quorum
1872 3375 2103 3434 sedibus
2134 3375 2343 3436 Strabo
2383 3375 2489 3436 lib.
2536 3377 2681 3444 xm

1593 3463 1779 3520 multa
1847 3459 2101 3542 disputat
2130 3505 2149 3536 ‚
2232 3481 2373 3522 cum
2408 3463 2681 3548 ⁶Cursibus

1594 3565 1761 3604 oram
1777 3548 1950 3606 Asiae
1978 3549 2332 3606 maritimam
2356 3557 2678 3620 tenuerant,

1594 3643 1911 3712 antequam
1966 3636 2043 3692 ab
2100 3635 2337 3694 Ionibus
2394 3635 2561 3691 eiecti
2604 3630 2679 3690 ad

1593 3719 1869 3776 interiora
1934 3731 2312 3779 recesserunt.
2414 3721 2505 3776 De
2568 3715 2677 3792 his,

1592 3823 1705 3862 neo
1734 3801 1809 3862 de
1840 3804 1993 3879 aliis,
2036 3806 2345 3883 Lelegibus
2386 3801 2448 3862 h.
2478 3805 2519 3862 1.
2552 3805 2681 3882 agi-

1592 3899 1709 3948 tur.
1792 3891 2027 3948 Frustra
2078 3888 2155 3947 ad
2210 3893 2399 3948 Dauos
2456 3900 2528 3948 et·
2558 3891 2679 3947 Ba·-

1591 3985 1811 4034 stamas
1840 3991 2059 4033 nomen
2104 3986 2339 4034 revocat
2377 3976 2678 4033 Massonus

1589 4061 1655 4118 in
1698 4061 1857 4118 Iano
1886 4069 2145 4117 rem-ato
2190 4061 2349 4119 Seot.
2392 4063 2569 4119 mo.
2614 4059 2675 4133 5,

1592 4143 1865 4206 adversas
1890 4163 2041 4225 quos
2078 4147 2165 4203 M.
2194 4147 2429 4204 Crassum
2455 4145 2677 4205 bellum

1592 4232 1785 4308 gessit.
1868 4231 2113 4290 Meliore
2156 4233 2285 4288 iure
2324 4229 2403 4289 ad
2457 4231 2677 4290 henam

1593 4314 1741 4374 illud
1779 4316 1991 4374 referas
2026 4314 2291 4374 Gelonos
2308 4355 2333 4386 ,
2379 4333 2525 4396 quos
2570 4333 2675 4394 pro

1590 4402 1766 4460 Dacis
1824 4401 2024 4462 vicinis
2090 4402 2399 4460 nominare
2468 4402 2675 4482 potuit.
