3009 5050
791 380 1955 464 ADLIBRUM.XI
2357 389 2510 465 ‘703

750 619 2026 744 ExcnnsUSII

1038 828 1170 886 De
1276 825 1734 886 Camilla.

433 999 539 1073 xl,
586 996 710 1065 532
738 1019 867 1081 sqq.
913 997 1037 1062 539
1080 1017 1209 1080 sqq.
1256 995 1491 1055 Ριιίειω
1527 993 1602 1054 ob
1628 993 1945 1056 irwisliam.
2026 993 2372 1078 Episodium
2399 996 2512 1060 lioc

262 1096 437 1165 poeta
466 1105 541 1142 ex
571 1087 819 1167 antiquis
845 1084 1127 1143 Italorum
1156 1081 1403 1142 historiis
1446 1101 1551 1140 seu
1593 1081 1803 1140 fabulis
1832 1083 2196 1142 contexuisse
2221 1084 2513 1163 putandus

264 1180 370 1229 est.
412 1173 507 1228 Ex
526 1171 729 1230 Servio
760 1170 835 1231 ad
857 1192 917 1231 v.
936 1169 1061 1233 567
1092 1170 1287 1248 colligi
1310 1177 1520 1249 potest,
1551 1169 1835 1226 Catonem
1860 1164 2008 1226 haec
2035 1169 2204 1228 latius
2225 1189 2348 1228 esse
2374 1191 2515 1252 per-

262 1267 527 1318 secutum
552 1257 612 1314 in
645 1258 864 1338 Origg.,
906 1274 1056 1337 quae
1081 1256 1206 1335 ipsa
1233 1275 1325 1313 res
1353 1273 1628 1313 excusare
1655 1264 1883 1334 poterat
1905 1254 2126 1314 factum
2151 1275 2260 1334 per
2283 1275 2346 1314 se
2371 1276 2516 1336 por-

261 1352 425 1402 tento
454 1343 670 1418 simile,
712 1354 781 1402 ut
824 1341 1022 1402 hastae
1061 1341 1357 1420 alligatam
1408 1340 1696 1400 infantem
1735 1350 1894 1398 trans
1923 1357 2160 1398 amnem
2187 1341 2392 1422 aliquis
2432 1345 2514 1401 ita

261 1430 505 1498 traiiciat
521 1474 538 1505 ,
587 1440 655 1488 ut
680 1431 841 1509 ripae
866 1419 1139 1486 adversae
1164 1426 1439 1506 infigatur
1464 1423 1627 1485 hasta
1641 1471 1658 1501 ,
1699 1427 1825 1485 sine
1853 1425 2086 1486 infantis
2112 1445 2290 1499 noxa,
2334 1433 2514 1510 quam
2563 1430 2574 1444 ’

261 1521 403 1574 cum
428 1516 529 1572 illa
554 1513 815 1574 humeris
842 1524 943 1572 aut
968 1522 1134 1592 tergo
1160 1513 1380 1592 illigata
1404 1524 1704 1571 transnare
1731 1531 1990 1572 amnem.
2050 1511 2221 1583 Quod
2249 1511 2326 1572 de
2361 1507 2516 1595 Pyffr-

262 1598 371 1658 rho
389 1646 406 1675 ‚
450 1601 615 1681 Epiri
642 1619 779 1681 rege
792 1646 807 1675 ‚
856 1618 1043 1680 puero
1084 1609 1387 1658 narratum
1414 1601 1579 1657 aiunt
1617 1599 1806 1657 simile
1821 1643 1838 1673 ,
1881 1599 2057 1680 plane
2085 1596 2380 1657 diversum
2409 1610 2511 1675 est,

262 1689 312 1745 si
338 1685 719 1746 Plutarchum
746 1687 1033 1768 inspicias.
1116 1687 1389 1746 Diversus
1418 1696 1615 1744 autem
1643 1687 1846 1766 utique
1885 1683 1984 1744 hic
2011 1686 2274 1743 Metabus
2303 1686 2376 1743 ab
2420 1705 2511 1761 eo,

264 1775 365 1854 qui
394 1794 471 1832 ex
498 1775 679 1832 Troia
708 1773 897 1832 redux
924 1773 1325 1852 Metapontum
1350 1772 1413 1829 in
1442 1781 1702 1830 extr-a
1740 1771 1904 1830 Italia
1933 1769 2256 1830 condidisse
2282 1771 2513 1829 fereba-

262 1869 392 1918 tur:
429 1862 505 1933 Is,
534 1857 608 1918 de
640 1879 755 1941 quo
772 1857 867 1918 hic
898 1859 1105 1937 agitur,
1134 1859 1532 1930 rexPriverni‚
1563 1855 1723 1938 quod
1736 1858 2080 1916 Volscorum
2105 1856 2387 1938 oppidum
2401 1857 2514 1917 fuit

262 1942 451 2021 (nunc
477 1950 637 2004 vicus
668 1946 982 2024 Piper-no),
1024 1963 1132 2025 per
1156 1943 1503 2003 seditionem
1530 1962 1565 2000 a
1594 1946 1708 2003 suis
1737 1945 1953 2023 pulsus,
1999 1945 2240 2002 Camilla
2267 1944 2386 2002 filia
2413 1945 2514 2002 in·-

260 2031 419 2090 fante
448 2051 647 2090 secum
690 2030 863 2092 ducta
876 2075 893 2106 ,
936 2031 1231 2090 Amasene
1258 2032 1497 2089 traiecto
1513 2073 1530 2106 ,
1591 2032 1654 2088 in
1681 2031 1835 2090 silvis
1865 2029 2134 2089 educavit
2157 2029 2341 2088 filiam
2367 2031 2514 2088 Dia-

260 2131 373 2176 nae
402 2129 815 2178 consecratam.
901 2119 1033 2176 Non
1060 2120 1391 2197 importuna
1420 2127 1507 2174 est
1534 2116 1730 2175 fabula
1758 2115 1834 2175 ad
1862 2115 2198 2176 variandam
2224 2118 2514 2175 narratio-

258 2221 403 2260 nem
430 2202 507 2261 de
532 2204 741 2262 bellico
765 2214 1045 2284 apparatu
1061 2247 1078 2276 ‚
1124 2214 1183 2260 et
1208 2213 1369 2262 tenet
1396 2205 1662 2260 animum
1691 2203 2090 2283 expectatione
2117 2203 2370 2261 fatorum
2397 2204 2516 2261 Ga-

258 2289 458 2346 millae
472 2332 489 2363 ,
536 2287 610 2347 de
641 2307 757 2369 qua
782 2292 1177 2346 narrationem
1202 2307 1363 2346 nunc
1390 2288 1636 2346 instituit
1659 2300 1852 2368 poeta.
1935 2291 2162 2348 Interea
2189 2286 2326 2348 huic
2357 2290 2516 2368 epis·-

262 2371 399 2431 odio
443 2374 648 2430 ultima
690 2385 899 2452 poetae
938 2391 1147 2430 manus
1188 2391 1307 2431 non
1348 2371 1586 2430 admota
1616 2393 1738 2432 esse
1777 2372 2039 2447 videtur,
2084 2393 2221 2432 cum
2258 2375 2514 2434 narratio
2565 2425 2572 2434 .

262 2477 401 2516 cum
430 2459 555 2538 ipso
584 2457 861 2516 Aeneidis
892 2467 1239 2537 argumento
1286 2461 1528 2515 omuino
1569 2477 1692 2515 non
1739 2461 1872 2517 satis
1899 2459 2194 2535 coaluerit,
2237 2453 2378 2539 opis
2404 2477 2516 2516 au·-

264 2554 387 2601 tem
429 2562 463 2601 a
506 2546 732 2601 Iunone
776 2546 983 2602 missae
1022 2546 1410 2601 ministerium
1452 2544 1556 2601 vix
1601 2564 1766 2618 eum,
1825 2563 2004 2626 quem
2047 2546 2514 2624 expectabamus,
2621 2589 2633 2601 .

264 2626 543 2689 effectum
587 2626 819 2687 habeat.
902 2630 1037 2687 Non
1079 2639 1305 2707 poterat
1362 2648 1397 2686 a
1431 2639 1624 2687 morte
1665 2630 1827 2687 fatali
1871 2622 2515 2691 vmdioarewnmfflm

260 2734 431 2775 suam
458 2716 679 2790 Diana3
720 2725 789 2773 ut
826 2732 937 2777 nec
979 2715 1198 2794 Iupiter
1240 2711 1676 2793 Sarpedonem,
1719 2734 1832 2773 nec
1860 2716 1957 2773 alii
1999 2712 2080 2773 dii
2107 2717 2250 2775 alios
2276 2715 2514 2792 heroes3

263 2800 435 2872 Quod
484 2811 685 2859 tamen
728 2799 888 2859 idem
940 2802 1162 2887 Iupiter
1206 2800 1271 2858 in
1314 2798 1656 2879 Sarpedone
1699 2800 1809 2859 sibi
1852 2801 2026 2860 licere
2069 2804 2148 2859 ait
2163 2847 2179 2876 ,
2237 2800 2518 2883 quodque

263 2888 445 2945 etiam
472 2884 757 2965 providet,
799 2896 865 2944 ut
894 2888 1016 2944 eius
1046 2905 1255 2967 corpus
1272 2930 1289 2959 ,
1340 2886 1574 2945 victoris
1601 2882 1851 2945 ludibrio
1879 2885 2248 2963 subductum,
2283 2890 2348 2945 in
2390 2890 2519 2969 Ly-

260 2973 417 3033 ciam
442 2970 794 3046 abducatur,
842 2969 906 3030 id
946 2968 1063 3031 hoc
1110 2974 1243 3031 loco
1269 2974 1455 3030 Diana
1488 2972 1818 3031 curandum
1855 2975 1964 3033 sibi
1989 2976 2184 3033 sumit.
2267 2974 2518 3033 mittitur

262 3059 401 3137 Opis
418 3102 435 3133 ‚
478 3059 703 3119 Dianae
730 3077 869 3117 arcu
914 3059 1233 3130 instructa,
1279 3069 1346 3117 ut
1391 3059 1672 3117 Camillae
1727 3062 2169 3118 interemtorem
2227 3058 2516 3122 conficiat.

258 3146 365 3203 Illa
394 3146 683 3204 Aruntem
712 3143 890 3203 caede
920 3144 1197 3203 Camillae
1228 3145 1590 3203 exultantem
1617 3149 1822 3225 sagitta
1851 3145 2153 3225 transfigit,
2203 3149 2516 3227 statimque

262 3229 341 3291 ad
370 3232 691 3313 Olympum
720 3232 946 3301 evolat,
1003 3252 1063 3291 v.
1094 3234 1241 3297 863.
1271 3233 1418 3296 867.
1504 3232 1648 3290 Erat
1689 3242 1888 3291 tamen
1909 3278 1928 3307 ‚
1971 3242 2286 3313 antequam
2325 3231 2515 3291 disce-

262 3314 427 3375 deret
440 3361 457 3391 ,
520 3336 727 3398 corpus
780 3336 1015 3397 pugnae
1058 3314 1506 3375 subducendum
1549 3328 1608 3375 et
1648 3319 1711 3376 in
1761 3322 2010 3398 patriam
2070 3316 2512 3399 deportandum,

262 3400 427 3483 quod
465 3404 589 3481 ipsa
630 3401 741 3460 dea
783 3413 1125 3482 promiserat
1164 3422 1227 3461 se
1263 3401 1552 3461 facturam
1592 3422 1652 3488 Vp
1681 3405 1826 3469 593.
1855 3404 1980 3470 594
1997 3448 2014 3479 ‚
2069 3424 2148 3463 ne
2175 3406 2516 3485 spoliaretur
2627 3443 2635 3452 ·

261 3498 365 3547 aut
389 3498 772 3547 truncaretur.
856 3489 1041 3568 Atqui
1067 3485 1183 3547 hoc
1216 3498 1390 3568 poeta
1416 3507 1542 3546 non
1571 3490 1790 3568 attigit:
1833 3494 1896 3549 in
1928 3509 2046 3573 quo
2075 3492 2338 3549 excusari
2363 3490 2513 3549 forte

260 3583 486 3653 potest3
516 3570 593 3632 ad
620 3574 929 3633 artificium
950 3583 1149 3631 tamen
1177 3584 1385 3654 poetae
1410 3575 1628 3633 referre
1655 3572 1813 3635 hunc
1843 3576 2136 3636 defecmm
2163 3578 2348 3635 nolim
2377 3594 2514 3639 cum

264 3659 469 3719 Servio
499 3658 574 3718 ad
602 3680 663 3719 v.
700 3660 847 3725 593.
904 3660 985 3717 Ut
1015 3668 1213 3717 autem
1238 3658 1385 3718 haec
1412 3662 1666 3719 namtio
1697 3664 1817 3721 vim
1845 3661 1920 3721 ad
1950 3664 2174 3723 animos
2203 3661 2516 3723 advertam.
2558 3721 2572 3738 ‚

264 3740 371 3803 dos
398 3742 643 3819 habeat,
684 3742 1030 3826 ponendum
1059 3756 1177 3820 est,
1216 3744 1395 3805 fuisse
1427 3743 1586 3827 apud
1613 3747 1850 3808 Volscos
1877 3761 2042 3811 vetus
2071 3750 2350 3809 Camillae
2377 3768 2516 3810 mo·

264 3840 612 3888 nmnentum
628 3849 648 3889 ε
697 3832 785 3889 uti
812 3830 1167 3910 Sarpedonis
1196 3833 1255 3889 ln
1286 3832 1468 3912 Lycia
1497 3830 1819 3894 habebatur
1845 3838 2176 3916 sepulcrum
2195 3882 2210 3911 ,
2256 3856 2374 3919 quo
2405 3834 2516 3897 de-

262 3915 451 3973 latum
478 3916 600 3974 eins
628 3935 837 3998 corpus
864 3919 1152 3975 Homerus
1184 3934 1417 3975 narrare
1444 3919 1632 3977 voluit
1655 3920 1820 3980 Iliad.
1850 3944 1931 3998 π,
1970 3922 2096 3992 453
2123 3943 2254 4005 sqq.
2339 3923 2507 3981 Cete-

264 4020 401 4059 rum
444 4020 521 4059 ex
567 4001 809 4061 Camilla
852 4002 1187 4061 Glorindam
1217 4004 1386 4064 Tassi
1412 4014 1717 4087 tamquam
1745 4011 2083 4089 exemplum
2124 4028 2246 4069 esse
2275 4028 2515 4088 expres-

262 4104 391 4145 sam
412 4088 547 4145 satis
575 4098 818 4149 constat.
865 4088 967 4149 vid
1004 4086 1310 4149 Oia-usal.
1341 4086 1449 4151 lib.
1498 4090 1690 4151 Canto
1724 4092 1894 4169 XII,
1937 4095 2034 4157 St.
2068 4098 2156 4165 20
2190 4116 2322 4183 sqq·

1180 4388 1588 4403 ⁸——————-—-
