3009 5050
550 506 700 580 406
1084 497 1167 573 P.
1199 492 1730 623 y1Rc1L11
1785 490 2344 611 MARoms
2429 502 2434 507 ·

550 683 947 785 Principio
982 680 1385 757 Phalerim
1414 691 1532 777 et,
1579 678 1881 757 succiso
1913 676 2260 778 poplite,
2311 680 2592 775 Gygen

548 788 884 887 Excipit3
938 784 1128 859 hinc
1154 799 1411 885 raptas
1432 781 1920 882 fugientibus
1951 782 2235 879 ingerit
2265 779 2523 855 hastas

550 895 646 967 In
676 904 1023 987 tergum:
1085 891 1289 965 Iuno
1325 890 1532 965 vires
1565 887 2085 985 animumque
2113 884 2527 962 ministrat.

550 991 794 1073 Addit
858 980 1139 1091 Halym
1202 994 1580 1069 comitem
1606 1048 1628 1086 ‚
1726 1004 1806 1065 et
1867 986 2173 1065 confixa
2229 987 2548 1087 Phegea
2612 1010 2804 1171 ‘'7135-

1702 1116 1873 1186 mag

550 1202 877 1296 Ignaros
916 1196 1209 1276 deinde
1250 1201 1334 1275 in
1366 1195 2146 1296 murissMartemque
2183 1193 2456 1271 cientis

548 1302 1189 1406 Alcandrumque
1224 1301 1700 1402 Haliumque
1727 1304 2312 1400 Noemonaque
2351 1298 2798 1395 Prytanim-

1709 1426 1868 1505 que
1885 1439 1908 1498 ε

658 1515 831 1588 764.
884 1530 1187 1585 meus

683 1714 789 1770 762
825 1714 1107 1769 Phalerim
1138 1714 1344 1784 recepit
1377 1714 1580 1778 Heius„
1608 1730 1728 1767 nam
1761 1714 1842 1767 sic
1871 1714 1986 1765 fem
2013 1710 2169 1765 codd.
2197 1712 2394 1765 habere
2419 1708 2508 1763 vel
2527 1708 2794 1763 Palen-im.

547 1783 739 1850 Vulgg.
774 1786 1033 1847 Falarim,
1069 1783 1211 1853 quod
1244 1794 1419 1837 tamen
1453 1784 1746 1852 analogiam
1779 1782 2033 1835 sermonis
2067 1782 2244 1834 habet.
2289 1782 2538 1835 Priscian.
2568 1778 2667 1831 lib.
2691 1779 2794 1831 Vn

553 1852 824 1917 Faber-im,
858 1864 918 1904 ut
950 1871 983 1906 a
1016 1852 1175 1904 fluvio
1224 1853 1536 1906 sabinorum
1568 1869 1758 1905 nomen
1791 1852 2016 1915 habeat3
2063 1852 2159 1904 sed
2199 1851 2257 1903 in
2289 1852 2574 1903 Troianum
2607 1848 2794 1899 homi-

543 1936 662 1973 nem
696 1938 805 1973 non
836 1922 996 1975 cadit.
1064 1921 1192 1973 Alii:
1226 1922 1475 1988 Falarin,
1509 1922 1766 1975 Falarim.
1835 1924 1973 1975 Tum
2007 1924 2232 1993 Gygem,
2269 1924 2344 1989 Gy
2383 1938 2468 1975 cn.
2571 1918 2678 1973 763
2703 1918 2796 1971 ln‘c

583 2006 626 2042 r.
660 1991 847 2043 Hamb,
916 1978 1044 2043 huic
1076 1993 1207 2044 Ven.
1278 1992 1338 2043 in
1380 2004 1577 2055 raptas
1621 1994 1774 2044 Rom:
1858 1996 1925 2044 E.
1959 2004 2212 2062 arreptae
2255 1990 2340 2043 Go
2405 2028 2420 2042 .
2469 2005 2574 2039 sec.
2644 1988 2794 2039 Idem

543 2007 659 2111 fere
692 2076 869 2111 versus
904 2058 997 2112 inf.
1033 2057 1153 2126 ΧΠ,
1188 2060 1305 2115 330.
1407 2062 1514 2116 764
1545 2062 1616 2113 In
1651 2070 1844 2133 tergus
1875 2061 2054 2113 Heius.
2089 2078 2120 2112 e
2154 2057 2306 2113 Rom.
2345 2070 2402 2110 et
2431 2056 2652 2109 carisio.
2719 2062 2793 2108 At

544 2128 731 2197 vulgo:
768 2132 837 2181 ln
872 2140 1101 2201 tergum.
1148 2129 1253 2183 vid.
1286 2130 1467 2182 Heius.
1535 2132 1827 2201 Integram
1853 2132 2036 2183 Franc.
2071 2140 2125 2183 ct
2157 2134 2303 2183 Serv.
2337 2128 2407 2181 ad
2431 2133 2561 2181 Aen.
2597 2128 2642 2193 1,
2667 2128 2793 2181 211.

544 2198 647 2265 (De
680 2199 994 2250 auctoritate
1040 2199 1255 2251 testium
1302 2199 1348 2250 si
1419 2199 1674 2251 uaerimns
1691 2236 1710 2264 ,
1757 2200 1999 2253 Mediceo
2047 2207 2240 2269 totque
2269 2197 2386 2251 aliis
2435 2196 2591 2249 codd.
2627 2214 2793 2264 prae-

543 2266 872 2323 stantissimis
907 2267 1025 2333 plus
1060 2268 1184 2319 fidei
1217 2268 1389 2320 haben
1430 2287 1514 2321 um
1551 2280 1650 2331 est,
1684 2286 1838 2351 quam
1871 2267 2126 2332 Romano,
2161 2268 2243 2320 cui
2278 2284 2410 2321 uuus
2445 2268 2516 2329 8.,
2551 2266 2642 2335 qui
2676 2266 2791 2317 fere

544 2352 657 2387 cum
694 2352 758 2387 eo
789 2336 1063 2401 consentit,
1100 2337 1467 2403 adstipulatur3
1509 2348 1564 2390 et
1595 2340 1798 2391 Nomas
1834 2339 2014 2408 potior
2047 2338 2316 2391 habendus
2341 2336 2600 2401 charisio,
2635 2352 2790 2405 quem

542 2402 749 2457 duobus
795 2406 1017 2474 amplius
1062 2406 1283 2459 saeculis
1330 2418 1454 2477 post
1511 2408 1658 2460 illum
1697 2408 1888 2461 vixisse
1936 2408 2182 2459 iudicant.
2263 2409 2326 2460 in
2371 2420 2566 2475 tergus
2611 2414 2789 2458 tamen

544 2474 699 2527 etiam
734 2476 873 2544 apud
908 2480 1050 2528 Serv.
1078 2479 1118 2539 1,
1150 2477 1301 2540 2114
1334 2494 1502 2548 neque
1537 2488 1666 2534 vcro
1697 2478 1972 2552 integrum
2005 2477 2082 2530 ibi
2106 2477 2332 2548 legitur,
2377 2485 2438 2528 ut
2472 2477 2788 2528 Burmannus

542 2555 726 2596 narrat
772 2553 827 2595 et
872 2547 1121 2615 Heyuius.
1160 2547 1295 2599 ·Sed
1342 2547 1436 2600 illo
1484 2548 1736 2601 Serviano
1784 2549 1992 2600 scholio
2011 2587 2026 2610 ,
2079 2549 2222 2617 quod
2271 2548 2420 2600 abest
2452 2564 2485 2599 a
2519 2546 2787 2616 plerisque

544 2613 701 2666 codd.
739 2623 795 2665 et
831 2615 981 2680 edd„
1036 2633 1141 2668 non
1188 2617 1401 2670 multum
1438 2635 1684 2680 morcon
1729 2616 1937 2670 videtur
1983 2617 2070 2680 id,
2104 2627 2162 2667 ut
2195 2617 2358 2669 multa
2393 2616 2525 2680 alia,
2573 2633 2684 2667 nou
2719 2615 2785 2667 ab

544 2683 667 2752 ipso
701 2682 882 2735 Servio
928 2682 1205 2755 scriptum,
1252 2687 1349 2738 sed
1399 2703 1463 2738 ex
1513 2687 1848 2740 Grammatici
1897 2686 2108 2740 alicuius
2156 2685 2298 2739 libro
2341 2685 2466 2738 illuc
2497 2685 2786 2746 invectum3

556 2769 674 2803 nam
706 2752 823 2820 ipse
855 2755 1063 2807 Servius
1097 2759 1144 2807 si
1177 2766 1361 2808 nostro
1392 2756 1513 2808 loco
1547 2769 1740 2827 tergus
1769 2755 2016 2824 legisset,
2048 2771 2153 2807 uon
2185 2765 2390 2808 taceret
2419 2755 2520 2820 hic,
2557 2755 2653 2808 ubi
2685 2755 2787 2806 mi-

538 2821 678 2874 nime
714 2822 1011 2890 oportebat.
1077 2829 1149 2877 At
1183 2825 1229 2876 si
1264 2835 1534 2877 constaret
1566 2836 1804 2893 tergus
1841 2825 1996 2878 etiam
2037 2825 2103 2878 ab
2141 2825 2256 2878 aliis
2310 2825 2515 2878 idoneis
2547 2825 2787 2877 auctori-

538 2889 637 2944 btu
673 2908 771 2960 pro
806 2901 1014 2960 tergo
1049 2892 1248 2946 dictum
1284 2913 1429 2960 esse,
1472 2895 1816 2948 concederem
1850 2895 2103 2960 fortasse,
2165 2895 2554 2964 exquisitiorem
2588 2895 2788 2948 lectio-

538 2977 662 3011 nem
698 2960 960 3029 expulsam
999 2979 1113 3014 esse
1162 2981 1193 3015 a
1239 2963 1486 3016 librariis.
1557 2967 1608 3016 N
1611 2981 1710 3016 unc
1755 2965 2041 3017 consultius
2097 2963 2223 3016 duxi
2267 2978 2484 3037 tergum
2516 2981 2784 3017 revocare.

538 3029 613 3080 Et
648 3041 838 3098 tergus
870 3031 1024 3082 facile
1070 3033 1213 3085 nasci
1246 3034 1425 3101 potuit
1460 3051 1524 3085 ex
1569 3049 1713 3086 voce.
1745 3033 2068 3102 praegressis
2099 3035 2158 3086 in
2193 3035 2410 3087 eandem
2439 3033 2652 3086 literam
2685 3033 2786 3085 de—

540 3099 835 3150 sinentibus
886 3113 1166 3168 raptas—
1184 3101 1259 3172 ju
1313 3101 1539 3155 'enta‘bus
1560 3131 1627 3141 —
1658 3101 1884 3164 hastan
1929 3103 2033 3155 vid.
2070 3105 2136 3168 Q.
2185 3105 2253 3156 V.
2289 3105 2389 3172 lx,
2441 3105 2490 3167 2,
2529 3103 2581 3156 d.
2640 3103 2784 3172 Wr.)

536 3163 639 3219 765
676 3167 895 3234 Halyn,
929 3170 1140 3238 Halia,
1172 3173 1237 3222 H
1300 3173 1385 3237 'm,
1428 3172 1608 3236 Alim,
1653 3171 1818 3237 Alym
1850 3171 1906 3224 in
1936 3172 2090 3224 codd.
2163 3173 2368 3244 Halym
2403 3175 2586 3226 Heius.
2623 3191 2652 3225 e
2687 3191 2785 3226 ve-

536 3234 857 3288 tustioribus.
927 3237 1070 3288 Idem
1104 3241 1323 3307 confixa
1355 3249 1533 3292 tuetur
1568 3251 1748 3291 contra
1781 3240 2022 3305 Pieriam,
2069 3242 2160 3312 qui
2195 3243 2460 3312 probabat
2493 3245 2782 3311 confirm,

538 3303 679 3368 quod
711 3314 815 3355 ant.
852 3303 990 3371 edd„
1022 3307 1076 3358 in
1112 3308 1195 3360 his
1230 3309 1347 3362 Ald.
1383 3327 1481 3380 pr„
1515 3309 1730 3372 habent,
1763 3319 1820 3361 et
1851 3311 2042 3364 Medic.
2075 3330 2108 3364 a
2142 3330 2210 3364 m.
2244 3331 2348 3366 sec.
2383 3315 2485 3382 (est
2519 3329 2580 3365 ca
2615 3314 2784 3366 altera

534 3370 730 3424 Medic.
764 3371 939 3426 lectio.
980 3377 1124 3442 Wr.)
1194 3378 1485 3444 eortfexum
1535 3377 1776 3430 Parthas.
1858 3393 1913 3432 σε
1934 3382 2061 3448 fixa
2115 3381 2330 3435 Dorvill.
2399 3381 2618 3450 confixa
2662 3383 2783 3465 pri-

536 3455 674 3491 mum
711 3453 971 3494 exaratum
1006 3445 1351 3510 deprehendo
1400 3447 1455 3500 in
1506 3445 1626 3500 Ald.
1661 3457 1786 3502 tert.
1834 3447 1987 3514 1514,
2035 3450 2169 3502 adeo
2207 3469 2273 3502 ue
2305 3469 2405 3521 per
2447 3453 2782 3520 Naugerium.

536 3508 641 3563 766
676 3511 756 3560 Μ.
796 3524 1019 3564 ruentes
1052 3518 1226 3582 sprot.
1294 3517 1547 3582 (eleates,
1582 3517 1683 3581 sic,
1720 3534 1818 3585 pro
1843 3520 2048 3571 cientes
2079 3521 2165 3572 Me
2207 3520 2290 3583 ic.‚
2323 3522 2421 3573 sed
2454 3541 2485 3573 e
2518 3521 2572 3572 in
2607 3524 2632 3572 ἰ
2663 3540 2782 3573 mu-

536 3585 671 3658 tata.
714 3579 857 3646 Wr.)
997 3582 1101 3637 767
1134 3585 1303 3636 Totus
1339 3604 1517 3638 versus
1563 3603 1626 3638 ex
1662 3588 1892 3640 Homero
1927 3605 2204 3642 conversus
2239 3589 2386 3642 Iliad.
2434 3606 2480 3658 ε,
2515 3591 2635 3655 678,
2687 3591 2782 3644 sed

536 3661 651 3697 sme
698 3647 1188 3718 depravationibus,
1248 3671 1377 3724 quas
1422 3657 1479 3708 in
1513 3654 1726 3726 Virgilii
1774 3655 2046 3710 codicibus
2089 3659 2232 3728 apud
2263 3661 2540 3713 Burmann.
2585 3661 2779 3714 videas.

535 3829 772 3900 captum
818 3823 1017 3883 fuisset
1059 3845 1096 3884 a
1138 3829 1383 3890 Rutulis.
1469 3835 1616 3896 760.
1699 3832 1975 3893 uansfixa
2001 3835 2333 3896 confossum
2349 3881 2367 3912 ,
2413 3847 2474 3896 et
2513 3841 2644 3903 766
2673 3840 2779 3896 ΑΙ-

534 3915 595 3962 at
634 3907 733 3964 ille
775 3921 1075 3969 occaecata
1116 3925 1315 3972 mente
1360 3914 1438 3976 ad
1478 3935 1616 3976 cae-
1700 3919 1983 3978 candi-um
2012 3932 2070 3980 et
2111 3934 2328 3982 ceteros
2361 3943 2624 4003 pugnam
2652 3927 2778 4004 agi-

533 3987 671 4048 dem
698 3992 1025 4054 faciendam
1048 4000 1183 4056 ruit.
1698 4015 1885 4065 tautes
1911 4008 1976 4064 in
1996 4009 2176 4066 muris
2203 4027 2444 4068 aversos
2471 4008 2660 4068 caedit
2673 4055 2690 4082 ‚
2719 4021 2778 4069 at

617 4079 764 4141 762.
838 4079 992 4138 Ordo
1022 4092 1136 4156 est,
1194 4083 1385 4164 inquit
1410 4085 1612 4146 Serva
1695 4091 2003 4170 Lynceum
2023 4091 2362 4154 adversum.
2450 4099 2594 4160 767·
2627 4097 2776 4154 Cum

532 4161 766 4241 Excipit
796 4161 901 4237 (in
928 4185 989 4223 se
1016 4167 1361 4248 irruentem)
1394 4181 1451 4230 et
1478 4191 1618 4231 suc-
1699 4173 1796 4235 bic
1823 4194 2020 4236 versus
2049 4177 2124 4238 ad
2149 4181 2397 4239 verbum
2423 4201 2501 4239 ex
2520 4183 2774 4240 Homero

532 4245 670 4306 cidit
697 4251 1008 4328 poplite1n3
1042 4261 1109 4310 ut
1122 4273 1248 4334 sup.
1262 4255 1390 4318 537
1407 4257 1614 4314 Posti-
1695 4279 2002 4322 conversus
2057 4267 2130 4322 sit
2186 4263 2346 4340 (vid.
2390 4267 2526 4325 Var.
2563 4268 2775 4346 Lech),

533 4330 645 4390 bus
700 4332 893 4392 haesit
945 4335 1163 4398 adesis.
1272 4338 1439 4399 Idem
1485 4347 1610 4408 763
1691 4347 1892 4427 ibique
1929 4347 2110 4408 iidem
2153 4349 2420 4411 homines
2463 4354 2536 4413 ab
2575 4355 2778 4433 Ulysse

528 4429 739 4496 raptas
764 4423 888 4480 scil.
918 4419 992 4482 de
1018 4443 1321 4484 caesorum
1362 4426 1612 4488 cadave-
1693 4434 1868 4490 occisi
1907 4445 2244 4494 narrentur:
2317 4438 2586 4515 Servius,
2639 4437 2776 4498 inde

440 4579 449 4586 .
529 4503 703 4564 ribus.
807 4507 955 4574 765.
1010 4507 1317 4595 Phegeum
1332 4558 1348 4591 ‚
1406 4533 1610 4595 parma
1693 4535 1972 4596 apparere
2014 4521 2096 4580 ait
2113 4566 2131 4597 ,
2201 4539 2326 4582 non
2364 4521 2442 4583 ad
2477 4521 2776 4584 historiam
