3009 5050
602 399 1220 480 AENEIDOS
1269 401 1484 480 LIB.
1540 401 1712 498 VII,
1768 409 2197 485 603—611

2409 415 2517 485 89

276 590 482 662 Sunt
507 589 872 684 geminae
897 587 1099 664 Belli
1127 600 1409 688 portae
1439 587 1585 683 (sic
1609 588 1946 664 nomine
1979 589 2283 690 dicunt)

274 689 692 787 Religione
721 713 985 766 sacrae
1013 705 1100 767 et
1117 693 1328 767 saevi
1359 689 1793 768 formidine
1823 693 2127 770 Martis:

279 795 624 872 Centum
653 796 864 870 aerei
891 791 1269 871 claudunt
1293 807 1596 888 vecteS‚
1649 808 2131 897 aeternaque
2158 794 2350 872 ferri

273 896 636 985 Robora;
689 921 842 974 nec
872 911 1134 973 custos
1163 897 1462 974 absistit
1493 897 1771 974 limine
1803 901 2057 977 lanus.

2370 910 2522 980 610

275 1003 434 1076 Has
450 1059 472 1096 ,
521 999 660 1074 ubi
693 1013 906 1078 certa
929 1000 1160 1078 sedet
1185 1001 1541 1103 patribus
1564 1003 1956 1078 sententia
1986 1025 2323 1102 pugnae,

416 1173 520 1228 607
555 1176 702 1225 Sunt
751 1175 967 1227 Gemini
1011 1172 1308 1228 emendatio
1355 1177 1430 1228 Io.
1477 1174 1635 1227 Marii
1672 1171 1821 1226 Mutii
1858 1175 1997 1244 apud
2030 1175 2229 1242 Heium,
2280 1183 2340 1230 ut
2372 1177 2523 1232 Ianua

278 1243 530 1296 Geminus
563 1241 889 1312 designetur.
955 1247 1132 1296 Ianus
1169 1246 1429 1296 Geminus
1461 1263 1622 1312 saepe
1654 1255 1995 1296 memoratur:
2051 1263 2117 1296 an
2153 1261 2369 1314 utquam
2408 1249 2523 1298 Ge-

283 1315 464 1364 minus
519 1311 684 1364 nolum
738 1322 792 1363 et
825 1313 1098 1378 absolute,
1145 1315 1331 1366 merito
1373 1315 1609 1366 dubites.
1678 1314 1822 1366 Idem
1872 1314 2036 1366 multo
2086 1313 2242 1366 etiam
2278 1313 2456 1368 durius
2492 1332 2523 1368 e

277 1381 547 1436 Prisciano
583 1379 858 1434 contendit.
889 1398 990 1434 una
1023 1400 1150 1434 voce
1186 1382 1516 1435 scribendum
1554 1399 1667 1434 esse
1697 1384 2062 1452 Belliportae5
2098 1383 2399 1434 etsiverum
2430 1395 2525 1448 ott,

277 1449 453 1520 ipsum
485 1451 731 1517 templum
765 1469 860 1520 per
886 1465 1088 1524 portae
1130 1451 1274 1504 Belli
1317 1453 1480 1504 fuisse
1516 1453 1860 1509 declax-atoma
1914 1461 2027 1504 erat
2078 1451 2215 1504 enim
2260 1451 2525 1520 δίθυρον,

283 1530 338 1572 et
373 1528 578 1587 portam
615 1519 669 1568 in
703 1521 910 1590 poetico
947 1538 1156 1590 quoque
1191 1521 1454 1583 habebam
1489 1522 1627 1573 conf.
1664 1521 1923 1574 Plutarch.
1962 1523 2129 1574 Numa
2166 1541 2218 1592 p.
2250 1523 2336 1577 73.
2378 1522 2528 1575 Belli

281 1606 382 1656 per
413 1587 744 1642 maiusculam
778 1589 1008 1643 litteram
1043 1591 1354 1642 exarandum
1407 1601 1504 1643 eet.
1574 1593 1671 1644 Est
1704 1590 1841 1642 enim
1874 1591 2078 1644 Numen
2112 1591 2167 1642 h.
2198 1591 2237 1643 l.
2292 1590 2359 1644 cf.
2396 1593 2525 1642 Not.

282 1658 388 1710 608
435 1669 490 1708 et
533 1658 684 1709 abest
727 1659 911 1711 Franc.
979 1658 1149 1731 form.
1197 1659 1342 1711 Belli
1383 1660 1626 1712 Parthae.

1761 1660 1863 1714 &39
1905 1671 2236 1730 externaque
2282 1659 2525 1715 Parrha..
2581 1705 2596 1716 .

281 1725 384 1780 611
423 1727 576 1778 Haec
609 1726 797 1779 Medic.
833 1747 864 1781 a
903 1745 968 1781 m.
1003 1747 1127 1794 sec„
1161 1739 1218 1781 ut
1250 1729 1512 1781 referatur
1545 1729 1616 1781 ad
1646 1727 1852 1794 limina,
1888 1729 2280 1798 interpolatum.

281 1867 748 1948 sagittq'semeve
793 1868 1057 1928 Partho-s·
1071 1893 1098 1944 ;
1139 1870 1259 1930 vid.
1289 1871 1361 1942 Q.

281 1953 354 2011 V.
385 1956 448 2010 in
477 1953 547 2013 V.
576 1954 648 2014 L.
679 1953 838 2016 laud.
891 1956 1066 2036 W.)
1149 1957 1364 2016 ‚Auro-

282 2059 419 2096 ram
457 2043 627 2117 sequi
664 2042 974 2119 magnifice
993 2085 1009 2116 ,
1053 2039 1129 2100 ad
1169 2053 1365 2100 extre-

281 2141 452 2182 mum
491 2127 790 2184 Orientem
829 2147 1014 2209 usque
1071 2127 1364 2206 progredi.

283 2211 530 2268 Fet-ebat
581 2209 694 2270 hoc
749 2215 934 2272 multo
989 2216 1175 2296 inagis
1225 2233 1365 2272 usus

284 2293 565 2378 loquendi
615 2301 1018 2358 Romanorum
1050 2342 1067 2372 ,
1131 2319 1270 2356 cum
1308 2318 1366 2357 v.

285 2402 339 2440 c.
383 2381 640 2444 dicerent
659 2427 675 2458 ‚
736 2385 826 2442 ad
873 2385 1173 2442 Orientem
1221 2385 1372 2441 mie—

285 2482 424 2523 eum
443 2509 466 2537 ‚
498 2468 844 2547 profic-tum
861 2513 887 2541 ,
931 2489 1058 2528 ecee
1093 2471 1372 2551 aliquem.

288 2550 541 2611 Bellum
607 2566 804 2612 autem
860 2554 1234 2613 lacrimabile
1291 2564 1376 2613 est

293 2639 678 2695 Homericum
736 2636 1120 2719 πολύδακρυς
1167 2634 1376 2718 ”Αρης,

294 2714 760 2802 πολυδάκρυτος
811 2719 999 2802 μάχη,
1065 2719 1381 2803 δακρυόεις

289 2802 574 2885 πόλεμος.

289 2928 298 2937 -
377 2897 504 2957 607
533 2896 794 2957 ——610.
875 2892 1036 2949 Sum
1092 2890 1376 2968 getninae

231 3028 236 3032 .
289 2978 466 3037 Bella·
476 2987 696 3057 portae
717 2996 860 3057 pro:
897 2978 1002 3035 Est
1029 2976 1200 3035 aedes
1227 2976 1380 3033 Belli

288 3066 439 3123 binis
495 3064 674 3143 portis
727 3066 1006 3121 instructa
1023 3107 1040 3139 ‚
1095 3072 1378 3143 perpetuo

245 3186 256 3197 ·
289 3151 528 3224 clausis,
569 3168 680 3207 nec
710 3150 950 3228 aperti-s,
989 3150 1102 3205 nisi
1129 3151 1380 3206 instante

289 3236 465 3293 bello.
553 3234 727 3293 Vides
767 3231 868 3293 hic
907 3235 1246 3313 exemplum
1289 3235 1382 3293 fa-

291 3320 466 3379 bulae
495 3322 702 3379 veteris
730 3338 884 3379 nova
909 3321 1382 3399 interpretatione

293 3406 698 3487 interpolatae.
777 3408 902 3463 Iani
929 3408 1134 3484 religio
1163 3406 1238 3463 ab
1261 3408 1382 3463 ini·-

245 3508 261 3524 ⁸
290 3494 380 3553 tio
411 3491 571 3551 haud
599 3491 772 3551 dubie
801 3490 1122 3573 symbolica
1155 3492 1268 3549 fuit
1300 3491 1382 3551 nd

297 3574 698 3637 denotandam
723 3594 924 3635 rerum
963 3588 1236 3637 naturam
1271 3598 1378 3635 vu-

297 3664 529 3745 riusque
557 3665 680 3720 eius
703 3664 1100 3742 proprietates.
1157 3664 1232 3721 cf.
1275 3662 1380 3721 inf.

299 3750 544 3807 Excurs.
563 3750 636 3807 V.
679 3748 978 3807 Traducta
1009 3766 1077 3805 ea
1105 3758 1191 3806 est
1217 3758 1382 3828 post-
1417 3780 1424 3787 ·

1414 3890 1426 3903 ,
1463 3838 1538 3893 tis
1580 3837 1816 3914 gemino
1863 3832 2021 3894 aditu
2066 3837 2139 3894 ab
2181 3840 2369 3897 antica
2410 3850 2469 3897 et
2514 3858 2549 3896 a

301 3854 371 3891 ea
412 3834 489 3893 ad
531 3834 670 3907 alia,
728 3844 786 3892 et
811 3836 1034 3893 Romae
1075 3836 1204 3893 Iani
1229 3846 1386 3891 tem-

301 3920 470 3998 plum
493 3964 508 3994 ‚
553 3935 588 3977 a
625 3921 876 3979 Romulo
917 3920 1218 3979 conditum
1236 3964 1252 3993 ,
1312 3938 1388 3977 ex

302 4006 562 4080 Numae,
593 4017 660 4063 ut
687 4008 850 4063 aiunt
870 4048 886 4079 ‚
933 4008 1194 4065 instituto
1223 4005 1389 4062 clau-

301 4108 437 4149 cum
489 4089 586 4147 vel
627 4100 894 4169 apertum
933 4092 1070 4149 belli
1109 4094 1382 4171 pacisque

301 4172 554 4238 habebat
594 4176 826 4235 indicia.
913 4178 1040 4233 Hoc
1091 4193 1230 4234 vero
1285 4192 1385 4233 or·-

303 4264 463 4319 uavit
491 4272 665 4341 poeta
691 4280 934 4345 remque
957 4262 1044 4319 ita
1089 4262 1382 4339 expressit,

299 4348 469 4425 quasi
511 4348 574 4405 in
630 4366 702 4405 eo
758 4349 980 4426 templo
1036 4346 1268 4405 Bellum
1326 4357 1385 4403 et

301 4432 456 4490 Mars
479 4433 680 4491 moti
725 4442 1088 4508 tenerentur,
1147 4429 1386 4491 custode

1443 1873 1509 1929 in
1562 1871 1781 1928 foribus
1833 1872 1998 1930 Iano.
2118 1873 2360 1930 Fecerat
2412 1870 2527 1930 hoc

1446 1957 1608 2016 idem
1635 1976 1761 2036 sup.
1790 1957 1837 2030 1,
1868 1956 2091 2021 294—
2110 1961 2254 2031 296,
2279 1959 2383 2016 ubi
2408 1955 2530 2016 vid.

1443 2045 1691 2101 ExcurS.
1726 2043 1833 2101 IX.
1897 2043 2195 2100 Contrario
2224 2063 2531 2100 commen-

1445 2139 1509 2187 to
1540 2129 1808 2186 Horatius
1834 2129 2045 2186 Iamnn
2080 2130 2282 2186 clausis
2312 2129 2531 2186 foribus

1447 2217 1532 2272 ait
1570 2211 1859 2288 cohibet-l,
1908 2223 2208 2294 tamquam
2236 2217 2392 2295 pacis
2422 2233 2531 2272 au·

1452 2311 1674 2360 ctorem
1714 2309 1773 2358 et
1810 2297 2111 2358 custodem
2148 2301 2205 2356 11
2246 2301 2433 2380 Epist.
2475 2303 2531 2373 1,

1453 2385 1579 2451 255
1610 2383 1994 2463 claustraque
2033 2383 2332 2442 custodem
2356 2387 2534 2462 pacis

1455 2467 1793 2529 cohibentia
1833 2470 2077 2529 Ianum.
2178 2471 2395 2531 Pacem
2438 2472 2535 2529 in-

1457 2556 1614 2614 cludi
1642 2554 1840 2614 dixere
1870 2558 1983 2615 alii.
2016 2557 2170 2615 conf.
2199 2558 2239 2617 l.
2271 2579 2325 2617 c.
2367 2554 2541 2615 Belli

1457 2652 1657 2698 autem
1715 2651 1933 2718 portae
1999 2644 2231 2721 proprio
2296 2644 2537 2703 nomine

1459 2724 1649 2783 diotae
1676 2724 1966 2783 videntur.
2007 2726 2127 2784 vid.
2154 2726 2295 2786 ibid.
2326 2728 2401 2785 cf.
2430 2728 2539 2787 inf.

1461 2812 1591 2873 622
1645 2820 1703 2867 et
1754 2812 1835 2867 ibi
1884 2813 2019 2869 Not.
2089 2810 2255 2887 ferri
2296 2810 2538 2884 robora,

1461 2900 1663 2950 ornate
1680 2937 1697 2967 ,
1741 2912 1847 2974 pro
1876 2894 2026 2952 ferro
2054 2896 2244 2973 simpl.
2274 2916 2377 2953 seu
2418 2896 2541 2955 fer-

1461 2979 1575 3036 reis
1600 2980 1916 3058 repagulist
1972 2980 2231 3037 Lucretii
2272 2980 2540 3061 mtemplo

1459 3064 1566 3122 lib.
1594 3066 1666 3138 Π,
1696 3062 1841 3127 449.
1896 3082 2004 3121 nec
2044 3072 2241 3121 custos
2278 3064 2540 3141 absistit,

1461 3148 1649 3207 videri
1674 3160 1863 3231 potest
1888 3151 2015 3207 Iani
2040 3154 2274 3231 signum
2311 3154 2375 3210 in
2417 3154 2540 3233 ipso

1463 3236 1671 3314 templi
1715 3232 1875 3292 aditu
1934 3234 2030 3312 (ἓν
2084 3231 2365 3322 προνάῳ)
2425 3251 2546 3298 ste-

1463 3323 1600 3379 tissa
1627 3339 1645 3378 z
1716 3322 1829 3379 nisi
1900 3322 2025 3401 ipsa
2078 3324 2285 3402 templi
2336 3324 2543 3401 forma,

1465 3426 1617 3489 quae
1648 3416 1705 3464 et
1733 3426 1769 3463 a
1792 3406 1983 3466 fronte
2026 3418 2084 3465 et
2126 3428 2161 3465 a
2197 3419 2362 3489 tergo
2404 3431 2547 3491 por-

1459 3504 1588 3551 tam
1628 3489 1908 3567 habebat,
1952 3494 2131 3551 talem
2166 3504 2373 3572 poetae
2415 3500 2545 3553 ani-

1459 3598 1565 3637 mo
1592 3580 1848 3659 speciem
1875 3580 2104 3637 obiecit.
2155 3580 2345 3639 Verbo
2374 3592 2549 3660 poeta

1457 3666 1629 3723 nobis
1658 3667 1784 3722 Iani
1823 3664 2111 3745 templum
2156 3662 2392 3725 exhibet
2436 3664 2547 3727 hac

1461 3751 1687 3830 specie:
1738 3770 1861 3808 esse
1890 3750 2099 3809 aedem
2124 3753 2273 3809 Beni
2302 3762 2359 3810 et
2388 3754 2548 3811 Mar-

1467 3924 1691 4003 postioa
1746 3932 1909 4001 parte
1926 3968 1941 3997 ,
2004 3916 2179 3997 (ναόν
2236 3916 2547 4007 ἄμφιπρό·

1473 4005 1719 4084 mvi-ov)
1764 4007 1968 4065 clausis
2010 4008 2227 4065 foribus
2254 4010 2462 4067 robore
2494 4020 2551 4067 et

1461 4090 1621 4149 ferro
1648 4094 1905 4166 munitis,
1935 4094 2123 4171 posito
2152 4090 2227 4150 ad
2252 4094 2405 4153 fores
2426 4094 2551 4149 Iani

1468 4178 1672 4255 signo3
1724 4180 1948 4261 quoties
1990 4178 2211 4237 bellum
2254 4198 2289 4236 a
2329 4178 2552 4237 Senatu

1467 4261 1771 4323 decretum
1797 4260 1969 4321 fuerit
1984 4309 2000 4337 ‚
2049 4264 2361 4320 Consulem
2398 4261 2553 4320 fores

1471 4350 1693 4427 aperire
1710 4392 1727 4423 ,
1764 4348 1983 4407 bellum
2012 4346 2265 4406 indIcere
2280 4389 2297 4419 ,
2354 4346 2553 4405 classi-

1473 4452 1615 4491 cum
1643 4449 1871 4491 mere.
