3009 5050
461 454 612 525 268

940 446 1024 521 P.
1075 442 1609 522 VIRGILII
1674 440 2221 519 MARONIS

458 629 780 709 Pilentis
807 640 1100 705 matres
1129 628 1210 704 in
1241 626 1645 705 mollibus,
1748 628 1955 703 Hinc
1984 626 2271 729 procul
2298 624 2519 704 addit

461 739 870 810 Tartareas
901 732 1136 806 etiam
1167 727 1433 827 sedeS‚
1464 729 1629 807 alta
1666 732 1857 807 ostia
1884 730 2104 827 Ditis,

454 838 557 915 Et
581 835 973 913 scelerum
999 859 1339 935 poena5‚
1396 848 1476 911 et
1503 848 1625 933 te,
1681 833 2041 933 Catilina,
2094 835 2381 909 minaci

455 938 960 1039 Pendentem
989 936 1357 1040 scopu10‚
1395 940 1974 1040 Furiarumque
2008 962 2144 1013 ora
2175 951 2703 1032 trementem;

459 1046 987 1145 secretosque
1014 1043 1228 1145 pios:
1278 1040 1402 1119 his
1445 1041 1770 1118 dantem
1802 1043 1967 1133 iura
2008 1044 2422 1119 Catonem.

595 1252 699 1307 666
739 1252 886 1305 Huic
919 1270 979 1323 p.
1013 1250 1119 1303 duo
1159 1252 1332 1304 Burin.

454 1320 708 1375 nottend.
737 1331 791 1373 et
816 1321 914 1373 Ed.
939 1322 1136 1375 Gener.
1207 1320 1482 1374 timentem
1504 1318 1670 1377 Goth.
1697 1328 1822 1371 tert.

452 1500 645 1563 eoque
670 1480 910 1539 mobiles
925 1522 942 1557 ‚
987 1490 1154 1537 motu
1193 1480 1421 1555 faciles,
1463 1488 1533 1537 ut

453 1564 665 1623 mollia
687 1565 900 1623 oscilla
917 1606 941 1635 ,
984 1566 1091 1625 Ge.
1120 1566 1195 1640 Π,
1227 1566 1370 1633 389·
1420 1563 1531 1642 (sic

455 1654 630 1709 etiam
671 1648 952 1709 Niebuhr.
1011 1650 1224 1709 Boem.
1303 1649 1523 1709 Ges-eh.

452 1736 582 1796 vol.
622 1738 669 1795 1.
707 1748 834 1796 not.
875 1740 1022 1800 977.
1074 1734 1252 1813 W.)
1349 1736 1530 1794 Iulius

451 1833 650 1881 autem
675 1822 923 1880 Sabinus
963 1820 1226 1879 delicata
1269 1823 1526 1901 exponit.

451 1906 674 1967 Saltem
701 1910 781 1965 sic
825 1909 1134 1986 accipiam,
1181 1926 1331 1989 quae
1371 1908 1529 1964 mol-

447 1994 598 2053 lium
655 2003 712 2051 et
766 1991 1142 2051 delicatorum
1219 1990 1527 2051 hominum

448 2089 584 2137 sunt
611 2088 900 2157 carpenta.
984 2078 1168 2155 Apes·
1201 2076 1384 2137 laneis
1409 2080 1529 2138 vit-

447 2163 522 2223 tis
551 2175 782 2222 ornatus
809 2164 1140 2221 Flaminum
1166 2166 1448 2243 proprius.

536 2252 660 2313 666
673 2254 916 2314 -670.
937 2252 1121 2310 Poeta
1139 2248 1365 2309 videtur
1383 2268 1525 2329 pro-

447 2335 677 2393 cessisse
707 2354 741 2393 a
769 2336 1008 2393 consilio
1051 2332 1363 2393 exhibendi
1407 2334 1525 2395 duo

445 2422 740 2480 Romanos
756 2464 772 2495 ‚
815 2422 1062 2479 alterum
1085 2421 1358 2479 libertatis
1383 2440 1529 2501 pro-

443 2517 831 2585 pugnatorem
854 2508 1220 2580 acerrimum,
1243 2508 1525 2568 Catonem

443 2593 774 2650 Uticensem
793 2638 810 2666 ,
867 2595 1112 2654 alterum
1151 2596 1344 2652 civem
1385 2614 1525 2673 per-

445 2675 832 2754 ditissimum,
891 2680 1195 2738 Catilinam
1223 2723 1240 2755 ,
1304 2683 1524 2760 patriae

441 2761 674 2824 hostem
719 2775 778 2823 et
816 2763 1210 2844 perduellem·
1193 2807 1210 2842 ‚
1268 2764 1524 2844 dignita-

441 2859 567 2908 tem
611 2853 890 2931 exemplis
933 2849 1145 2922 addere
1184 2849 1404 2912 studuit
1446 2872 1523 2910 ex

440 2936 513 2995 iis
540 2982 556 3011 ,
623 2955 773 3018 quae
827 2939 889 2994 in
945 2938 1140 2996 inferis
1207 2948 1521 3017 utrumque

440 3033 684 3080 manent
711 3033 768 3082 et
795 3025 1109 3101 excipiunt.
1177 3023 1302 3080 Etsi
1332 3025 1520 3082 alieno

439 3109 571 3166 loco
627 3111 844 3166 intrusa
901 3119 1106 3186 putem
1147 3109 1274 3165 loca
1313 3108 1517 3182 infera,

438 3193 728 3273 praeclare
767 3203 964 3251 tamen
994 3213 1062 3252 ea
1091 3194 1332 3252 ornavit.
1421 3154 1519 3268 (Id

439 3297 627 3359 quum
652 3288 822 3359 poeta
850 3286 1016 3356 agat,
1057 3291 1154 3354 ut,
1200 3298 1351 3361 quae
1383 3298 1517 3336 ma-

437 3366 598 3422 xime
636 3364 1032 3422 memorabilia
1070 3367 1184 3423 sint
1223 3368 1286 3422 in
1331 3361 1517 3422 histo-

437 3451 523 3508 ria
565 3451 860 3520 Romana,
915 3461 1201 3530 exponat,
1257 3469 1380 3508 nou
1421 3451 1515 3508 vi-

434 3533 586 3608 .‚deo
630 3553 807 3614 quare
835 3529 978 3592 haec
1021 3536 1208 3594 aliena
1248 3536 1321 3593 ab
1364 3532 1426 3593 h.
1469 3535 1513 3592 l.

435 3621 848 3680 exismnemus.
918 3619 1086 3691 Quod
1113 3621 1162 3679 si
1190 3621 1301 3680 alia
1330 3640 1514 3703 quae-

437 3701 576 3762 dam
619 3703 930 3781 desideres,
988 3725 1058 3763 ea
1117 3705 1190 3764 de
1229 3705 1513 3766 industria

434 3789 626 3848 omisit
679 3801 884 3870 poeta,
936 3793 1152 3872 quippe
1207 3793 1356 3851 libro
1409 3795 1509 3851 vl.

432 3877 552 3932 iam
593 3889 1065 3935 commemorata.
1115 3877 1294 3956 Wr.)
1389 3879 1512 3936 Θα-

433 3969 628 4018 tonem
660 3963 790 4039 piis
842 3963 981 4020 iura
1019 3962 1301 4034 dantem,
1353 3973 1513 4021 tam-

431 4065 613 4128 quam
640 4049 887 4107 alterum
911 4049 1172 4108 Minoem
1211 4048 1306 4108 vel
1346 4045 1512 4106 Rha-

432 4131 850 4208 damanthum,
911 4135 1038 4216 quis
1091 4152 1213 4193 non
1269 4135 1509 4192 miratus

431 4229 546 4278 est.
531 4213 563 4259 ‘1’
646 4221 761 4280 Pro
813 4219 1082 4278 Catilina
1133 4229 1296 4278 erant
1347 4216 1509 4277 haud

431 4303 642 4382 dubie,
713 4325 816 4364 uos
857 4306 1024 4364 malis
1051 4305 1332 4385 supplicio
1358 4301 1506 4362 affe-

430 4401 552 4451 ctos
607 4393 668 4452 vi
708 4413 824 4450 ere.
925 4389 1046 4452 Sed
1097 4409 1306 4471 parum
1359 4407 1506 4470 pru-

388 4475 636 4546 ,denter
695 4479 1006 4563 minusque
1065 4475 1274 4538 decore
1333 4485 1506 4558 poeta

2550 1050 2701 1121 670

1483 1200 1589 1305 669
1622 1251 1682 1302 in
1717 1248 1943 1323 scopulo
1979 1250 2193 1302 Oudart.
2248 1250 2579 1322 frementem
2614 1266 2697 1319 pr.

1960 1320 2065 1375 mo
2090 1320 2239 1391 pilos
2278 1318 2438 1373 Goth.
2466 1328 2596 1371 tert.

1613 1477 1865 1537 Marium
1930 1478 2024 1539 vel
2098 1478 2327 1537 Sullam
2357 1524 2375 1554 ,
2448 1478 2697 1537 Cinnam

1615 1563 1866 1623 aliumve
1894 1607 1913 1640 ,
1994 1564 2097 1647 qui
2150 1584 2336 1646 remp.
2395 1574 2695 1641 everterat,

1612 1652 1996 1709 nominasset:
2072 1662 2273 1711 contra
2332 1652 2395 1709 in
2450 1652 2699 1711 Catilina

1610 1737 1795 1795 scelus
1822 1736 2198 1793 manifestum
2240 1746 2297 1795 et
2347 1736 2695 1795 confessum.

1600 1822 1963 1899 pendentem
2002 1820 2249 1898 scopulo
2265 1863 2289 1892 ,
2346 1834 2489 1903 puto
2533 1833 2693 1881 tam·-

1612 1926 1791 1988 quam
1818 1906 2067 1989 equuleo
2113 1906 2461 1967 distentum:
2510 1918 2691 1967 tracta

1608 1995 1695 2054 rei
1724 1993 1867 2051 facie
1913 2014 1949 2053 a
1989 1990 2342 2051 Prometheo
2384 1998 2516 2073 rupi
2561 1994 2693 2053 aui-

1611 2090 1781 2156 gato;
1834 2099 1942 2160 pro
1999 2078 2229 2137 vulture
2278 2080 2488 2138 Furiae
2531 2078 2689 2138 adsi-

1612 2164 1770 2224 dent.
1855 2167 2151 2223 minacem
2179 2164 2497 2241 scopulum
2534 2176 2692 2223 tam-

1610 2270 1790 2331 quam
1818 2253 2106 2309 ruiturum
2137 2262 2196 2308 et
2220 2254 2386 2309 ruina
2418 2272 2555 2309 eum
2588 2270 2691 2309 sua

1610 2356 2036 2416 oppressurum.
2080 2336 2408 2395 Flu-iarum
2436 2356 2543 2394 ora
2572 2348 2689 2394 tre-

1611 2434 1865 2480 mentem
1884 2444 1903 2479 .·
1934 2434 2000 2482 ut
2028 2421 2102 2480 de
2131 2424 2418 2482 Tantalo:
2449 2424 2691 2483 Luc-ent

1602 2506 1952 2587 genialibus
1999 2507 2143 2568 altis
2208 2509 2424 2566 Aurea
2464 2508 2689 2588 fidem

1610 2598 1753 2652 toris
1770 2629 1857 2639 —
1872 2595 2201 2654 Ihriarum
2238 2596 2507 2653 maxim
2548 2595 2686 2652 Ae-

1609 2677 1792 2738 cubat
1806 2715 1891 2726 --
1907 2671 2316 2759 Exstat-gitque
2331 2681 2551 2758 facem
2584 2691 2686 2738 at-

1608 2765 1821 2824 tollens
1859 2777 2041 2845 acque
2086 2768 2324 2823 ituonat
2358 2786 2458 2822 ore
2476 2788 2496 2822 .·
2554 2787 2685 2846 sup.

1606 2854 1703 2928 VI,
1752 2849 1894 2918 605.
1937 2856 2084 2916 606.
2128 2855 2273 2926 607,
2330 2849 2479 2910 adde
2536 2853 2684 2916 571.

1605 2937 1847 2994 dantem
1878 2939 2056 3006 iura,
2100 2935 2354 2994 iudicem
2400 2938 2687 2994 constitu-

1601 3033 1731 3080 tum
1758 3033 1825 3080 ut
1851 3023 2095 3079 alterum
2134 3017 2679 3080 Rhadamanthum:

1600 3109 1698 3180 vl,
1729 3107 1876 3172 566.
1916 3109 2004 3163 De
2035 3107 2257 3162 Catone
2282 3105 2549 3162 Uticensi
2566 3110 2681 3185 agi,

1599 3191 1889 3272 liquidum
1940 3201 2059 3265 est3
2130 3193 2225 3250 vel
2284 3211 2360 3248 ex
2415 3195 2681 3270 opposito

1600 3279 1878 3336 Catilina:
1958 3277 2101 3334 alter
2156 3280 2514 3356 oppugnavit
2568 3299 2679 3357 pa·-

1598 3365 1788 3436 triam,
1819 3363 1963 3420 alter
1988 3363 2313 3420 libertatem
2339 3383 2679 3443 propugna-

1598 3450 1702 3507 vit.
1784 3449 1908 3506 Nec
1951 3467 2089 3506 vero
2132 3451 2307 3525 alius,
2368 3469 2551 3530 quam
2603 3448 2681 3508 ad

1600 3535 1721 3592 eius
1750 3536 2115 3594 severitatem
2129 3579 2145 3610 ,
2189 3546 2479 3616 respectus
2508 3533 2679 3593 habi-

1598 3631 1689 3678 tus
1716 3619 1977 3694 videtum
2022 3640 2140 3701 quo
2180 3623 2366 3700 magis
2394 3641 2544 3680 vana
2588 3632 2678 3678 est

1597 3707 1787 3765 Servii
1828 3707 2191 3788 aliorumque
2251 3706 2531 3766 dubitatio
2570 3726 2678 3763 ve-

1594 3793 1867 3866 rentium,
1893 3811 1971 3849 ne
1997 3793 2259 3872 Augusto
2290 3792 2519 3851 Catonis
2544 3810 2677 3849 me·-

1593 3879 1781 3936 moria
1806 3897 2015 3957 parum
2040 3889 2205 3956 grata
2244 3897 2367 3936 esse
2394 3876 2674 3936 debuerit.

1597 3962 1719 4024 Sed
1745 3961 1859 4024 hoc
1887 3964 2145 4023 refellere
2170 3965 2293 4022 iam
2318 3964 2417 4021 alii
2434 3959 2675 4021 studue-

1594 4060 1732 4108 runt
1747 4094 1763 4125 ,
1804 4050 2065 4128 inprimis
2092 4045 2169 4106 ad
2196 4050 2395 4108 Horat.
2424 4051 2453 4106 1
2480 4049 2673 4106 θαι-ιιι.

1597 4138 1697 4208 12,
1744 4135 1861 4208 353
1902 4132 2051 4192 adde
2092 4133 2239 4194 Diss-
2286 4135 2399 4193 viri
2428 4130 2584 4192 docti
2610 4135 2671 4191 in

1590 4219 1865 4298 Basnagii
1890 4218 2061 4277 ffl‘st.
2096 4217 2201 4276 dee
2234 4217 2549 4298 Ouvmgae
2572 4218 2675 4278 des

1600 4303 1843 4362 Savum
1874 4307 2057 4376 1708,
2086 4323 2148 4382 p-
2174 4308 2317 4369 102.
2344 4307 2407 4362 in
2436 4323 2553 4384 qua
2582 4315 2675 4362 ta·-

1590 4409 1731 4447 men
1775 4405 1965 4469 pauca
2006 4389 2253 4468 reperias
2267 4433 2286 4463 ‚
2356 4409 2509 4471 quae
2564 4390 2675 4446 ali·

1592 4475 1753 4533 cuius
1780 4473 2063 4532 momenti
2090 4474 2224 4536 sint.
2302 4475 2381 4535 At
2402 4476 2583 4555 possis
2610 4475 2673 4532 in
2727 4499 2735 4506 ·
