<?xml version="1.0" encoding="UTF-8"?>
<!DOCTYPE html PUBLIC "-//W3C//DTD XHTML 1.0 Transitional//EN"
    "http://www.w3.org/TR/xhtml1/DTD/xhtml1-transitional.dtd">
<html xmlns="http://www.w3.org/1999/xhtml" xml:lang="en" lang="en">
 <head>
  <title>
</title>
<meta http-equiv="Content-Type" content="text/html;charset=utf-8" />
  <meta name='ocr-system' content='tesseract 3.04.00' />
  <meta name='ocr-capabilities' content='ocr_page ocr_carea ocr_par ocr_line ocrx_word'/>
</head>
<body>
  <div class='ocr_page' id='page_1' title='image "./pvblivsvirgiliv00unkngoog_0374.png"; bbox 0 0 3009 5050; ppageno 0'>
   <div class='ocr_carea' id='block_1_1' title="bbox 668 332 2220 462">
    <p class='ocr_par' dir='ltr' id='par_1_1' title="bbox 668 332 2220 462">
     <span class='ocr_line' id='line_1_1' title="bbox 668 332 2220 462; baseline 0 -39"><span class='ocrx_word' id='word_1_1' title='bbox 668 340 1281 423; x_wconf 81' lang='lat' dir='ltr'><strong>AENEIDOS</strong></span> <span class='ocrx_word' id='word_1_2' title='bbox 1333 344 1542 462; x_wconf 74' lang='lat' dir='ltr'><strong>Lm.</strong></span> <span class='ocrx_word' id='word_1_3' title='bbox 1596 332 1726 441; x_wconf 73' lang='lat' dir='ltr'><strong>IX,</strong></span> <span class='ocrx_word' id='word_1_4' title='bbox 1779 342 2220 424; x_wconf 84' lang='lat'><strong>711-718‘</strong></span> 
     </span>
    </p>
   </div>
   <div class='ocr_carea' id='block_1_2' title="bbox 2385 354 2530 427">
    <p class='ocr_par' dir='ltr' id='par_1_2' title="bbox 2385 354 2530 427">
     <span class='ocr_line' id='line_1_2' title="bbox 2385 354 2530 427; baseline 0 0"><span class='ocrx_word' id='word_1_5' title='bbox 2385 354 2530 427; x_wconf 85' lang='lat'><strong>401</strong></span> 
     </span>
    </p>
   </div>
   <div class='ocr_carea' id='block_1_3' title="bbox 289 490 2538 637">
    <p class='ocr_par' dir='ltr' id='par_1_3' title="bbox 289 490 2538 637">
     <span class='ocr_line' id='line_1_3' title="bbox 289 490 2538 637; baseline -0.006 -24"><span class='ocrx_word' id='word_1_6' title='bbox 289 540 509 613; x_wconf 88' lang='lat' dir='ltr'><strong>Tum</strong></span> <span class='ocrx_word' id='word_1_7' title='bbox 556 533 825 609; x_wconf 87' lang='lat' dir='ltr'><strong>sonitu</strong></span> <span class='ocrx_word' id='word_1_8' title='bbox 870 490 1258 630; x_wconf 78' lang='lat' dir='ltr'><strong>Prochyta</strong></span> <span class='ocrx_word' id='word_1_9' title='bbox 1302 529 1451 606; x_wconf 83' lang='lat' dir='ltr'><strong>alta</strong></span> <span class='ocrx_word' id='word_1_10' title='bbox 1505 532 1813 627; x_wconf 81' lang='lat' dir='ltr'><strong>tremit,</strong></span> <span class='ocrx_word' id='word_1_11' title='bbox 1899 503 2357 637; x_wconf 50' lang='lat' dir='ltr'><strong>durum‘que</strong></span> <span class='ocrx_word' id='word_1_12' title='bbox 2399 560 2538 616; x_wconf 79' lang='lat' dir='ltr'><strong>cu-</strong></span> 
     </span>
    </p>
   </div>
   <div class='ocr_carea' id='block_1_4' title="bbox 1448 631 2532 735">
    <p class='ocr_par' dir='ltr' id='par_1_4' title="bbox 1448 631 2532 735">
     <span class='ocr_line' id='line_1_4' title="bbox 1448 631 2532 735; baseline -0.004 -27"><span class='ocrx_word' id='word_1_13' title='bbox 1448 631 1609 710; x_wconf 90' lang='lat' dir='ltr'><strong>bile</strong></span> <span class='ocrx_word' id='word_1_14' title='bbox 1637 698 1642 704; x_wconf 87' lang='lat'><strong>.</strong></span> <span class='ocrx_word' id='word_1_15' title='bbox 2382 652 2532 735; x_wconf 76' lang='lat'><strong>715</strong></span> 
     </span>
    </p>
   </div>
   <div class='ocr_carea' id='block_1_5' title="bbox 283 734 2430 1047">
    <p class='ocr_par' dir='ltr' id='par_1_5' title="bbox 283 734 2430 1047">
     <span class='ocr_line' id='line_1_5' title="bbox 283 734 2036 840; baseline -0.003 -21"><span class='ocrx_word' id='word_1_16' title='bbox 283 741 636 819; x_wconf 85' lang='lat' dir='ltr'>Inarime</span> <span class='ocrx_word' id='word_1_17' title='bbox 668 740 877 815; x_wconf 86' lang='lat' dir='ltr'><strong>Iovis</strong></span> <span class='ocrx_word' id='word_1_18' title='bbox 907 737 1258 840; x_wconf 86' lang='lat' dir='ltr'><strong>imperiis</strong></span> <span class='ocrx_word' id='word_1_19' title='bbox 1282 735 1593 837; x_wconf 84' lang='lat' dir='ltr'><strong>inposta</strong></span> <span class='ocrx_word' id='word_1_20' title='bbox 1607 734 2036 836; x_wconf 70' lang='lat' dir='ltr'><strong>«Typhon.</strong></span> 
     </span>
     <span class='ocr_line' id='line_1_6' title="bbox 386 840 2430 945; baseline 0.003 -26"><span class='ocrx_word' id='word_1_21' title='bbox 386 845 537 919; x_wconf 87' lang='lat' dir='ltr'><strong>Hic</strong></span> <span class='ocrx_word' id='word_1_22' title='bbox 566 847 779 921; x_wconf 85' lang='lat' dir='ltr'><strong>Mars</strong></span> <span class='ocrx_word' id='word_1_23' title='bbox 832 842 1321 941; x_wconf 83' lang='lat' dir='ltr'><strong>armipotens</strong></span> <span class='ocrx_word' id='word_1_24' title='bbox 1361 840 2116 945; x_wconf 79' lang='lat' dir='ltr'><strong>animumviresque</strong></span> <span class='ocrx_word' id='word_1_25' title='bbox 2139 846 2430 924; x_wconf 78' lang='lat' dir='ltr'><strong>Latinis</strong></span> 
     </span>
     <span class='ocr_line' id='line_1_7' title="bbox 283 942 2276 1047; baseline -0.002 -21"><span class='ocrx_word' id='word_1_26' title='bbox 283 946 656 1045; x_wconf 83' lang='lat' dir='ltr'><strong>Addidit,</strong></span> <span class='ocrx_word' id='word_1_27' title='bbox 712 959 793 1022; x_wconf 83' lang='lat' dir='ltr'><strong>et</strong></span> <span class='ocrx_word' id='word_1_28' title='bbox 834 943 1197 1021; x_wconf 84' lang='lat' dir='ltr'><strong>stimulos</strong></span> <span class='ocrx_word' id='word_1_29' title='bbox 1246 943 1439 1019; x_wconf 87' lang='lat' dir='ltr'><strong>acris</strong></span> <span class='ocrx_word' id='word_1_30' title='bbox 1472 942 1621 1019; x_wconf 90' lang='lat' dir='ltr'><strong>sub</strong></span> <span class='ocrx_word' id='word_1_31' title='bbox 1654 956 1982 1047; x_wconf 78' lang='lat' dir='ltr'>pectore</span> <span class='ocrx_word' id='word_1_32' title='bbox 2008 950 2276 1043; x_wconf 80' lang='lat' dir='ltr'><strong>vertit3</strong></span> 
     </span>
    </p>
   </div>
   <div class='ocr_carea' id='block_1_6' title="bbox 208 1080 2545 1780">
    <p class='ocr_par' dir='ltr' id='par_1_6' title="bbox 208 1080 2545 1780">
     <span class='ocr_line' id='line_1_8' title="bbox 424 1080 2532 1155; baseline 0.001 -14"><span class='ocrx_word' id='word_1_33' title='bbox 424 1084 529 1141; x_wconf 84' lang='grc'><strong>715</strong></span> <span class='ocrx_word' id='word_1_34' title='bbox 564 1088 802 1139; x_wconf 70' lang='lat' dir='ltr'><strong>sonitum</strong></span> <span class='ocrx_word' id='word_1_35' title='bbox 831 1084 995 1137; x_wconf 81' lang='lat' dir='ltr'><strong>Goth.</strong></span> <span class='ocrx_word' id='word_1_36' title='bbox 1030 1101 1153 1147; x_wconf 68' lang='lat' dir='ltr'><strong>nec„</strong></span> <span class='ocrx_word' id='word_1_37' title='bbox 1188 1098 1295 1135; x_wconf 88' lang='lat' dir='ltr'><strong>non</strong></span> <span class='ocrx_word' id='word_1_38' title='bbox 1331 1083 1485 1135; x_wconf 81' lang='lat' dir='ltr'><strong>male.</strong></span> <span class='ocrx_word' id='word_1_39' title='bbox 1542 1080 1778 1154; x_wconf 70' lang='lat' dir='ltr'><strong>fremitu</strong></span> <span class='ocrx_word' id='word_1_40' title='bbox 1811 1082 1954 1135; x_wconf 85' lang='lat' dir='ltr'><strong>idem</strong></span> <span class='ocrx_word' id='word_1_41' title='bbox 1989 1093 2043 1137; x_wconf 86' lang='lat' dir='ltr'><strong>et</strong></span> <span class='ocrx_word' id='word_1_42' title='bbox 2082 1086 2248 1155; x_wconf 76' lang='lat' dir='ltr'><strong>Bigot.</strong></span> <span class='ocrx_word' id='word_1_43' title='bbox 2317 1092 2532 1143; x_wconf 78' lang='lat' dir='ltr'><strong>Procu-</strong></span> 
     </span>
     <span class='ocr_line' id='line_1_9' title="bbox 286 1152 2531 1224; baseline 0.003 -17"><span class='ocrx_word' id='word_1_44' title='bbox 286 1168 350 1209; x_wconf 74' lang='grc' dir='ltr'><strong>ια</strong></span> <span class='ocrx_word' id='word_1_45' title='bbox 383 1156 535 1209; x_wconf 84' lang='lat' dir='ltr'><strong>Rom.</strong></span> <span class='ocrx_word' id='word_1_46' title='bbox 573 1156 875 1224; x_wconf 68' lang='lat' dir='ltr'><strong>(Procytba</strong></span> <span class='ocrx_word' id='word_1_47' title='bbox 906 1153 1119 1217; x_wconf 69' lang='lat' dir='ltr'><strong>Medic„</strong></span> <span class='ocrx_word' id='word_1_48' title='bbox 1175 1152 1497 1222; x_wconf 71' lang='lat' dir='ltr'><strong>tl&#39;aiinpoaita</strong></span> <span class='ocrx_word' id='word_1_49' title='bbox 1545 1152 1904 1221; x_wconf 72' lang='lat' dir='ltr'><strong>adspiratione</strong></span> <span class='ocrx_word' id='word_1_50' title='bbox 1921 1191 1938 1217; x_wconf 91' lang='lat'><strong>,</strong></span> <span class='ocrx_word' id='word_1_51' title='bbox 1983 1164 2045 1205; x_wconf 85' lang='lat' dir='ltr'><strong>ut</strong></span> <span class='ocrx_word' id='word_1_52' title='bbox 2091 1156 2144 1207; x_wconf 88' lang='lat' dir='ltr'><strong>in</strong></span> <span class='ocrx_word' id='word_1_53' title='bbox 2193 1156 2378 1211; x_wconf 81' lang='lat' dir='ltr'><strong>eodem</strong></span> <span class='ocrx_word' id='word_1_54' title='bbox 2411 1162 2531 1215; x_wconf 80' lang='lat' dir='ltr'><strong>cod.</strong></span> 
     </span>
     <span class='ocr_line' id='line_1_10' title="bbox 287 1221 2532 1293; baseline 0.003 -18"><span class='ocrx_word' id='word_1_55' title='bbox 287 1242 451 1293; x_wconf 82' lang='lat' dir='ltr'><strong>supra</strong></span> <span class='ocrx_word' id='word_1_56' title='bbox 488 1244 561 1277; x_wconf 80' lang='lat' dir='ltr'><strong>vs.</strong></span> <span class='ocrx_word' id='word_1_57' title='bbox 600 1224 720 1279; x_wconf 86' lang='lat'><strong>699.</strong></span> <span class='ocrx_word' id='word_1_58' title='bbox 758 1226 1051 1276; x_wconf 71' lang='lat' dir='ltr'><strong>athomaco.</strong></span> <span class='ocrx_word' id='word_1_59' title='bbox 1108 1221 1252 1287; x_wconf 77' lang='lat' dir='ltr'><strong>Wt.)</strong></span> <span class='ocrx_word' id='word_1_60' title='bbox 1322 1222 1594 1275; x_wconf 74' lang='lat' dir='ltr'><strong>Procride</strong></span> <span class='ocrx_word' id='word_1_61' title='bbox 1629 1240 1681 1273; x_wconf 83' lang='lat' dir='ltr'><strong>a.</strong></span> <span class='ocrx_word' id='word_1_62' title='bbox 1717 1234 1757 1273; x_wconf 69' lang='lat' dir='ltr'><strong>t.</strong></span> <span class='ocrx_word' id='word_1_63' title='bbox 1794 1224 2077 1291; x_wconf 74' lang='lat' dir='ltr'><strong>dirumque</strong></span> <span class='ocrx_word' id='word_1_64' title='bbox 2101 1226 2222 1277; x_wconf 85' lang='lat' dir='ltr'><strong>Exc.</strong></span> <span class='ocrx_word' id='word_1_65' title='bbox 2255 1228 2532 1285; x_wconf 83' lang='lat' dir='ltr'><strong>Burmann.</strong></span> 
     </span>
     <span class='ocr_line' id='line_1_11' title="bbox 286 1289 2530 1365; baseline 0.003 -21"><span class='ocrx_word' id='word_1_66' title='bbox 286 1293 413 1346; x_wconf 76' lang='lat' dir='ltr'><strong>alta</strong></span> <span class='ocrx_word' id='word_1_67' title='bbox 452 1296 653 1359; x_wconf 72' lang='lat' dir='ltr'><strong>tremit,</strong></span> <span class='ocrx_word' id='word_1_68' title='bbox 687 1303 746 1345; x_wconf 89' lang='lat' dir='ltr'><strong>ut</strong></span> <span class='ocrx_word' id='word_1_69' title='bbox 782 1291 975 1345; x_wconf 81' lang='lat' dir='ltr'><strong>crebra</strong></span> <span class='ocrx_word' id='word_1_70' title='bbox 1005 1309 1107 1361; x_wconf 86' lang='lat' dir='ltr'><strong>pro</strong></span> <span class='ocrx_word' id='word_1_71' title='bbox 1142 1289 1331 1344; x_wconf 79' lang='lat' dir='ltr'><strong>crebro</strong></span> <span class='ocrx_word' id='word_1_72' title='bbox 1364 1291 1548 1342; x_wconf 82' lang='lat' dir='ltr'><strong>maluit</strong></span> <span class='ocrx_word' id='word_1_73' title='bbox 1581 1290 1796 1359; x_wconf 80' lang='lat' dir='ltr'><strong>iungere</strong></span> <span class='ocrx_word' id='word_1_74' title='bbox 1829 1291 2080 1343; x_wconf 68' lang='lat' dir='ltr'><strong>Addison.</strong></span> <span class='ocrx_word' id='word_1_75' title='bbox 2115 1312 2204 1361; x_wconf 80' lang='lat' dir='ltr'><strong>ap.</strong></span> <span class='ocrx_word' id='word_1_76' title='bbox 2238 1297 2530 1365; x_wconf 68' lang='lat' dir='ltr'><strong>Bumann„</strong></span> 
     </span>
     <span class='ocr_line' id='line_1_12' title="bbox 287 1360 2532 1431; baseline -0.002 -18"><span class='ocrx_word' id='word_1_77' title='bbox 287 1363 535 1431; x_wconf 84' lang='lat' dir='ltr'><strong>quoniam</strong></span> <span class='ocrx_word' id='word_1_78' title='bbox 567 1364 833 1429; x_wconf 76' lang='lat' dir='ltr'><strong>Prochyta</strong></span> <span class='ocrx_word' id='word_1_79' title='bbox 883 1379 989 1415; x_wconf 88' lang='lat' dir='ltr'><strong>non</strong></span> <span class='ocrx_word' id='word_1_80' title='bbox 1039 1361 1146 1413; x_wconf 85' lang='lat' dir='ltr'><strong>alta</strong></span> <span class='ocrx_word' id='word_1_81' title='bbox 1191 1362 1289 1411; x_wconf 77' lang='lat' dir='ltr'><strong>aed</strong></span> <span class='ocrx_word' id='word_1_82' title='bbox 1322 1360 1534 1413; x_wconf 78' lang='lat' dir='ltr'><strong>humilis</strong></span> <span class='ocrx_word' id='word_1_83' title='bbox 1571 1372 1666 1411; x_wconf 77' lang='lat' dir='ltr'><strong>eat.</strong></span> <span class='ocrx_word' id='word_1_84' title='bbox 1750 1361 1856 1412; x_wconf 73' lang='lat' dir='ltr'><strong>Sed</strong></span> <span class='ocrx_word' id='word_1_85' title='bbox 1889 1379 1938 1413; x_wconf 77' lang='lat' dir='ltr'><strong>v.</strong></span> <span class='ocrx_word' id='word_1_86' title='bbox 1969 1364 2100 1415; x_wconf 82' lang='lat' dir='ltr'><strong>Not.</strong></span> <span class='ocrx_word' id='word_1_87' title='bbox 2202 1363 2307 1420; x_wconf 86' lang='grc'><strong>716</strong></span> <span class='ocrx_word' id='word_1_88' title='bbox 2338 1370 2532 1420; x_wconf 78' lang='lat' dir='ltr'><strong>Inari-</strong></span> 
     </span>
     <span class='ocr_line' id='line_1_13' title="bbox 284 1431 2533 1503; baseline 0 -20"><span class='ocrx_word' id='word_1_89' title='bbox 284 1450 408 1483; x_wconf 81' lang='lat' dir='ltr'><strong>mae</strong></span> <span class='ocrx_word' id='word_1_90' title='bbox 440 1434 593 1485; x_wconf 80' lang='lat' dir='ltr'><strong>Rom.</strong></span> <span class='ocrx_word' id='word_1_91' title='bbox 693 1433 797 1503; x_wconf 61' lang='lat'><strong>{717</strong></span> <span class='ocrx_word' id='word_1_92' title='bbox 834 1434 924 1483; x_wconf 80' lang='lat' dir='ltr'><strong>Sic</strong></span> <span class='ocrx_word' id='word_1_93' title='bbox 969 1448 1051 1501; x_wconf 87' lang='lat' dir='ltr'><strong>pr.</strong></span> <span class='ocrx_word' id='word_1_94' title='bbox 1101 1432 1295 1483; x_wconf 85' lang='lat' dir='ltr'><strong>Moret.</strong></span> <span class='ocrx_word' id='word_1_95' title='bbox 1366 1431 1704 1502; x_wconf 69' lang='lat' dir='ltr'><strong>omnipotens</strong></span> <span class='ocrx_word' id='word_1_96' title='bbox 1747 1440 1858 1481; x_wconf 82' lang='lat' dir='ltr'><strong>tres</strong></span> <span class='ocrx_word' id='word_1_97' title='bbox 1905 1432 2043 1499; x_wconf 82' lang='lat' dir='ltr'><strong>apud</strong></span> <span class='ocrx_word' id='word_1_98' title='bbox 2079 1434 2250 1488; x_wconf 61' lang='lat' dir='ltr'><strong>Bru-m,</strong></span> <span class='ocrx_word' id='word_1_99' title='bbox 2319 1439 2533 1490; x_wconf 66' lang='lat' dir='ltr'><strong>animm</strong></span> 
     </span>
     <span class='ocr_line' id='line_1_14' title="bbox 282 1500 2531 1571; baseline 0.003 -18"><span class='ocrx_word' id='word_1_100' title='bbox 282 1502 525 1553; x_wconf 68' lang='lat' dir='ltr'><strong>Parthas.</strong></span> <span class='ocrx_word' id='word_1_101' title='bbox 548 1513 601 1555; x_wconf 84' lang='lat' dir='ltr'><strong>et</strong></span> <span class='ocrx_word' id='word_1_102' title='bbox 613 1502 780 1554; x_wconf 85' lang='lat' dir='ltr'><strong>Servii</strong></span> <span class='ocrx_word' id='word_1_103' title='bbox 791 1500 945 1553; x_wconf 87' lang='lat' dir='ltr'><strong>codd.</strong></span> <span class='ocrx_word' id='word_1_104' title='bbox 960 1504 1028 1553; x_wconf 84' lang='lat' dir='ltr'><strong>ad</strong></span> <span class='ocrx_word' id='word_1_105' title='bbox 1042 1500 1211 1561; x_wconf 76' lang='lat' dir='ltr'><strong>x‚22.</strong></span> <span class='ocrx_word' id='word_1_106' title='bbox 1251 1501 1357 1550; x_wconf 83' lang='lat' dir='ltr'><strong>Hic</strong></span> <span class='ocrx_word' id='word_1_107' title='bbox 1371 1501 1608 1551; x_wconf 84' lang='lat' dir='ltr'><strong>animum</strong></span> <span class='ocrx_word' id='word_1_108' title='bbox 1633 1502 1794 1551; x_wconf 75' lang='lat' dir='ltr'><strong>Mare</strong></span> <span class='ocrx_word' id='word_1_109' title='bbox 1821 1502 2012 1566; x_wconf 73' lang='lat' dir='ltr'><strong>arnaip.</strong></span> <span class='ocrx_word' id='word_1_110' title='bbox 2030 1502 2193 1553; x_wconf 81' lang='lat' dir='ltr'><strong>Goth.</strong></span> <span class='ocrx_word' id='word_1_111' title='bbox 2215 1520 2295 1571; x_wconf 87' lang='lat' dir='ltr'><strong>pr.</strong></span> <span class='ocrx_word' id='word_1_112' title='bbox 2319 1508 2531 1559; x_wconf 70' lang='lat' dir='ltr'><strong>animos</strong></span> 
     </span>
     <span class='ocr_line' id='line_1_15' title="bbox 208 1568 2529 1639; baseline 0.002 -16"><span class='ocrx_word' id='word_1_113' title='bbox 208 1598 215 1605; x_wconf 92' lang='lat'><strong>·</strong></span> <span class='ocrx_word' id='word_1_114' title='bbox 283 1571 397 1624; x_wconf 75' lang='lat' dir='ltr'><strong>Erf.</strong></span> <span class='ocrx_word' id='word_1_115' title='bbox 500 1574 603 1628; x_wconf 89' lang='grc'><strong>718</strong></span> <span class='ocrx_word' id='word_1_116' title='bbox 639 1570 741 1623; x_wconf 71' lang='lat' dir='ltr'><strong>cub</strong></span> <span class='ocrx_word' id='word_1_117' title='bbox 773 1584 998 1638; x_wconf 73' lang='lat' dir='ltr'><strong>pectora</strong></span> <span class='ocrx_word' id='word_1_118' title='bbox 1030 1569 1234 1638; x_wconf 79' lang='lat' dir='ltr'><strong>aliquot</strong></span> <span class='ocrx_word' id='word_1_119' title='bbox 1266 1568 1446 1621; x_wconf 70' lang='lat' dir='ltr'><strong>Heius.</strong></span> <span class='ocrx_word' id='word_1_120' title='bbox 1480 1587 1594 1621; x_wconf 86' lang='lat' dir='ltr'><strong>cum</strong></span> <span class='ocrx_word' id='word_1_121' title='bbox 1627 1568 1789 1623; x_wconf 79' lang='lat' dir='ltr'><strong>Goth.</strong></span> <span class='ocrx_word' id='word_1_122' title='bbox 1825 1585 1947 1634; x_wconf 69' lang='lat' dir='ltr'><strong>nec„</strong></span> <span class='ocrx_word' id='word_1_123' title='bbox 1983 1582 2244 1639; x_wconf 83' lang='lat' dir='ltr'><strong>perpetua</strong></span> <span class='ocrx_word' id='word_1_124' title='bbox 2276 1574 2529 1628; x_wconf 81' lang='lat' dir='ltr'><strong>varietate</strong></span> 
     </span>
     <span class='ocr_line' id='line_1_16' title="bbox 286 1637 2545 1707; baseline 0.003 -16"><span class='ocrx_word' id='word_1_125' title='bbox 286 1649 344 1691; x_wconf 83' lang='lat' dir='ltr'><strong>et</strong></span> <span class='ocrx_word' id='word_1_126' title='bbox 378 1637 505 1692; x_wconf 88' lang='lat' dir='ltr'><strong>alibi</strong></span> <span class='ocrx_word' id='word_1_127' title='bbox 542 1638 715 1693; x_wconf 84' lang='lat' dir='ltr'><strong>obvia.</strong></span> <span class='ocrx_word' id='word_1_128' title='bbox 783 1640 996 1691; x_wconf 81' lang='lat' dir='ltr'><strong>Arridet</strong></span> <span class='ocrx_word' id='word_1_129' title='bbox 1026 1649 1215 1691; x_wconf 84' lang='lat' dir='ltr'><strong>tamen.</strong></span> <span class='ocrx_word' id='word_1_130' title='bbox 1236 1638 1469 1696; x_wconf 72' lang='lat' dir='ltr'><strong>Heinsio.</strong></span> <span class='ocrx_word' id='word_1_131' title='bbox 1536 1638 1766 1690; x_wconf 80' lang='lat' dir='ltr'><strong>Alterum</strong></span> <span class='ocrx_word' id='word_1_132' title='bbox 1819 1648 1992 1691; x_wconf 83' lang='lat' dir='ltr'><strong>tamen</strong></span> <span class='ocrx_word' id='word_1_133' title='bbox 2024 1640 2126 1691; x_wconf 85' lang='lat' dir='ltr'><strong>iam</strong></span> <span class='ocrx_word' id='word_1_134' title='bbox 2159 1640 2254 1693; x_wconf 89' lang='lat' dir='ltr'><strong>lib.</strong></span> <span class='ocrx_word' id='word_1_135' title='bbox 2287 1643 2378 1707; x_wconf 78' lang='lat' dir='ltr'><strong>VJ,</strong></span> <span class='ocrx_word' id='word_1_136' title='bbox 2429 1647 2545 1699; x_wconf 90' lang='grc'><strong>101·</strong></span> 
     </span>
     <span class='ocr_line' id='line_1_17' title="bbox 284 1708 2527 1780; baseline 0.002 -19"><span class='ocrx_word' id='word_1_137' title='bbox 284 1708 526 1762; x_wconf 75' lang='lat' dir='ltr'><strong>vidimun.</strong></span> <span class='ocrx_word' id='word_1_138' title='bbox 562 1710 689 1778; x_wconf 70' lang='lat' dir='ltr'><strong>(vid.</strong></span> <span class='ocrx_word' id='word_1_139' title='bbox 723 1710 791 1762; x_wconf 81' lang='lat' dir='ltr'><strong>V.</strong></span> <span class='ocrx_word' id='word_1_140' title='bbox 826 1710 885 1761; x_wconf 85' lang='lat'><strong>1..</strong></span> <span class='ocrx_word' id='word_1_141' title='bbox 919 1708 989 1761; x_wconf 84' lang='lat' dir='ltr'><strong>ad</strong></span> <span class='ocrx_word' id='word_1_142' title='bbox 1022 1727 1097 1762; x_wconf 77' lang='lat' dir='ltr'><strong>va.</strong></span> <span class='ocrx_word' id='word_1_143' title='bbox 1131 1709 1253 1763; x_wconf 82' lang='grc'><strong>721.</strong></span> <span class='ocrx_word' id='word_1_144' title='bbox 1292 1710 1441 1777; x_wconf 73' lang='lat' dir='ltr'><strong>IVr.)</strong></span> <span class='ocrx_word' id='word_1_145' title='bbox 1509 1708 1569 1759; x_wconf 83' lang='lat' dir='ltr'><strong>in</strong></span> <span class='ocrx_word' id='word_1_146' title='bbox 1595 1720 1826 1780; x_wconf 69' lang='lat' dir='ltr'><strong>pectora</strong></span> <span class='ocrx_word' id='word_1_147' title='bbox 1871 1708 2018 1761; x_wconf 85' lang='lat' dir='ltr'><strong>Leid.</strong></span> <span class='ocrx_word' id='word_1_148' title='bbox 2053 1727 2170 1762; x_wconf 84' lang='lat' dir='ltr'><strong>cum</strong></span> <span class='ocrx_word' id='word_1_149' title='bbox 2203 1711 2365 1763; x_wconf 79' lang='lat' dir='ltr'><strong>Goth.</strong></span> <span class='ocrx_word' id='word_1_150' title='bbox 2400 1722 2527 1767; x_wconf 84' lang='lat' dir='ltr'><strong>tert.</strong></span> 
     </span>
    </p>
   </div>
   <div class='ocr_carea' id='block_1_7' title="bbox 254 1818 1367 4464">
    <p class='ocr_par' dir='ltr' id='par_1_7' title="bbox 276 1818 1367 3692">
     <span class='ocr_line' id='line_1_18' title="bbox 282 1818 1363 1899; baseline -0.002 -24"><span class='ocrx_word' id='word_1_151' title='bbox 282 1825 513 1895; x_wconf 87' lang='lat' dir='ltr'><strong>tempus</strong></span> <span class='ocrx_word' id='word_1_152' title='bbox 540 1818 643 1875; x_wconf 86' lang='lat' dir='ltr'><strong>tali</strong></span> <span class='ocrx_word' id='word_1_153' title='bbox 669 1818 821 1897; x_wconf 86' lang='lat' dir='ltr'><strong>pilae</strong></span> <span class='ocrx_word' id='word_1_154' title='bbox 847 1818 1171 1874; x_wconf 78' lang='lat' dir='ltr'><strong>insumtum</strong></span> <span class='ocrx_word' id='word_1_155' title='bbox 1184 1861 1201 1891; x_wconf 87' lang='lat'><strong>,</strong></span> <span class='ocrx_word' id='word_1_156' title='bbox 1244 1834 1363 1899; x_wconf 90' lang='lat' dir='ltr'><strong>quo</strong></span> 
     </span>
     <span class='ocr_line' id='line_1_19' title="bbox 280 1900 1363 1982; baseline 0.002 -23"><span class='ocrx_word' id='word_1_157' title='bbox 280 1902 457 1982; x_wconf 80' lang='lat' dir='ltr'><strong>ipsius</strong></span> <span class='ocrx_word' id='word_1_158' title='bbox 484 1900 827 1982; x_wconf 79' lang='lat' dir='ltr'><strong>magnitudo</strong></span> <span class='ocrx_word' id='word_1_159' title='bbox 843 1901 1192 1976; x_wconf 58' lang='lat' dir='ltr'><strong>declaratum</strong></span> <span class='ocrx_word' id='word_1_160' title='bbox 1220 1921 1363 1961; x_wconf 86' lang='lat' dir='ltr'><strong>nam</strong></span> 
     </span>
     <span class='ocr_line' id='line_1_20' title="bbox 283 1986 1363 2069; baseline 0.002 -24"><span class='ocrx_word' id='word_1_161' title='bbox 283 2006 401 2068; x_wconf 77' lang='lat' dir='ltr'><strong>quo</strong></span> <span class='ocrx_word' id='word_1_162' title='bbox 472 1988 603 2067; x_wconf 85' lang='lat' dir='ltr'><strong>plus</strong></span> <span class='ocrx_word' id='word_1_163' title='bbox 676 1986 1033 2069; x_wconf 78' lang='lat' dir='ltr'><strong>impenditur</strong></span> <span class='ocrx_word' id='word_1_164' title='bbox 1086 1989 1363 2069; x_wconf 80' lang='lat' dir='ltr'><strong>temporis</strong></span> 
     </span>
     <span class='ocr_line' id='line_1_21' title="bbox 281 2076 1361 2155; baseline 0.002 -25"><span class='ocrx_word' id='word_1_165' title='bbox 281 2082 456 2155; x_wconf 86' lang='lat' dir='ltr'><strong>atque</strong></span> <span class='ocrx_word' id='word_1_166' title='bbox 483 2093 693 2155; x_wconf 86' lang='lat' dir='ltr'><strong>operae</strong></span> <span class='ocrx_word' id='word_1_167' title='bbox 710 2120 726 2149; x_wconf 92' lang='lat'><strong>,</strong></span> <span class='ocrx_word' id='word_1_168' title='bbox 775 2094 845 2132; x_wconf 92' lang='lat' dir='ltr'><strong>eo</strong></span> <span class='ocrx_word' id='word_1_169' title='bbox 888 2076 1172 2132; x_wconf 88' lang='lat' dir='ltr'><strong>maiorem</strong></span> <span class='ocrx_word' id='word_1_170' title='bbox 1196 2076 1361 2132; x_wconf 88' lang='lat' dir='ltr'><strong>illam</strong></span> 
     </span>
     <span class='ocr_line' id='line_1_22' title="bbox 280 2158 1357 2238; baseline 0.001 -23"><span class='ocrx_word' id='word_1_171' title='bbox 280 2158 408 2216; x_wconf 87' lang='lat' dir='ltr'><strong>fieri</strong></span> <span class='ocrx_word' id='word_1_172' title='bbox 463 2171 919 2219; x_wconf 86' lang='lat' dir='ltr'><strong>consentaneum</strong></span> <span class='ocrx_word' id='word_1_173' title='bbox 974 2169 1077 2218; x_wconf 90' lang='lat' dir='ltr'><strong>est.</strong></span> <span class='ocrx_word' id='word_1_174' title='bbox 1163 2158 1305 2218; x_wconf 78' lang='lat' dir='ltr'><strong>W.</strong></span> <span class='ocrx_word' id='word_1_175' title='bbox 1330 2159 1357 2238; x_wconf 97' lang='lat'><strong>)</strong></span> 
     </span>
     <span class='ocr_line' id='line_1_23' title="bbox 278 2244 1363 2303; baseline 0 -2"><span class='ocrx_word' id='word_1_176' title='bbox 278 2245 465 2303; x_wconf 81' lang='lat' dir='ltr'>Erant</span> <span class='ocrx_word' id='word_1_177' title='bbox 508 2256 705 2303; x_wconf 85' lang='lat' dir='ltr'><strong>autem</strong></span> <span class='ocrx_word' id='word_1_178' title='bbox 744 2244 856 2303; x_wconf 87' lang='lat' dir='ltr'><strong>hae</strong></span> <span class='ocrx_word' id='word_1_179' title='bbox 912 2244 1271 2303; x_wconf 84' lang='lat' dir='ltr'><strong>structiones-</strong></span> <span class='ocrx_word' id='word_1_180' title='bbox 1293 2261 1363 2302; x_wconf 86' lang='lat' dir='ltr'><strong>ao</strong></span> 
     </span>
     <span class='ocr_line' id='line_1_24' title="bbox 280 2328 1364 2408; baseline 0 -21"><span class='ocrx_word' id='word_1_181' title='bbox 280 2329 467 2387; x_wconf 85' lang='lat' dir='ltr'><strong>moles</strong></span> <span class='ocrx_word' id='word_1_182' title='bbox 496 2351 573 2389; x_wconf 84' lang='lat' dir='ltr'><strong>ex</strong></span> <span class='ocrx_word' id='word_1_183' title='bbox 596 2333 749 2389; x_wconf 86' lang='lat' dir='ltr'><strong>saxis</strong></span> <span class='ocrx_word' id='word_1_184' title='bbox 789 2351 856 2389; x_wconf 85' lang='lat' dir='ltr'><strong>ac</strong></span> <span class='ocrx_word' id='word_1_185' title='bbox 887 2331 1198 2388; x_wconf 81' lang='lat' dir='ltr'><strong>caementis</strong></span> <span class='ocrx_word' id='word_1_186' title='bbox 1224 2328 1364 2408; x_wconf 88' lang='lat' dir='ltr'><strong>pul-</strong></span> 
     </span>
     <span class='ocr_line' id='line_1_25' title="bbox 279 2413 1361 2473; baseline -0.003 0"><span class='ocrx_word' id='word_1_187' title='bbox 279 2433 419 2473; x_wconf 78' lang='lat' dir='ltr'><strong>vere</strong></span> <span class='ocrx_word' id='word_1_188' title='bbox 432 2416 753 2473; x_wconf 82' lang='lat' dir='ltr'><strong>Puteolano</strong></span> <span class='ocrx_word' id='word_1_189' title='bbox 780 2414 1031 2473; x_wconf 86' lang='lat' dir='ltr'><strong>solidatis</strong></span> <span class='ocrx_word' id='word_1_190' title='bbox 1046 2413 1361 2472; x_wconf 85' lang='lat' dir='ltr'><strong>confectae.</strong></span> 
     </span>
     <span class='ocr_line' id='line_1_26' title="bbox 280 2499 1365 2579; baseline 0 -21"><span class='ocrx_word' id='word_1_191' title='bbox 280 2500 441 2558; x_wconf 87' lang='lat' dir='ltr'><strong>Eum</strong></span> <span class='ocrx_word' id='word_1_192' title='bbox 482 2503 640 2558; x_wconf 86' lang='lat' dir='ltr'><strong>enim</strong></span> <span class='ocrx_word' id='word_1_193' title='bbox 681 2499 1018 2560; x_wconf 90' lang='lat' dir='ltr'><strong>solidescere</strong></span> <span class='ocrx_word' id='word_1_194' title='bbox 1059 2500 1167 2558; x_wconf 74' lang='lat' dir='ltr'><strong>sub</strong></span> <span class='ocrx_word' id='word_1_195' title='bbox 1211 2518 1365 2579; x_wconf 84' lang='lat' dir='ltr'><strong>aqua</strong></span> 
     </span>
     <span class='ocr_line' id='line_1_27' title="bbox 280 2584 1365 2662; baseline -0.003 -18"><span class='ocrx_word' id='word_1_196' title='bbox 280 2597 424 2644; x_wconf 82' lang='lat' dir='ltr'><strong>nota</strong></span> <span class='ocrx_word' id='word_1_197' title='bbox 452 2605 542 2644; x_wconf 87' lang='lat' dir='ltr'><strong>res</strong></span> <span class='ocrx_word' id='word_1_198' title='bbox 574 2597 677 2662; x_wconf 68' lang='lat' dir='ltr'><strong>est.</strong></span> <span class='ocrx_word' id='word_1_199' title='bbox 708 2587 782 2644; x_wconf 82' lang='lat' dir='ltr'><strong>cf.</strong></span> <span class='ocrx_word' id='word_1_200' title='bbox 815 2584 873 2643; x_wconf 90' lang='lat' dir='ltr'><strong>h.</strong></span> <span class='ocrx_word' id='word_1_201' title='bbox 888 2585 928 2642; x_wconf 91' lang='lat' dir='ltr'><strong>l.</strong></span> <span class='ocrx_word' id='word_1_202' title='bbox 961 2584 1228 2642; x_wconf 86' lang='lat' dir='ltr'><strong>Cerdam.</strong></span> <span class='ocrx_word' id='word_1_203' title='bbox 1256 2586 1365 2642; x_wconf 86' lang='lat' dir='ltr'><strong>Vi-</strong></span> 
     </span>
     <span class='ocr_line' id='line_1_28' title="bbox 280 2671 1366 2749; baseline -0.003 -19"><span class='ocrx_word' id='word_1_204' title='bbox 280 2682 435 2730; x_wconf 79' lang='lat' dir='ltr'><strong>truv.</strong></span> <span class='ocrx_word' id='word_1_205' title='bbox 463 2673 537 2746; x_wconf 90' lang='lat'><strong>11,</strong></span> <span class='ocrx_word' id='word_1_206' title='bbox 569 2676 631 2737; x_wconf 86' lang='grc'><strong>6.</strong></span> <span class='ocrx_word' id='word_1_207' title='bbox 716 2672 1023 2729; x_wconf 81' lang='lat' dir='ltr'><strong>Maronem</strong></span> <span class='ocrx_word' id='word_1_208' title='bbox 1068 2671 1366 2749; x_wconf 69' lang='lat' dir='ltr'><strong>exscripsit</strong></span> 
     </span>
     <span class='ocr_line' id='line_1_29' title="bbox 283 2753 1365 2838; baseline -0.004 -22"><span class='ocrx_word' id='word_1_209' title='bbox 283 2755 462 2816; x_wconf 83' lang='lat' dir='ltr'>Silius</span> <span class='ocrx_word' id='word_1_210' title='bbox 486 2757 586 2832; x_wconf 88' lang='lat' dir='ltr'><strong>IV,</strong></span> <span class='ocrx_word' id='word_1_211' title='bbox 628 2759 755 2821; x_wconf 81' lang='lat'><strong>297</strong></span> <span class='ocrx_word' id='word_1_212' title='bbox 782 2775 943 2838; x_wconf 81' lang='lat' dir='ltr'><strong>seqq.</strong></span> <span class='ocrx_word' id='word_1_213' title='bbox 1028 2753 1174 2819; x_wconf 87' lang='lat'><strong>715.</strong></span> <span class='ocrx_word' id='word_1_214' title='bbox 1219 2759 1365 2818; x_wconf 89' lang='grc'><strong>716.</strong></span> 
     </span>
     <span class='ocr_line' id='line_1_30' title="bbox 280 2839 1367 2917; baseline -0.005 -17"><span class='ocrx_word' id='word_1_215' title='bbox 280 2844 473 2900; x_wconf 85' lang='lat' dir='ltr'><strong>Ruina</strong></span> <span class='ocrx_word' id='word_1_216' title='bbox 500 2841 670 2902; x_wconf 85' lang='lat' dir='ltr'><strong>molis</strong></span> <span class='ocrx_word' id='word_1_217' title='bbox 698 2841 869 2917; x_wconf 82' lang='lat' dir='ltr'><strong>facta,</strong></span> <span class='ocrx_word' id='word_1_218' title='bbox 896 2842 1087 2899; x_wconf 80' lang='lat' dir='ltr'><strong>vicina</strong></span> <span class='ocrx_word' id='word_1_219' title='bbox 1105 2839 1251 2914; x_wconf 89' lang='lat' dir='ltr'><strong>loca,</strong></span> <span class='ocrx_word' id='word_1_220' title='bbox 1268 2841 1367 2896; x_wconf 89' lang='lat' dir='ltr'><strong>in-</strong></span> 
     </span>
     <span class='ocr_line' id='line_1_31' title="bbox 278 2927 1365 3010; baseline -0.006 -23"><span class='ocrx_word' id='word_1_221' title='bbox 278 2928 431 2988; x_wconf 85' lang='lat' dir='ltr'><strong>sulas</strong></span> <span class='ocrx_word' id='word_1_222' title='bbox 462 2944 697 3010; x_wconf 81' lang='lat' dir='ltr'><strong>quoque</strong></span> <span class='ocrx_word' id='word_1_223' title='bbox 716 2973 733 3002; x_wconf 92' lang='lat'><strong>,</strong></span> <span class='ocrx_word' id='word_1_224' title='bbox 764 2927 1202 2986; x_wconf 80' lang='lat' dir='ltr'><strong>contremiscere</strong></span> <span class='ocrx_word' id='word_1_225' title='bbox 1223 2945 1365 2982; x_wconf 88' lang='lat' dir='ltr'><strong>nar-</strong></span> 
     </span>
     <span class='ocr_line' id='line_1_32' title="bbox 278 3011 1365 3094; baseline -0.004 -21"><span class='ocrx_word' id='word_1_226' title='bbox 278 3023 388 3073; x_wconf 82' lang='lat' dir='ltr'><strong>rat.</strong></span> <span class='ocrx_word' id='word_1_227' title='bbox 432 3013 740 3092; x_wconf 72' lang='lat' dir='ltr'><strong>Prochyta</strong></span> <span class='ocrx_word' id='word_1_228' title='bbox 757 3013 1153 3094; x_wconf 85' lang='lat' dir='ltr'><strong>promontorio</strong></span> <span class='ocrx_word' id='word_1_229' title='bbox 1186 3011 1365 3069; x_wconf 86' lang='lat' dir='ltr'><strong>Cam-</strong></span> 
     </span>
     <span class='ocr_line' id='line_1_33' title="bbox 278 3097 1361 3178; baseline -0.005 -20"><span class='ocrx_word' id='word_1_230' title='bbox 278 3101 486 3178; x_wconf 85' lang='lat' dir='ltr'><strong>paniae</strong></span> <span class='ocrx_word' id='word_1_231' title='bbox 506 3101 731 3157; x_wconf 87' lang='lat' dir='ltr'><strong>Miseno</strong></span> <span class='ocrx_word' id='word_1_232' title='bbox 748 3101 971 3157; x_wconf 83' lang='lat' dir='ltr'><strong>obiecta</strong></span> <span class='ocrx_word' id='word_1_233' title='bbox 1002 3097 1187 3176; x_wconf 89' lang='lat' dir='ltr'><strong>(nunc</strong></span> <span class='ocrx_word' id='word_1_234' title='bbox 1202 3097 1361 3154; x_wconf 79' lang='lat' dir='ltr'><strong>Pro-</strong></span> 
     </span>
     <span class='ocr_line' id='line_1_34' title="bbox 279 3184 1361 3266; baseline -0.003 -24"><span class='ocrx_word' id='word_1_235' title='bbox 279 3185 463 3266; x_wconf 85' lang='lat' dir='ltr'><strong>cida)</strong></span> <span class='ocrx_word' id='word_1_236' title='bbox 505 3205 643 3245; x_wconf 88' lang='lat' dir='ltr'><strong>cum</strong></span> <span class='ocrx_word' id='word_1_237' title='bbox 679 3186 989 3243; x_wconf 77' lang='lat' dir='ltr'><strong>Pithecusa</strong></span> <span class='ocrx_word' id='word_1_238' title='bbox 1037 3204 1083 3241; x_wconf 89' lang='lat' dir='ltr'><strong>s.</strong></span> <span class='ocrx_word' id='word_1_239' title='bbox 1112 3184 1361 3240; x_wconf 88' lang='lat' dir='ltr'><strong>Aenaria</strong></span> 
     </span>
     <span class='ocr_line' id='line_1_35' title="bbox 281 3269 1362 3352; baseline -0.002 -25"><span class='ocrx_word' id='word_1_240' title='bbox 281 3269 481 3346; x_wconf 88' lang='lat' dir='ltr'><strong>(nunc</strong></span> <span class='ocrx_word' id='word_1_241' title='bbox 512 3271 719 3328; x_wconf 70' lang='lat' dir='ltr'><strong>Iac-hia</strong></span> <span class='ocrx_word' id='word_1_242' title='bbox 734 3273 780 3350; x_wconf 90' lang='lat'><strong>)‚</strong></span> <span class='ocrx_word' id='word_1_243' title='bbox 828 3289 1008 3352; x_wconf 87' lang='lat' dir='ltr'><strong>quam</strong></span> <span class='ocrx_word' id='word_1_244' title='bbox 1049 3269 1362 3326; x_wconf 73' lang='lat' dir='ltr'><strong>Inarimen</strong></span> 
     </span>
     <span class='ocr_line' id='line_1_36' title="bbox 281 3351 1360 3429; baseline -0.003 -15"><span class='ocrx_word' id='word_1_245' title='bbox 281 3353 430 3414; x_wconf 81' lang='lat' dir='ltr'><strong>dixit</strong></span> <span class='ocrx_word' id='word_1_246' title='bbox 455 3357 739 3416; x_wconf 79' lang='lat' dir='ltr'><strong>vocabulo</strong></span> <span class='ocrx_word' id='word_1_247' title='bbox 770 3377 846 3414; x_wconf 84' lang='lat' dir='ltr'><strong>ex</strong></span> <span class='ocrx_word' id='word_1_248' title='bbox 877 3359 1134 3414; x_wconf 85' lang='lat' dir='ltr'><strong>Homero</strong></span> <span class='ocrx_word' id='word_1_249' title='bbox 1166 3351 1360 3429; x_wconf 76' lang='lat' dir='ltr'><strong>ducta,</strong></span> 
     </span>
     <span class='ocr_line' id='line_1_37' title="bbox 279 3439 1360 3522; baseline -0.001 -24"><span class='ocrx_word' id='word_1_250' title='bbox 279 3443 384 3499; x_wconf 76' lang='lat' dir='ltr'><strong>etsi</strong></span> <span class='ocrx_word' id='word_1_251' title='bbox 422 3461 727 3522; x_wconf 77' lang='lat' dir='ltr'><strong>perperam</strong></span> <span class='ocrx_word' id='word_1_252' title='bbox 770 3442 1161 3521; x_wconf 86' lang='lat' dir='ltr'><strong>interpretato,</strong></span> <span class='ocrx_word' id='word_1_253' title='bbox 1193 3439 1360 3498; x_wconf 80' lang='lat' dir='ltr'><strong>Iliad.</strong></span> 
     </span>
     <span class='ocr_line' id='line_1_38' title="bbox 279 3525 1361 3606; baseline -0.008 -16"><span class='ocrx_word' id='word_1_254' title='bbox 279 3527 339 3606; x_wconf 90' lang='grc' dir='ltr'><strong>β,</strong></span> <span class='ocrx_word' id='word_1_255' title='bbox 369 3531 514 3593; x_wconf 84' lang='grc'><strong>788.</strong></span> <span class='ocrx_word' id='word_1_256' title='bbox 553 3527 675 3586; x_wconf 82' lang='lat' dir='ltr'><strong>vid.</strong></span> <span class='ocrx_word' id='word_1_257' title='bbox 704 3529 947 3586; x_wconf 64' lang='lat' dir='ltr'><strong>Excms.</strong></span> <span class='ocrx_word' id='word_1_258' title='bbox 988 3528 1062 3582; x_wconf 90' lang='grc' dir='ltr'><strong>Π.</strong></span> <span class='ocrx_word' id='word_1_259' title='bbox 1146 3525 1225 3583; x_wconf 88' lang='lat' dir='ltr'><strong>Ut</strong></span> <span class='ocrx_word' id='word_1_260' title='bbox 1266 3535 1361 3582; x_wconf 76' lang='lat' dir='ltr'><strong>ta-</strong></span> 
     </span>
     <span class='ocr_line' id='line_1_39' title="bbox 276 3611 1362 3692; baseline -0.003 -22"><span class='ocrx_word' id='word_1_261' title='bbox 276 3631 417 3670; x_wconf 86' lang='lat' dir='ltr'><strong>men</strong></span> <span class='ocrx_word' id='word_1_262' title='bbox 445 3615 623 3672; x_wconf 78' lang='lat' dir='ltr'><strong>vei-bo</strong></span> <span class='ocrx_word' id='word_1_263' title='bbox 652 3611 747 3671; x_wconf 90' lang='lat' dir='ltr'><strong>hic</strong></span> <span class='ocrx_word' id='word_1_264' title='bbox 790 3628 1167 3671; x_wconf 83' lang='lat' dir='ltr'><strong>moneamus:</strong></span> <span class='ocrx_word' id='word_1_265' title='bbox 1227 3611 1362 3692; x_wconf 84' lang='lat' dir='ltr'><strong>Ty-</strong></span> 
     </span>
    </p>

    <p class='ocr_par' dir='ltr' id='par_1_8' title="bbox 254 3695 1364 4464">
     <span class='ocr_line' id='line_1_40' title="bbox 318 3695 1361 3778; baseline 0.003 -22"><span class='ocrx_word' id='word_1_266' title='bbox 318 3695 501 3756; x_wconf 83' lang='lat' dir='ltr'><strong>hoeus</strong></span> <span class='ocrx_word' id='word_1_267' title='bbox 527 3699 774 3758; x_wconf 82' lang='lat' dir='ltr'><strong>fulmine</strong></span> <span class='ocrx_word' id='word_1_268' title='bbox 800 3699 913 3758; x_wconf 80' lang='lat' dir='ltr'><strong>fuit</strong></span> <span class='ocrx_word' id='word_1_269' title='bbox 937 3715 1236 3778; x_wconf 81' lang='lat' dir='ltr'><strong>percussus</strong></span> <span class='ocrx_word' id='word_1_270' title='bbox 1266 3696 1361 3758; x_wconf 79' lang='grc' dir='ltr'><strong>εἰν</strong></span> 
     </span>
     <span class='ocr_line' id='line_1_41' title="bbox 278 3783 1364 3864; baseline -0.007 -19"><span class='ocrx_word' id='word_1_271' title='bbox 278 3783 559 3864; x_wconf 79' lang='grc' dir='ltr'><strong>Αρίμοις.</strong></span> <span class='ocrx_word' id='word_1_272' title='bbox 588 3783 917 3855; x_wconf 79' lang='lat' dir='ltr'><strong>Quaerendi</strong></span> <span class='ocrx_word' id='word_1_273' title='bbox 932 3794 1127 3840; x_wconf 85' lang='lat' dir='ltr'><strong>autem</strong></span> <span class='ocrx_word' id='word_1_274' title='bbox 1149 3783 1364 3838; x_wconf 73' lang='lat' dir='ltr'><strong>Arimi</strong></span> 
     </span>
     <span class='ocr_line' id='line_1_42' title="bbox 278 3863 1359 3951; baseline -0.003 -25"><span class='ocrx_word' id='word_1_275' title='bbox 278 3879 339 3927; x_wconf 84' lang='lat' dir='ltr'><strong>et</strong></span> <span class='ocrx_word' id='word_1_276' title='bbox 366 3863 441 3930; x_wconf 71' lang='grc' dir='ltr'><strong>ταὶ</strong></span> <span class='ocrx_word' id='word_1_277' title='bbox 452 3863 679 3951; x_wconf 58' lang='lat' dir='ltr'><strong>”Aoum</strong></span> <span class='ocrx_word' id='word_1_278' title='bbox 701 3866 810 3949; x_wconf 72' lang='grc' dir='ltr'><strong>’ὄρη</strong></span> <span class='ocrx_word' id='word_1_279' title='bbox 836 3873 903 3930; x_wconf 86' lang='lat' dir='ltr'><strong>in</strong></span> <span class='ocrx_word' id='word_1_280' title='bbox 920 3869 1134 3942; x_wconf 85' lang='lat' dir='ltr'><strong>Cilicia,</strong></span> <span class='ocrx_word' id='word_1_281' title='bbox 1165 3886 1359 3949; x_wconf 86' lang='lat' dir='ltr'><strong>quon-</strong></span> 
     </span>
     <span class='ocr_line' id='line_1_43' title="bbox 276 3955 1359 4019; baseline -0.002 -7"><span class='ocrx_word' id='word_1_282' title='bbox 276 3955 399 4012; x_wconf 86' lang='lat' dir='ltr'><strong>iam</strong></span> <span class='ocrx_word' id='word_1_283' title='bbox 428 3955 492 4011; x_wconf 90' lang='lat' dir='ltr'><strong>in</strong></span> <span class='ocrx_word' id='word_1_284' title='bbox 535 3975 605 4013; x_wconf 90' lang='lat' dir='ltr'><strong>eo</strong></span> <span class='ocrx_word' id='word_1_285' title='bbox 650 3965 837 4014; x_wconf 86' lang='lat' dir='ltr'><strong>tractu</strong></span> <span class='ocrx_word' id='word_1_286' title='bbox 873 3964 1037 4019; x_wconf 79' lang='lat' dir='ltr'><strong>erant</strong></span> <span class='ocrx_word' id='word_1_287' title='bbox 1065 3955 1194 4011; x_wconf 90' lang='lat' dir='ltr'><strong>loca</strong></span> <span class='ocrx_word' id='word_1_288' title='bbox 1235 3963 1359 4010; x_wconf 88' lang='lat' dir='ltr'><strong>ter-</strong></span> 
     </span>
     <span class='ocr_line' id='line_1_44' title="bbox 274 4037 1363 4100; baseline -0.001 -2"><span class='ocrx_word' id='word_1_289' title='bbox 274 4059 377 4098; x_wconf 85' lang='lat' dir='ltr'><strong>rae</strong></span> <span class='ocrx_word' id='word_1_290' title='bbox 420 4041 676 4100; x_wconf 86' lang='lat' dir='ltr'><strong>motibus</strong></span> <span class='ocrx_word' id='word_1_291' title='bbox 719 4052 777 4099; x_wconf 89' lang='lat' dir='ltr'><strong>et</strong></span> <span class='ocrx_word' id='word_1_292' title='bbox 816 4037 1097 4100; x_wconf 81' lang='lat' dir='ltr'><strong>incendiis</strong></span> <span class='ocrx_word' id='word_1_293' title='bbox 1126 4039 1363 4098; x_wconf 83' lang='lat' dir='ltr'><strong>occultis</strong></span> 
     </span>
     <span class='ocr_line' id='line_1_45' title="bbox 254 4123 1363 4207; baseline -0.002 -23"><span class='ocrx_word' id='word_1_294' title='bbox 254 4123 541 4190; x_wconf 70' lang='lat' dir='ltr'><strong>,foedatae</strong></span> <span class='ocrx_word' id='word_1_295' title='bbox 618 4145 795 4207; x_wconf 85' lang='lat' dir='ltr'><strong>quam</strong></span> <span class='ocrx_word' id='word_1_296' title='bbox 845 4128 1111 4186; x_wconf 87' lang='lat' dir='ltr'><strong>locorum</strong></span> <span class='ocrx_word' id='word_1_297' title='bbox 1150 4125 1363 4183; x_wconf 82' lang='lat' dir='ltr'><strong>faciem</strong></span> 
     </span>
     <span class='ocr_line' id='line_1_46' title="bbox 274 4209 1361 4288; baseline -0.004 -17"><span class='ocrx_word' id='word_1_298' title='bbox 274 4220 529 4272; x_wconf 80' lang='lat' dir='ltr'><strong>vetustas</strong></span> <span class='ocrx_word' id='word_1_299' title='bbox 555 4209 631 4270; x_wconf 87' lang='lat' dir='ltr'><strong>ad</strong></span> <span class='ocrx_word' id='word_1_300' title='bbox 658 4223 1049 4272; x_wconf 78' lang='lat' dir='ltr'><strong>mensu-orum</strong></span> <span class='ocrx_word' id='word_1_301' title='bbox 1068 4220 1125 4269; x_wconf 88' lang='lat' dir='ltr'><strong>et</strong></span> <span class='ocrx_word' id='word_1_302' title='bbox 1149 4211 1361 4288; x_wconf 86' lang='lat' dir='ltr'><strong>gigan-</strong></span> 
     </span>
     <span class='ocr_line' id='line_1_47' title="bbox 272 4296 1357 4358; baseline -0.004 -2"><span class='ocrx_word' id='word_1_303' title='bbox 272 4307 405 4356; x_wconf 85' lang='lat' dir='ltr'><strong>tum</strong></span> <span class='ocrx_word' id='word_1_304' title='bbox 462 4297 791 4357; x_wconf 83' lang='lat' dir='ltr'><strong>molitiones</strong></span> <span class='ocrx_word' id='word_1_305' title='bbox 844 4298 1059 4358; x_wconf 82' lang='lat' dir='ltr'><strong>referre</strong></span> <span class='ocrx_word' id='word_1_306' title='bbox 1118 4296 1357 4355; x_wconf 76' lang='lat' dir='ltr'><strong>solebat.</strong></span> 
     </span>
     <span class='ocr_line' id='line_1_48' title="bbox 275 4383 1359 4464; baseline -0.003 -22"><span class='ocrx_word' id='word_1_307' title='bbox 275 4383 585 4442; x_wconf 84' lang='lat' dir='ltr'><strong>Translata</strong></span> <span class='ocrx_word' id='word_1_308' title='bbox 612 4403 702 4443; x_wconf 80' lang='lat' dir='ltr'><strong>res</strong></span> <span class='ocrx_word' id='word_1_309' title='bbox 744 4393 830 4446; x_wconf 83' lang='lat' dir='ltr'><strong>est</strong></span> <span class='ocrx_word' id='word_1_310' title='bbox 858 4385 930 4442; x_wconf 84' lang='lat' dir='ltr'><strong>ab</strong></span> <span class='ocrx_word' id='word_1_311' title='bbox 961 4384 1155 4464; x_wconf 87' lang='lat' dir='ltr'><strong>aliquo</strong></span> <span class='ocrx_word' id='word_1_312' title='bbox 1183 4391 1359 4461; x_wconf 88' lang='lat' dir='ltr'><strong>poeta</strong></span> 
     </span>
    </p>
   </div>
   <div class='ocr_carea' id='block_1_8' title="bbox 376 4481 1141 4562">
    <p class='ocr_par' dir='ltr' id='par_1_9' title="bbox 376 4481 1141 4562">
     <span class='ocr_line' id='line_1_49' title="bbox 376 4481 1141 4562; baseline -0.008 -3"><span class='ocrx_word' id='word_1_313' title='bbox 376 4481 689 4562; x_wconf 72' lang='lat' dir='ltr'><strong>Vinea.</strong></span> <span class='ocrx_word' id='word_1_314' title='bbox 744 4483 955 4562; x_wconf 72' lang='lat' dir='ltr'><strong>Tou.</strong></span> <span class='ocrx_word' id='word_1_315' title='bbox 1006 4481 1141 4557; x_wconf 90' lang='lat'><strong>111.</strong></span> 
     </span>
    </p>
   </div>
   <div class='ocr_carea' id='block_1_9' title="bbox 1442 1814 2528 2154">
    <p class='ocr_par' dir='ltr' id='par_1_10' title="bbox 1442 1814 2528 2154">
     <span class='ocr_line' id='line_1_50' title="bbox 1446 1814 2528 1902; baseline 0.008 -30"><span class='ocrx_word' id='word_1_316' title='bbox 1446 1814 1523 1873; x_wconf 89' lang='lat' dir='ltr'><strong>ad</strong></span> <span class='ocrx_word' id='word_1_317' title='bbox 1564 1816 1812 1875; x_wconf 86' lang='lat' dir='ltr'><strong>insulam</strong></span> <span class='ocrx_word' id='word_1_318' title='bbox 1839 1814 2210 1877; x_wconf 82' lang='lat' dir='ltr'><strong>Pithecusam</strong></span> <span class='ocrx_word' id='word_1_319' title='bbox 2225 1865 2242 1895; x_wconf 92' lang='lat'><strong>,</strong></span> <span class='ocrx_word' id='word_1_320' title='bbox 2290 1840 2438 1902; x_wconf 89' lang='lat' dir='ltr'><strong>quae</strong></span> <span class='ocrx_word' id='word_1_321' title='bbox 2469 1833 2528 1882; x_wconf 87' lang='lat' dir='ltr'><strong>et</strong></span> 
     </span>
     <span class='ocr_line' id='line_1_51' title="bbox 1443 1900 2526 1986; baseline 0.006 -27"><span class='ocrx_word' id='word_1_322' title='bbox 1443 1904 1568 1981; x_wconf 86' lang='lat' dir='ltr'><strong>ipsa</strong></span> <span class='ocrx_word' id='word_1_323' title='bbox 1597 1900 1906 1983; x_wconf 87' lang='lat' dir='ltr'><strong>aliquando</strong></span> <span class='ocrx_word' id='word_1_324' title='bbox 1933 1904 2331 1965; x_wconf 82' lang='lat' dir='ltr'><strong>subterraneos</strong></span> <span class='ocrx_word' id='word_1_325' title='bbox 2359 1910 2526 1986; x_wconf 81' lang='lat' dir='ltr'><strong>ignes</strong></span> 
     </span>
     <span class='ocr_line' id='line_1_52' title="bbox 1442 1990 2526 2069; baseline 0.007 -24"><span class='ocrx_word' id='word_1_326' title='bbox 1442 1998 1505 2046; x_wconf 86' lang='lat' dir='ltr'><strong>et</strong></span> <span class='ocrx_word' id='word_1_327' title='bbox 1530 1990 1724 2045; x_wconf 88' lang='lat' dir='ltr'><strong>ruinas</strong></span> <span class='ocrx_word' id='word_1_328' title='bbox 1751 1998 1989 2067; x_wconf 83' lang='lat' dir='ltr'><strong>experta</strong></span> <span class='ocrx_word' id='word_1_329' title='bbox 2017 2000 2129 2065; x_wconf 68' lang='grc' dir='ltr'><strong>θεῖς</strong></span> <span class='ocrx_word' id='word_1_330' title='bbox 2170 1993 2348 2069; x_wconf 86' lang='lat' dir='ltr'><strong>igitur</strong></span> <span class='ocrx_word' id='word_1_331' title='bbox 2389 2012 2526 2053; x_wconf 88' lang='lat' dir='ltr'><strong>cum</strong></span> 
     </span>
     <span class='ocr_line' id='line_1_53' title="bbox 1444 2076 2524 2154; baseline 0.006 -23"><span class='ocrx_word' id='word_1_332' title='bbox 1444 2092 1509 2131; x_wconf 86' lang='lat' dir='ltr'><strong>re</strong></span> <span class='ocrx_word' id='word_1_333' title='bbox 1567 2083 1624 2131; x_wconf 87' lang='lat' dir='ltr'><strong>et</strong></span> <span class='ocrx_word' id='word_1_334' title='bbox 1671 2076 1863 2154; x_wconf 84' lang='lat' dir='ltr'><strong>ipsum</strong></span> <span class='ocrx_word' id='word_1_335' title='bbox 1917 2094 2138 2133; x_wconf 88' lang='lat' dir='ltr'><strong>nomen</strong></span> <span class='ocrx_word' id='word_1_336' title='bbox 2192 2076 2524 2138; x_wconf 83' lang='lat' dir='ltr'><strong>traductum</strong></span> 
     </span>
    </p>
   </div>
   <div class='ocr_carea' id='block_1_10' title="bbox 1418 2158 2526 2244">
    <p class='ocr_par' dir='ltr' id='par_1_11' title="bbox 1418 2158 2526 2244">
     <span class='ocr_line' id='line_1_54' title="bbox 1418 2158 2526 2244; baseline 0.005 -27"><span class='ocrx_word' id='word_1_337' title='bbox 1418 2160 1715 2217; x_wconf 68' lang='lat' dir='ltr'><strong>Inarime.</strong></span> <span class='ocrx_word' id='word_1_338' title='bbox 1799 2158 2090 2241; x_wconf 83' lang='lat' dir='ltr'><strong>Prochyta</strong></span> <span class='ocrx_word' id='word_1_339' title='bbox 2127 2160 2260 2221; x_wconf 81' lang='lat' dir='ltr'><strong>alta</strong></span> <span class='ocrx_word' id='word_1_340' title='bbox 2296 2162 2526 2244; x_wconf 89' lang='lat' dir='ltr'><strong>epithe-</strong></span> 
     </span>
    </p>
   </div>
   <div class='ocr_carea' id='block_1_11' title="bbox 1438 2248 2526 4361">
    <p class='ocr_par' dir='ltr' id='par_1_12' title="bbox 1442 2248 2526 2742">
     <span class='ocr_line' id='line_1_55' title="bbox 1442 2248 2524 2327; baseline 0.006 -24"><span class='ocrx_word' id='word_1_341' title='bbox 1442 2255 1550 2303; x_wconf 87' lang='lat' dir='ltr'><strong>ton</strong></span> <span class='ocrx_word' id='word_1_342' title='bbox 1577 2265 1889 2303; x_wconf 88' lang='lat' dir='ltr'><strong>commune</strong></span> <span class='ocrx_word' id='word_1_343' title='bbox 1905 2248 2524 2327; x_wconf 83' lang='lat' dir='ltr'><strong>omniuminsularum,</strong></span> 
     </span>
     <span class='ocr_line' id='line_1_56' title="bbox 1446 2333 2524 2410; baseline 0.008 -23"><span class='ocrx_word' id='word_1_344' title='bbox 1446 2341 1730 2410; x_wconf 86' lang='lat' dir='ltr'><strong>quatenus</strong></span> <span class='ocrx_word' id='word_1_345' title='bbox 1756 2333 1904 2388; x_wconf 87' lang='lat' dir='ltr'><strong>mari</strong></span> <span class='ocrx_word' id='word_1_346' title='bbox 1932 2335 2210 2390; x_wconf 86' lang='lat' dir='ltr'><strong>eminent.</strong></span> <span class='ocrx_word' id='word_1_347' title='bbox 2253 2333 2410 2409; x_wconf 74' lang='lat' dir='ltr'><strong>(vid.</strong></span> <span class='ocrx_word' id='word_1_348' title='bbox 2451 2338 2524 2396; x_wconf 90' lang='lat' dir='ltr'><strong>V.</strong></span> 
     </span>
     <span class='ocr_line' id='line_1_57' title="bbox 1444 2414 2526 2495; baseline 0.008 -23"><span class='ocrx_word' id='word_1_349' title='bbox 1444 2416 1516 2472; x_wconf 88' lang='lat' dir='ltr'><strong>L.</strong></span> <span class='ocrx_word' id='word_1_350' title='bbox 1547 2414 1622 2473; x_wconf 89' lang='lat' dir='ltr'><strong>ad</strong></span> <span class='ocrx_word' id='word_1_351' title='bbox 1649 2418 1750 2489; x_wconf 84' lang='lat' dir='ltr'><strong>III,</strong></span> <span class='ocrx_word' id='word_1_352' title='bbox 1778 2418 1882 2479; x_wconf 91' lang='grc'><strong>76.</strong></span> <span class='ocrx_word' id='word_1_353' title='bbox 1947 2416 2136 2495; x_wconf 81' lang='lat' dir='ltr'><strong>Wr.)</strong></span> <span class='ocrx_word' id='word_1_354' title='bbox 2193 2418 2413 2495; x_wconf 77' lang='lat' dir='ltr'><strong>cubile,</strong></span> <span class='ocrx_word' id='word_1_355' title='bbox 2458 2430 2526 2481; x_wconf 89' lang='lat' dir='ltr'><strong>ut</strong></span> 
     </span>
     <span class='ocr_line' id='line_1_58' title="bbox 1444 2499 2526 2588; baseline 0.007 -31"><span class='ocrx_word' id='word_1_356' title='bbox 1444 2499 1730 2558; x_wconf 84' lang='lat' dir='ltr'><strong>Pindarus</strong></span> <span class='ocrx_word' id='word_1_357' title='bbox 1759 2502 2012 2559; x_wconf 85' lang='lat' dir='ltr'><strong>Aetnam</strong></span> <span class='ocrx_word' id='word_1_358' title='bbox 2042 2500 2362 2583; x_wconf 75' lang='grc' dir='ltr'><em>στρωμνοῖν</em></span> <span class='ocrx_word' id='word_1_359' title='bbox 2391 2506 2526 2588; x_wconf 83' lang='lat' dir='ltr'><strong>Ty-</strong></span> 
     </span>
     <span class='ocr_line' id='line_1_59' title="bbox 1446 2583 2516 2664; baseline 0.008 -22"><span class='ocrx_word' id='word_1_360' title='bbox 1446 2583 1624 2664; x_wconf 88' lang='lat' dir='ltr'><strong>phoei</strong></span> <span class='ocrx_word' id='word_1_361' title='bbox 1651 2583 1825 2664; x_wconf 72' lang='lat' dir='ltr'><strong>Pyth.</strong></span> <span class='ocrx_word' id='word_1_362' title='bbox 1852 2588 1899 2661; x_wconf 91' lang='grc' dir='ltr'><strong>Ι,</strong></span> <span class='ocrx_word' id='word_1_363' title='bbox 1930 2583 2032 2652; x_wconf 87' lang='grc'><strong>54.</strong></span> <span class='ocrx_word' id='word_1_364' title='bbox 2078 2589 2364 2649; x_wconf 82' lang='lat' dir='ltr'><strong>Homerus</strong></span> <span class='ocrx_word' id='word_1_365' title='bbox 2388 2591 2432 2650; x_wconf 95' lang='lat' dir='ltr'><strong>l.</strong></span> <span class='ocrx_word' id='word_1_366' title='bbox 2459 2613 2516 2652; x_wconf 88' lang='lat' dir='ltr'><strong>c.</strong></span> 
     </span>
     <span class='ocr_line' id='line_1_60' title="bbox 1451 2666 2343 2742; baseline 0.002 -12"><span class='ocrx_word' id='word_1_367' title='bbox 1451 2666 1635 2742; x_wconf 65' lang='lat' dir='ltr'><strong>stivale</strong></span> <span class='ocrx_word' id='word_1_368' title='bbox 1665 2670 1812 2728; x_wconf 85' lang='lat' dir='ltr'><strong>dixit</strong></span> <span class='ocrx_word' id='word_1_369' title='bbox 1837 2673 2068 2730; x_wconf 81' lang='lat' dir='ltr'><strong>Arimos</strong></span> <span class='ocrx_word' id='word_1_370' title='bbox 2097 2683 2343 2732; x_wconf 81' lang='lat' dir='ltr'><strong>montes.</strong></span> 
     </span>
    </p>

    <p class='ocr_par' dir='ltr' id='par_1_13' title="bbox 1438 2757 2526 4361">
     <span class='ocr_line' id='line_1_61' title="bbox 1534 2757 2525 2819; baseline -0.002 -1"><span class='ocrx_word' id='word_1_371' title='bbox 1534 2759 1676 2819; x_wconf 87' lang='lat'><strong>717.</strong></span> <span class='ocrx_word' id='word_1_372' title='bbox 1692 2757 1838 2819; x_wconf 86' lang='lat'><strong>718.</strong></span> <span class='ocrx_word' id='word_1_373' title='bbox 1855 2760 2001 2819; x_wconf 85' lang='lat'><strong>719.</strong></span> <span class='ocrx_word' id='word_1_374' title='bbox 2044 2758 2350 2816; x_wconf 86' lang='lat' dir='ltr'><strong>Homerica</strong></span> <span class='ocrx_word' id='word_1_375' title='bbox 2379 2777 2525 2817; x_wconf 90' lang='lat' dir='ltr'><strong>con-</strong></span> 
     </span>
     <span class='ocr_line' id='line_1_62' title="bbox 1446 2841 2525 2918; baseline 0.006 -22"><span class='ocrx_word' id='word_1_376' title='bbox 1446 2842 1634 2898; x_wconf 78' lang='lat' dir='ltr'><strong>versio</strong></span> <span class='ocrx_word' id='word_1_377' title='bbox 1675 2841 1943 2900; x_wconf 70' lang='lat' dir='ltr'><strong>{brumae</strong></span> <span class='ocrx_word' id='word_1_378' title='bbox 1987 2844 2346 2918; x_wconf 84' lang='lat' dir='ltr'><strong>certaminis3</strong></span> <span class='ocrx_word' id='word_1_379' title='bbox 2397 2846 2525 2902; x_wconf 90' lang='lat' dir='ltr'><strong>Ho-</strong></span> 
     </span>
     <span class='ocr_line' id='line_1_63' title="bbox 1444 2925 2526 3008; baseline 0.006 -26"><span class='ocrx_word' id='word_1_380' title='bbox 1444 2927 1734 2985; x_wconf 88' lang='lat' dir='ltr'><strong>mericum</strong></span> <span class='ocrx_word' id='word_1_381' title='bbox 1777 2939 2012 3008; x_wconf 85' lang='lat' dir='ltr'><strong>quoque</strong></span> <span class='ocrx_word' id='word_1_382' title='bbox 2053 2925 2397 3007; x_wconf 84' lang='lat' dir='ltr'><strong>phantasma</strong></span> <span class='ocrx_word' id='word_1_383' title='bbox 2439 2939 2526 2988; x_wconf 78' lang='lat' dir='ltr'><strong>est</strong></span> 
     </span>
     <span class='ocr_line' id='line_1_64' title="bbox 1444 3007 2524 3094; baseline 0.006 -26"><span class='ocrx_word' id='word_1_384' title='bbox 1444 3007 1560 3069; x_wconf 88' lang='lat' dir='ltr'><strong>hoc</strong></span> <span class='ocrx_word' id='word_1_385' title='bbox 1577 3057 1596 3088; x_wconf 90' lang='lat'><strong>,</strong></span> <span class='ocrx_word' id='word_1_386' title='bbox 1624 3012 1787 3094; x_wconf 90' lang='lat' dir='ltr'><strong>quod</strong></span> <span class='ocrx_word' id='word_1_387' title='bbox 1812 3015 1962 3071; x_wconf 84' lang='lat' dir='ltr'><strong>Mars</strong></span> <span class='ocrx_word' id='word_1_388' title='bbox 2008 3010 2317 3094; x_wconf 76' lang='grc' dir='ltr'><strong><em>ἑτεραλκέα</em></strong></span> <span class='ocrx_word' id='word_1_389' title='bbox 2343 3014 2524 3093; x_wconf 75' lang='grc' dir='ltr'><strong><em>νίκην</em></strong></span> 
     </span>
     <span class='ocr_line' id='line_1_65' title="bbox 1444 3096 2523 3177; baseline 0.004 -23"><span class='ocrx_word' id='word_1_390' title='bbox 1444 3098 1567 3175; x_wconf 86' lang='lat' dir='ltr'><strong>ipse</strong></span> <span class='ocrx_word' id='word_1_391' title='bbox 1621 3096 2004 3156; x_wconf 85' lang='lat' dir='ltr'><strong>machinatur.</strong></span> <span class='ocrx_word' id='word_1_392' title='bbox 2119 3099 2309 3177; x_wconf 88' lang='lat' dir='ltr'><strong>Saepe</strong></span> <span class='ocrx_word' id='word_1_393' title='bbox 2366 3103 2523 3158; x_wconf 89' lang='lat' dir='ltr'><strong>enim</strong></span> 
     </span>
     <span class='ocr_line' id='line_1_66' title="bbox 1446 3181 2524 3246; baseline 0.004 -5"><span class='ocrx_word' id='word_1_394' title='bbox 1446 3181 1585 3241; x_wconf 85' lang='lat' dir='ltr'><strong>deos</strong></span> <span class='ocrx_word' id='word_1_395' title='bbox 1637 3187 1926 3242; x_wconf 86' lang='lat' dir='ltr'><strong>Homerus</strong></span> <span class='ocrx_word' id='word_1_396' title='bbox 1981 3181 2204 3242; x_wconf 85' lang='lat' dir='ltr'><strong>inducit</strong></span> <span class='ocrx_word' id='word_1_397' title='bbox 2245 3185 2422 3243; x_wconf 88' lang='lat' dir='ltr'><strong>robur</strong></span> <span class='ocrx_word' id='word_1_398' title='bbox 2465 3198 2524 3246; x_wconf 89' lang='lat' dir='ltr'><strong>et</strong></span> 
     </span>
     <span class='ocr_line' id='line_1_67' title="bbox 1443 3269 2520 3350; baseline 0.004 -24"><span class='ocrx_word' id='word_1_399' title='bbox 1443 3270 1668 3328; x_wconf 88' lang='lat' dir='ltr'><strong>animos</strong></span> <span class='ocrx_word' id='word_1_400' title='bbox 1711 3270 2100 3349; x_wconf 83' lang='lat' dir='ltr'><strong>pugnantibus</strong></span> <span class='ocrx_word' id='word_1_401' title='bbox 2154 3269 2520 3350; x_wconf 82' lang='lat' dir='ltr'><strong>adspirantes,</strong></span> 
     </span>
     <span class='ocr_line' id='line_1_68' title="bbox 1445 3354 2524 3432; baseline 0.004 -20"><span class='ocrx_word' id='word_1_402' title='bbox 1445 3365 1547 3413; x_wconf 87' lang='lat' dir='ltr'><strong>aut</strong></span> <span class='ocrx_word' id='word_1_403' title='bbox 1571 3357 1634 3412; x_wconf 85' lang='lat' dir='ltr'><strong>in</strong></span> <span class='ocrx_word' id='word_1_404' title='bbox 1661 3354 1866 3432; x_wconf 80' lang='lat' dir='ltr'><strong>fugam</strong></span> <span class='ocrx_word' id='word_1_405' title='bbox 1893 3365 2176 3415; x_wconf 80' lang='lat' dir='ltr'><strong>vertentes</strong></span> <span class='ocrx_word' id='word_1_406' title='bbox 2223 3355 2524 3416; x_wconf 83' lang='lat' dir='ltr'><strong>adversam</strong></span> 
     </span>
     <span class='ocr_line' id='line_1_69' title="bbox 1444 3439 2524 3524; baseline 0.003 -27"><span class='ocrx_word' id='word_1_407' title='bbox 1444 3442 1650 3498; x_wconf 87' lang='lat' dir='ltr'><strong>aciem.</strong></span> <span class='ocrx_word' id='word_1_408' title='bbox 1697 3443 1797 3500; x_wconf 87' lang='lat' dir='ltr'><strong>Sic</strong></span> <span class='ocrx_word' id='word_1_409' title='bbox 1823 3440 1988 3499; x_wconf 91' lang='lat' dir='ltr'><strong>Iliad.</strong></span> <span class='ocrx_word' id='word_1_410' title='bbox 2005 3441 2062 3520; x_wconf 89' lang='grc' dir='ltr'><strong>β,</strong></span> <span class='ocrx_word' id='word_1_411' title='bbox 2094 3439 2220 3505; x_wconf 83' lang='grc'><strong>446</strong></span> <span class='ocrx_word' id='word_1_412' title='bbox 2233 3461 2362 3524; x_wconf 88' lang='lat' dir='ltr'><strong>sqq.</strong></span> <span class='ocrx_word' id='word_1_413' title='bbox 2403 3445 2524 3500; x_wconf 83' lang='lat' dir='ltr'><strong>Mi-</strong></span> 
     </span>
     <span class='ocr_line' id='line_1_70' title="bbox 1442 3525 2522 3606; baseline 0.004 -23"><span class='ocrx_word' id='word_1_414' title='bbox 1442 3545 1716 3601; x_wconf 81' lang='lat' dir='ltr'><strong>nervam3</strong></span> <span class='ocrx_word' id='word_1_415' title='bbox 1791 3548 1856 3604; x_wconf 82' lang='grc' dir='ltr'><strong>ν,</strong></span> <span class='ocrx_word' id='word_1_416' title='bbox 1900 3525 1982 3590; x_wconf 78' lang='lat'><strong>44</strong></span> <span class='ocrx_word' id='word_1_417' title='bbox 2026 3529 2400 3606; x_wconf 79' lang='lat' dir='ltr'><strong>Neptunum3</strong></span> <span class='ocrx_word' id='word_1_418' title='bbox 2464 3539 2522 3588; x_wconf 86' lang='lat' dir='ltr'><strong>et</strong></span> 
     </span>
     <span class='ocr_line' id='line_1_71' title="bbox 1439 3611 2518 3696; baseline 0.003 -27"><span class='ocrx_word' id='word_1_419' title='bbox 1439 3613 1632 3690; x_wconf 81' lang='lat' dir='ltr'><strong>ipsum</strong></span> <span class='ocrx_word' id='word_1_420' title='bbox 1659 3613 1908 3670; x_wconf 82' lang='lat' dir='ltr'><strong>Martem</strong></span> <span class='ocrx_word' id='word_1_421' title='bbox 1933 3611 2097 3670; x_wconf 84' lang='lat' dir='ltr'><strong>Iliad.</strong></span> <span class='ocrx_word' id='word_1_422' title='bbox 2129 3633 2188 3690; x_wconf 83' lang='grc' dir='ltr'><strong>ε,</strong></span> <span class='ocrx_word' id='word_1_423' title='bbox 2218 3612 2344 3677; x_wconf 84' lang='grc'><strong>506</strong></span> <span class='ocrx_word' id='word_1_424' title='bbox 2369 3633 2518 3696; x_wconf 65' lang='lat' dir='ltr'><strong>sqq„</strong></span> 
     </span>
     <span class='ocr_line' id='line_1_72' title="bbox 1439 3695 2522 3778; baseline 0.004 -24"><span class='ocrx_word' id='word_1_425' title='bbox 1439 3695 1578 3771; x_wconf 86' lang='lat' dir='ltr'><strong>sed,</strong></span> <span class='ocrx_word' id='word_1_426' title='bbox 1637 3699 1740 3778; x_wconf 87' lang='lat' dir='ltr'><strong>qui</strong></span> <span class='ocrx_word' id='word_1_427' title='bbox 1781 3697 1936 3776; x_wconf 83' lang='lat' dir='ltr'><strong>apud</strong></span> <span class='ocrx_word' id='word_1_428' title='bbox 1989 3700 2314 3756; x_wconf 86' lang='lat' dir='ltr'><strong>Homerum</strong></span> <span class='ocrx_word' id='word_1_429' title='bbox 2369 3701 2522 3758; x_wconf 90' lang='lat' dir='ltr'><strong>inter</strong></span> 
     </span>
     <span class='ocr_line' id='line_1_73' title="bbox 1440 3781 2520 3862; baseline 0.004 -22"><span class='ocrx_word' id='word_1_430' title='bbox 1440 3781 1580 3841; x_wconf 82' lang='lat' dir='ltr'><strong>deos</strong></span> <span class='ocrx_word' id='word_1_431' title='bbox 1619 3783 1964 3862; x_wconf 79' lang='lat' dir='ltr'><strong>praeliantes</strong></span> <span class='ocrx_word' id='word_1_432' title='bbox 2004 3785 2334 3862; x_wconf 79' lang='lat' dir='ltr'><strong>negotiosus</strong></span> <span class='ocrx_word' id='word_1_433' title='bbox 2377 3783 2520 3845; x_wconf 85' lang='lat' dir='ltr'><strong>deus</strong></span> 
     </span>
     <span class='ocr_line' id='line_1_74' title="bbox 1438 3868 2520 3948; baseline 0.004 -22"><span class='ocrx_word' id='word_1_434' title='bbox 1438 3879 1525 3926; x_wconf 81' lang='lat' dir='ltr'><strong>est</strong></span> <span class='ocrx_word' id='word_1_435' title='bbox 1539 3911 1557 3943; x_wconf 92' lang='lat'>‚</span> <span class='ocrx_word' id='word_1_436' title='bbox 1599 3868 1756 3948; x_wconf 82' lang='lat' dir='ltr'><strong>apud</strong></span> <span class='ocrx_word' id='word_1_437' title='bbox 1795 3871 2098 3928; x_wconf 87' lang='lat' dir='ltr'><strong>Maronem</strong></span> <span class='ocrx_word' id='word_1_438' title='bbox 2153 3870 2218 3926; x_wconf 87' lang='lat' dir='ltr'><strong>in</strong></span> <span class='ocrx_word' id='word_1_439' title='bbox 2269 3869 2520 3930; x_wconf 83' lang='lat' dir='ltr'><strong>otiosum</strong></span> 
     </span>
     <span class='ocr_line' id='line_1_75' title="bbox 1446 3955 2521 4035; baseline 0.002 -23"><span class='ocrx_word' id='word_1_440' title='bbox 1446 3955 1820 4033; x_wconf 86' lang='lat' dir='ltr'><strong>allegoricum</strong></span> <span class='ocrx_word' id='word_1_441' title='bbox 1861 3975 2082 4014; x_wconf 89' lang='lat' dir='ltr'><strong>nomen</strong></span> <span class='ocrx_word' id='word_1_442' title='bbox 2121 3955 2243 4012; x_wconf 88' lang='lat' dir='ltr'><strong>abit</strong></span> <span class='ocrx_word' id='word_1_443' title='bbox 2257 3973 2276 4012; x_wconf 72' lang='grc' dir='ltr'><strong><em>ε</em></strong></span> <span class='ocrx_word' id='word_1_444' title='bbox 2333 3955 2521 4035; x_wconf 86' lang='lat' dir='ltr'><strong>inpri-</strong></span> 
     </span>
     <span class='ocr_line' id='line_1_76' title="bbox 1443 4040 2518 4106; baseline 0.002 -8"><span class='ocrx_word' id='word_1_445' title='bbox 1443 4041 1556 4098; x_wconf 84' lang='lat' dir='ltr'><strong>mis</strong></span> <span class='ocrx_word' id='word_1_446' title='bbox 1605 4059 1744 4098; x_wconf 88' lang='lat' dir='ltr'><strong>cum</strong></span> <span class='ocrx_word' id='word_1_447' title='bbox 1800 4061 1946 4100; x_wconf 81' lang='lat' dir='ltr'><strong>vers.</strong></span> <span class='ocrx_word' id='word_1_448' title='bbox 2001 4044 2122 4106; x_wconf 81' lang='lat'><strong>721</strong></span> <span class='ocrx_word' id='word_1_449' title='bbox 2183 4040 2518 4100; x_wconf 87' lang='lat' dir='ltr'><strong>bellatorem</strong></span> 
     </span>
     <span class='ocr_line' id='line_1_77' title="bbox 1444 4123 2518 4200; baseline -0.001 -16"><span class='ocrx_word' id='word_1_450' title='bbox 1444 4123 1625 4184; x_wconf 88' lang='lat' dir='ltr'><strong>deum</strong></span> <span class='ocrx_word' id='word_1_451' title='bbox 1649 4124 1906 4185; x_wconf 87' lang='lat' dir='ltr'><strong>incidere</strong></span> <span class='ocrx_word' id='word_1_452' title='bbox 1933 4127 2174 4200; x_wconf 83' lang='lat' dir='ltr'><strong>animis,</strong></span> <span class='ocrx_word' id='word_1_453' title='bbox 2215 4123 2280 4183; x_wconf 90' lang='lat' dir='ltr'><strong>h.</strong></span> <span class='ocrx_word' id='word_1_454' title='bbox 2311 4145 2364 4184; x_wconf 90' lang='lat' dir='ltr'><strong>e.</strong></span> <span class='ocrx_word' id='word_1_455' title='bbox 2393 4128 2518 4183; x_wconf 88' lang='lat' dir='ltr'><strong>ala-</strong></span> 
     </span>
     <span class='ocr_line' id='line_1_78' title="bbox 1442 4209 2516 4288; baseline 0 -20"><span class='ocrx_word' id='word_1_456' title='bbox 1442 4211 1724 4288; x_wconf 86' lang='lat' dir='ltr'><strong>critatem,</strong></span> <span class='ocrx_word' id='word_1_457' title='bbox 1739 4231 1964 4272; x_wconf 74' lang='lat' dir='ltr'><strong>noviun</strong></span> <span class='ocrx_word' id='word_1_458' title='bbox 1989 4213 2166 4270; x_wconf 85' lang='lat' dir='ltr'><strong>robur</strong></span> <span class='ocrx_word' id='word_1_459' title='bbox 2193 4212 2392 4284; x_wconf 76' lang='lat' dir='ltr'><strong>animi,</strong></span> <span class='ocrx_word' id='word_1_460' title='bbox 2423 4209 2516 4268; x_wconf 89' lang='lat' dir='ltr'><strong>di-</strong></span> 
     </span>
     <span class='ocr_line' id='line_1_79' title="bbox 1441 4293 2514 4361; baseline -0.004 -7"><span class='ocrx_word' id='word_1_461' title='bbox 1441 4297 1636 4355; x_wconf 84' lang='lat' dir='ltr'><strong>xisset.</strong></span> <span class='ocrx_word' id='word_1_462' title='bbox 1766 4299 1910 4361; x_wconf 88' lang='lat'><strong>718.</strong></span> <span class='ocrx_word' id='word_1_463' title='bbox 1967 4293 2240 4352; x_wconf 66' lang='lat' dir='ltr'><strong>stimulos</strong></span> <span class='ocrx_word' id='word_1_464' title='bbox 2306 4297 2514 4351; x_wconf 70' lang='lat' dir='ltr'><strong>vertit.-</strong></span> 
     </span>
    </p>
   </div>
   <div class='ocr_carea' id='block_1_12' title="bbox 1438 4377 2516 4550">
    <p class='ocr_par' dir='ltr' id='par_1_14' title="bbox 1438 4377 2516 4550">
     <span class='ocr_line' id='line_1_80' title="bbox 1438 4377 2516 4462; baseline -0.005 -22"><span class='ocrx_word' id='word_1_465' title='bbox 1438 4383 1570 4461; x_wconf 76' lang='lat' dir='ltr'><strong>plus</strong></span> <span class='ocrx_word' id='word_1_466' title='bbox 1605 4401 1786 4462; x_wconf 84' lang='lat' dir='ltr'><strong>quam</strong></span> <span class='ocrx_word' id='word_1_467' title='bbox 1826 4379 2080 4440; x_wconf 87' lang='lat' dir='ltr'><strong>adhibet.</strong></span> <span class='ocrx_word' id='word_1_468' title='bbox 2133 4377 2253 4438; x_wconf 79' lang='lat' dir='ltr'><strong>vid.</strong></span> <span class='ocrx_word' id='word_1_469' title='bbox 2289 4379 2388 4436; x_wconf 88' lang='lat' dir='ltr'><strong>lib.</strong></span> <span class='ocrx_word' id='word_1_470' title='bbox 2418 4381 2516 4454; x_wconf 82' lang='lat' dir='ltr'><strong>vl,</strong></span> 
     </span>
     <span class='ocr_line' id='line_1_81' title="bbox 2002 4477 2106 4550; baseline 0 0"><span class='ocrx_word' id='word_1_471' title='bbox 2002 4477 2106 4550; x_wconf 74' lang='lat'><strong>26</strong></span> 
     </span>
    </p>
   </div>
  </div>
 </body>
</html>
