3009 5050
618 419 1234 506 AENEIDos
1287 422 1501 510 ΜΒ.
1553 426 2136 518 §ewa—796
2359 432 2508 506 549

258 609 444 682 Non
483 604 901 705 equidem,
956 617 1241 700 necte,
1296 607 1600 684 iuvenis
1631 609 2180 708 memorande,
2233 611 2504 692 silebo,

259 707 411 785 Ille
462 707 758 807 pedem
792 708 1189 800 referem,
1238 723 1319 784 et
1362 711 1695 809 inutilis,
1738 714 1981 814 inque
2012 713 2288 813 ligatus

262 810 663 910 Cedebat,
716 812 1137 916 clipeoque
1169 813 1578 890 inimicum
1611 815 1890 893 hastile
1917 817 2297 897 trahebat.
2349 829 2502 900 795

257 914 660 1025 Proripuit
695 917 1031 1013 iuveniS‚
1082 939 1419 1018 seseque
1454 919 1852 1004 inmiscuit
1900 921 2172 1014 armis3

361 1061 530 1132 796.
590 1057 1003 1130 Paonum'r

258 1259 511 1312 eiusmodi
560 1259 869 1314 versiculum
921 1262 1327 1333 producet-etun
1370 1279 1469 1314 nec
1509 1260 1741 1330 impedio
1761 1299 1777 1328 ,
1826 1262 2098 1348 quominus
2135 1266 2176 1326 1,
2211 1263 2328 1318 534.
2401 1281 2502 1318 uu-

256 1330 921 1468 ἷιῖῗῗωρέἲιῗίἷῐέιῖἓιῖιέ
952 1331 1276 1454 ‘2224ssss
1312 1333 1616 1470 ffibcffi'agt
1635 1331 2388 1468 ffiibsff‘i'sssstfzffffsseit
2407 1349 2504 1470 ’ἕξ

251 1468 443 1520 Hamb.
496 1479 553 1520 et
596 1469 739 1538 pau-ti
785 1469 925 1522 rior.
974 1471 1129 1522 codd.
1266 1471 1371 1526 793
1403 1471 1534 1523 Non
1575 1471 1852 1540 equidem.
1899 1471 1975 1522 sic
2010 1470 2335 1540 interpunxi:
2386 1488 2504 1524 nam

253 1548 432 1606 partes
468 1538 761 1590 tententiae
812 1538 943 1591 hae:
993 1541 1121 1594 Non
1168 1540 1413 1609 equidem
1444 1537 1632 1591 silebo.
1661 1539 1750 1591 lu'c
1785 1545 1974 1592 mortis
2007 1541 2183 1592 durae
2215 1556 2401 1591 casum
2433 1570 2503 1579 —

253 1623 356 1658 nee
388 1619 476 1671 te,
510 1625 580 1660 m.
613 1610 653 1660 i.
695 1610 843 1674 (post
876 1610 1122 1677 equidem
1154 1607 1543 1678 intel-pungitur
1577 1607 1734 1660 etiam
1762 1607 1814 1659 in
1846 1609 2035 1660 Medic.
2065 1612 2216 1673 Wr.)
2282 1607 2386 1663 794
2409 1619 2512 1660 cac-⁶

290 1693 360 1726 ue
392 1676 605 1744 ligatae
636 1687 747 1730 trec
780 1679 953 1729 But-tn.
1002 1695 1114 1729 cnm
1160 1678 1325 1730 Goth.
1374 1687 1501 1730 tert.
1572 1678 1826 1800 (Ζοξὲιειιι
1858 1677 2046 1759 Medic.
2115 1677 2356 1760 Ceterum
2396 1679 2505 1733 vid.

292 1761 323 1796 e
357 1761 458 1796 vsa.
493 1745 611 1800 794.
646 1763 726 1814 oq.
764 1748 831 1801 V.
866 1747 927 1798 L-
963 1747 1032 1798 ad
1065 1765 1141 1800 vn.
1174 1748 1295 1802 713.
1338 1749 1482 1828 (Vr.)
1611 1748 1644 1801 7
1748 1749 2066 1814 Prorumpu
2097 1747 2278 1798 Heme.
2321 1765 2350 1797 e
2387 1747 2502 1828 lio-

252 1829 409 1893 mano
442 1812 819 1883 adoptaverat:
866 1831 913 1868 ιε
962 1831 1089 1868 vero
1123 1819 1391 1888 Prot-apat
1426 1817 1624 1880 habet,
1673 1826 1730 1866 et
1763 1817 1868 1868 hoc
1902 1826 2074 1880 recte,
2117 1833 2234 1867 nam
2272 1827 2503 1885 sequitur

250 1885 564 1948 tmme'scui33
598 1885 700 1937 hoe
733 1885 897 1954 igitur
932 1903 1067 1938 nunc
1102 1885 1497 1939 emendavimus.
1568 1883 1746 1953 Vulgo
1781 1887 2084 1958 Proripuie,
2115 1885 2256 1956 quod
2290 1885 2504 1952 fugien-

248 2060 500 2118 steritate
544 2059 695 2122 dicta
737 2081 859 2120 esse
901 2060 1099 2138 debet3
1170 2063 1335 2121 aliter

248 2145 305 2202 εἰ
333 2165 458 2224 qua
499 2167 621 2205 nou
666 2146 928 2228 expediri
970 2158 1191 2226 potest:
1266 2147 1335 2208 Si

246 2249 365 2310 qua
423 2235 602 2292 serior
666 2244 821 2292 aetas
864 2232 1041 2290 fidem
1096 2231 1333 2292 habebit

247 2326 442 2374 tantae
468 2319 645 2376 Lausi
672 2320 869 2398 pietati
898 2329 957 2376 et
987 2321 1201 2376 virtuti.
1232 2320 1333 2376 Si-

246 2401 388 2458 mile
432 2401 579 2459 fflud
619 2405 910 2461 Ciceronis
966 2423 1073 2482 pro
1114 2403 1333 2460 Milone

250 2483 335 2549 35
381 2483 456 2543 de
488 2507 581 2543 me
610 2487 786 2545 nulla
818 2507 1089 2564 unquam
1119 2485 1333 2545 obmu—

253 2580 431 2627 tescet
473 2582 759 2631 vetustas.
835 2592 987 2648 opus
1036 2584 1102 2630 ut
1156 2572 1333 2653 ἔργον

249 2674 359 2735 pro
386 2655 663 2715 facinore.
752 2658 926 2731 (Non
972 2656 1201 2715 videtur
1228 2676 1335 2715 ve-

250 2760 386 2798 rum
440 2740 652 2799 horum
722 2743 1033 2800 verborum
1100 2760 1335 2799 sensum

250 2837 542 2885 assecutus
586 2846 707 2885 esse
736 2827 1013 2907 Heynius.
1073 2826 1334 2885 Subver-

248 2914 351 2987 tit,
406 2914 518 2971 nisi
556 2912 757 2987 fallor,
816 2914 939 2971 eius
995 2914 1336 2992 explicatio-

198 3042 217 3059 .
246 3017 392 3055 nem
446 3000 541 3057 vel
606 2998 795 3072 istud,
880 2996 1040 3079 quod
1098 3007 1337 3055 tantum

248 3104 401 3161 opus
444 3086 545 3143 vix
588 3083 899 3143 commode
944 3084 1221 3163 accipitur
1261 3082 1337 3141 de

252 3178 469 3228 conatu
497 3172 707 3243 Lausi,
752 3170 1010 3228 maxime
1050 3170 1153 3227 illo
1201 3172 1337 3251 qui-

248 3254 389 3315 dem
450 3256 761 3327 laudabili,
818 3257 978 3313 irrito
1035 3266 1231 3313 tamen
1279 3266 1338 3313 et

248 3342 459 3399 fuisti-a
528 3352 813 3421 suscepto.
958 3342 1122 3399 Tum
1182 3338 1335 3415 vide,

250 3436 535 3507 quantum
575 3431 682 3486 ista
725 3430 882 3506 ipsa,
940 3428 990 3484 si
1029 3428 1113 3485 ita
1152 3428 1337 3484 inter-

246 3515 514 3591 preteris,
575 3512 833 3595 officiant
880 3514 1055 3570 Lausi
1097 3513 1335 3591 gloriae,

246 3608 423 3677 poeta
461 3600 833 3672 subverente,
874 3618 949 3655 ne
978 3596 1201 3656 diffidat
1224 3616 1337 3677 po-

248 3684 473 3743 steritas
501 3682 638 3742 huic
669 3684 1007 3741 narrationi.
1094 3680 1217 3741 Sed
1247 3680 1340 3740 di-

250 3785 394 3825 ces:
480 3770 787 3847 Virgilium
856 3772 1139 3826 maiorem
1194 3766 1332 3827 inde

249 3854 444 3910 Lauso
511 3854 951 3913 admirationem
1026 3854 1333 3912 conciliare

249 3938 499 3995 voluisse
516 3984 531 4011 ,
611 3949 917 4022 tamquam
1000 3936 1335 3996 incredibile

252 4021 533 4104 quiddam
562 4044 721 4083 auso.
751 4026 830 4083 At
858 4026 969 4083 fuit
994 4022 1147 4082 istud
1162 4043 1335 4103 prae-

252 4110 477 4167 clarum
520 4109 756 4189 quidem
774 4156 789 4185 ‚
839 4108 941 4170 sed
980 4128 1101 4167 non
1147 4128 1335 4167 unum

253 4194 327 4253 de
384 4194 831 4254 incredibilibus.
934 4196 1093 4266 Quae
1152 4214 1336 4275 quum

252 4282 335 4337 ita
386 4282 541 4351 sint,
587 4300 777 4359 opus
820 4280 933 4338 dici
978 4292 1117 4360 puta
1146 4282 1337 4359 ipsum

250 4384 487 4425 carmen
558 4367 783 4444 Virgilii
809 4410 827 4439 ‚
912 4365 1087 4447 idque
1145 4367 1336 4425 vocari

256 4459 573 4529 tantum,
606 4453 822 4534 quippe
851 4449 1337 4511 homiuumsum-

1417 2079 1652 2120 morum
1695 2081 1763 2120 ac
1805 2060 2248 2119 fortissimorum
2275 2079 2502 2118 rerum-

1420 2167 1536 2227 que
1577 2149 1969 2204 maximarum
2011 2147 2386 2228 maximeque
2425 2147 2502 2204 il-

1418 2234 1686 2292 lustrium
1721 2233 2040 2290 memoriae
2081 2233 2500 2291 consulturum.

1416 2320 1576 2375 Inter
1588 2316 1692 2374 has
1706 2328 1894 2375 tantas
1907 2315 2106 2376 laudes
2120 2319 2296 2374 etiam
2310 2320 2502 2376 Lauso

1418 2403 1616 2459 locum
1673 2421 1794 2460 esse
1834 2412 2008 2480 poeta
2065 2402 2328 2476 volebat3
2387 2421 2504 2482 qua

1417 2484 1660 2567 quidem
1689 2506 1750 2543 re
1773 2485 1919 2544 nihil
1949 2497 2031 2549 est
2055 2484 2213 2567 quod
2239 2487 2503 2567 praecla-

1416 2574 1532 2629 rius
1560 2574 1645 2628 illi
1673 2574 2006 2649 contingere
2035 2574 2304 2650 potuerit.
2375 2574 2504 2630 Iam

1417 2656 1700 2713 sententia
1753 2658 1946 2713 existit
2002 2654 2177 2713 haec:
2261 2656 2331 2714 Si
2388 2676 2502 2738 qua

1417 2738 1555 2798 huie
1579 2785 1594 2813 ,
1647 2741 1747 2797 tali
1786 2751 2097 2821 tantoque,
2155 2742 2318 2821 operi
2357 2740 2502 2799 fides

1418 2824 1758 2899 habebitur,
1819 2844 2000 2905 quam
2052 2842 2190 2882 sane
2251 2842 2502 2902 auguror

1418 2912 1544 2969 fore
1594 2913 1952 2985 maximam,
2001 2929 2122 2967 nou
2165 2928 2276 2989 ego
2321 2918 2381 2967 te
2422 2911 2503 2967 si-

1418 2998 1611 3071 leb03'
1653 3008 1718 3055 tu
1747 3014 1982 3078 quoque
2031 2992 2240 3052 harum
2286 3012 2500 3071 rerum,

1421 3102 1565 3164 quas
1596 3102 1742 3141 cauo
1760 3126 1778 3156 ‚
1807 3100 1938 3161 pars
1969 3082 2110 3154 eris,
2142 3099 2251 3137 nec
2280 3078 2500 3138 infima.

1418 3172 1624 3250 Neque
1656 3186 1795 3226 vero
1825 3170 1909 3225 sic
1933 3165 2068 3239 fiet,
2115 3162 2502 3247 quemadmo-
2585 3199 2592 3203 -

1422 3251 1566 3312 dum
1595 3254 1900 3311 arbitratur
1930 3252 2162 3310 Servius
2181 3295 2196 3325 ,
2227 3258 2292 3308 ut
2319 3251 2380 3307 in
2404 3269 2501 3325 ar-

1420 3341 1721 3418 rogantiae
1765 3340 1985 3396 crimen
2013 3338 2267 3395 incurrat
2292 3345 2500 3415 poeta3

1419 3442 1693 3504 compara
1735 3424 1932 3481 locum
1985 3422 2345 3482 simillimum
2393 3424 2500 3496 lx,

1420 3508 1546 3574 446
1577 3528 1707 3591 sqq.
1751 3519 1809 3565 et
1835 3526 1988 3592 quae
2014 3508 2212 3566 notavi
2241 3505 2317 3565 ad
2329 3508 2501 3585 Eleg.

1417 3598 1479 3653 iu
1531 3594 1836 3652 Messalam
1880 3614 1942 3673 p.
1984 3596 2066 3659 59
2094 3596 2194 3673 aq.¹
2265 3593 2500 3650 Mecum

1416 3682 1589 3739 sentit
1629 3682 1922 3737 Donatus:
1999 3722 2037 3753 „
2053 3676 2284 3738 confido
2324 3681 2498 3752 enim,

1418 3778 1475 3823 te
1502 3766 1766 3823 futurum
1794 3766 1856 3821 iu
1883 3761 2056 3822 laude
2099 3764 2360 3821 maxima
2379 3808 2396 3837 ,
2451 3764 2502 3821 si

1416 3852 1549 3910 libri
1589 3852 1710 3908 mei
1755 3848 2062 3907 habuerint
2101 3848 2340 3907 fidem.“
2423 3850 2502 3908 Et

1419 3956 1570 4014 opu-s·
1613 3933 1686 3993 de
1729 3935 1984 3993 carmine
2024 3944 2274 3993 aetatem
2313 3934 2500 3993 laturo

1420 4019 1590 4081 ovid.
1618 4023 1856 4080 Metam.
1887 4020 2016 4095 XV,
2043 4022 2187 4085 871.
2206 4039 2227 4079 :⁴
2286 4022 2502 4097 „Iam-

1420 4128 1538 4188 que
1566 4126 1601 4165 o
1617 4128 1655 4185 p
1672 4127 1752 4165 us
1782 4108 1986 4185 exegi,
2028 4104 2189 4187 quod
2214 4124 2324 4162 nec
2350 4107 2502 4163 Iovis

1421 4196 1524 4267 ira,
1553 4212 1662 4251 nee
1675 4194 1859 4271 ignes,
1888 4194 2010 4249 Nec
2037 4191 2248 4271 poterit
2261 4190 2500 4260 ferrum,

1419 4298 1530 4337 nec
1547 4276 1700 4336 edax
1725 4278 1954 4336 abolere
1971 4276 2278 4335 vetustas.“
2329 4272 2500 4349 Wr.)

1420 4364 1566 4429 794.
1587 4362 1850 4432 inutilis,
1877 4362 2118 4421 vulnere
2149 4356 2501 4431 debilitatus3

1422 4460 1485 4508 ut
1517 4449 1682 4507 Serv,
1759 4444 2080 4524 (Anchises
2123 4442 2367 4501 fulmine
2406 4460 2502 4500 se-
