3009 5050
503 358 654 430 290
1017 348 1082 423 E
1135 348 1203 421 X
1259 346 1320 423 C
1381 346 1450 421 U
1497 346 1576 421 R
1629 344 1921 421 s·U‘·s
2024 344 2165 426 111

503 554 560 601 et
586 542 828 623 Dionys.
859 543 904 615 Ι,
947 544 1052 603 27.
1093 538 1298 597 Vellei.
1325 540 1372 611 Ι,
1422 542 1476 611 1,
1524 534 1585 601 4.
1629 538 1821 597 Tacit.
1850 538 2011 595 Ann-
2036 537 2135 611 IV,
2180 534 2283 611 55,
2332 536 2599 616 inprimis
2624 538 2751 619 Iar-

501 628 701 708 cophr.
736 624 920 691 1351.
951 623 1138 687 1859.
1205 624 1515 704 Dionysius
1544 633 1602 681 et
1642 621 1787 681 illud
1828 622 2017 697 addit,
2059 624 2306 683 variasse
2337 624 2477 681 alios
2508 634 2567 680 et
2590 632 2749 681 tem·-

492 733 642 795 pora
670 722 728 769 et
755 710 1020 768 homines
1039 754 1057 783 ,
1117 720 1174 767 et
1211 727 1349 769 vero
1391 711 1567 768 etiam
1602 710 1889 788 sapienter
1926 720 2132 767 monet
2147 725 2167 766 τ
2222 728 2261 766 a
2289 706 2529 770 Xantho
2556 706 2745 788 Lydo,

505 801 608 881 qni
651 799 898 877 patriam
915 832 922 841 ·
941 792 1240 853 historiam
1283 797 1725 875 conscripserat,
1798 812 1834 851 a
1876 812 1995 876 quo
2038 793 2187 853 adeo
2228 796 2403 857 unice
2442 792 2559 853 hac
2590 797 2655 853 in
2683 814 2751 852 ro

500 884 772 943 standum
815 890 963 955 erat,
1009 900 1120 939 nec
1160 880 1545 961 Tyrrhenum
1590 897 1842 961 usquam
1883 883 2222 955 memorati,
2278 900 2391 940 nec
2426 880 2755 940 Maeonium

500 972 790 1028 coloniam
817 970 880 1027 in
907 968 1133 1025 Italiam
1159 964 1504 1025 deductamt
1561 968 1752 1046 Atyos
1781 986 1921 1025 vero
1948 967 2096 1025 filios
2121 964 2361 1047 Itydum
2388 977 2449 1025 et
2492 965 2750 1023 Tor-rho·-

501 1054 646 1112 bum
660 1100 676 1129 ,
718 1054 818 1113 vel
857 1054 1004 1110 forte
1047 1052 1413 1130 Tyn-kebam
1435 1095 1453 1121 ,
1515 1050 1824 1131 depravata
1863 1054 2013 1111 forte
2054 1054 2367 1132 scriptura,
2426 1067 2607 1133 quam
2626 1052 2747 1109 ali-

500 1144 625 1223 quis
668 1142 730 1197 in
775 1150 968 1197 vetere
997 1136 1220 1197 xanthi
1260 1138 1462 1197 codice
1501 1136 1855 1212 offenderat,
1922 1134 2247 1221 Τὺρἆβον
2276 1140 2371 1199 rel
2421 1130 2744 1219 Τόρῤηβον

497 1247 603 1306 pro
643 1219 978 1305 Τύρᾆνον.
1063 1226 1160 1281 Ex
1203 1227 1384 1303 prisca
1421 1224 1799 1301 Pelasgorum
1838 1224 2013 1303 stirpe
2052 1226 2339 1304 populum
2362 1224 2537 1283 fuisse
2580 1224 2747 1302 Tyr·-

498 1312 739 1385 rhenos,
784 1312 888 1392 qui
915 1329 1098 1391 usque
1127 1308 1202 1367 ad
1230 1313 1442 1367 seriora
1470 1320 1735 1387 tempora
1758 1310 2071 1385 Lemnum,
2102 1312 2365 1369 Imbrum
2394 1308 2620 1389 aliaque
2651 1310 2744 1367 vi-

498 1400 630 1455 cina
674 1399 1019 1455 continentis
1067 1416 1299 1477 quoque
1351 1397 1479 1453 loca
1520 1392 1881 1468 insederant,
1932 1394 2184 1456 dubitari
2238 1398 2461 1477 nequit.
2546 1394 2750 1453 Etiam.

497 1481 603 1541 hos
633 1481 707 1540 ad
737 1479 1074 1562 Tyrrhenos
1103 1480 1300 1541 Italiae
1331 1482 1653 1539 retulerunt
1692 1482 1994 1561 scriptores
2008 1526 2025 1553 ,
2082 1484 2339 1543 nominis
2366 1478 2746 1541 similitudine
2812 1544 2815 1547 ⁴

496 1567 722 1647 decepti
742 1612 757 1641 ,
805 1566 909 1625 sed
947 1568 1188 1647 Dionys.
1231 1570 1276 1641 Ι,
1323 1564 1405 1629 25
1453 1584 1584 1623 eam
1624 1568 1912 1625 rationem
1950 1568 2111 1641 iniit,
2169 1578 2237 1625 ut
2284 1586 2381 1627 eos
2408 1584 2487 1627 ax
2514 1569 2581 1625 iis
2608 1566 2745 1645 ipsis

493 1654 748 1730 Pelasgis
777 1653 948 1709 fiiisse
977 1652 1220 1725 diceret,
1281 1654 1381 1732 qui
1408 1652 1635 1719 Italiam
1678 1650 2005 1712 insederant
2049 1655 2363 1734 antiquitus
2391 1667 2651 1735 moxque
2678 1652 2741 1707 in

497 1740 800 1797 communi
825 1741 1011 1815 gentis
1040 1737 1203 1796 clade
1249 1736 1386 1795 inde
1417 1734 1823 1797 discesserant:
1883 1741 2413 1817 accepisse'nomen
2430 1782 2449 1813 ,
2494 1734 2653 1818 quod
2680 1736 2743 1793 in

493 1821 940 1905 Tyrrhenorum
983 1823 1194 1881 finibus
1238 1820 1637 1882 consederant.
1724 1824 1943 1882 Verum
1968 1822 2117 1883 haec
2143 1827 2407 1904 Dionysii
2448 1826 2743 1882 coniecta-

493 1910 574 1968 tio
591 1954 608 1983 ,
656 1929 778 1967 non
805 1912 1058 1967 narratio
1089 1911 1311 1989 antiqui
1337 1911 1625 1989 scriptoris
1654 1908 1769 1967 fide
1797 1898 2068 1989 accepta,
2110 1921 2225 1985 est,
2281 1930 2431 1991 quae
2460 1908 2605 1967 adeo
2632 1924 2740 1987 pro

493 1994 678 2053 fundo
707 1992 978 2053 historiae
1011 2015 1046 2052 a
1096 1998 1232 2053 viris
1277 1992 1456 2053 doctis
1495 1991 1699 2053 haberi
1740 2014 1865 2054 non
1908 1994 2185 2071 debebat,
2244 1998 2331 2053 uti
2380 1996 2564 2055 multa
2608 1995 2741 2067 alia,

493 2100 646 2162 quae
671 2082 734 2137 in
763 2078 878 2139 hoc
904 2081 1094 2159 primo
1125 2082 1270 2139 libro
1299 2082 1609 2159 Dionysius
1658 2081 1962 2141 manifeste
1991 2102 2114 2141 non
2152 2092 2223 2139 ut
2254 2092 2513 2139 nam-ata
2536 2098 2743 2139 verum

491 2165 740 2243 opinata
771 2169 1029 2245 apponit.
1118 2166 1387 2246 Myrsilus
1427 2167 1668 2225 Lesbius
1712 2178 1769 2225 et
1810 2169 1935 2247 ipse
1964 2164 2305 2247 Tyrrhenos
2340 2168 2505 2225 Italia·
2544 2164 2745 2224 relicta

491 2252 774 2309 erroribus
803 2255 1040 2311 iactatos
1067 2252 1380 2311 tradiderat
1411 2250 1597 2331 (apud
1624 2254 1864 2332 Dionys.
1895 2255 1941 2325 I,
1982 2254 2097 2332 28)
2112 2298 2131 2327 ,
2186 2252 2289 2315 sed
2316 2254 2576 2333 ineptam
2598 2270 2743 2309 uar-

490 2338 776 2393 rationem
817 2336 890 2395 de
935 2357 1040 2395 suo
1085 2340 1290 2412 assuit,
1350 2337 1421 2396 ab
1450 2335 1541 2395 his
1584 2340 1720 2418 ipsis
1750 2340 2038 2399 erroribus
2068 2359 2165 2397 eos
2206 2350 2335 2397 tum
2367 2330 2739 2417 Πελαργαῦς,

489 2422 754 2478 cic-onias
767 2462 795 2493 ,
837 2420 954 2479 dici
991 2426 1264 2501 coepisse.
1351 2424 1571 2481 Contra
1606 2422 1925 2483 Anticlides
1942 2468 1959 2499 ,
2000 2444 2127 2483 non
2170 2426 2439 2503 ignobilis
2479 2422 2739 2503 scriptor,

487 2508 758 2586 Pelasgos
775 2551 794 2582 ,
821 2510 1046 2568 Lemno
1079 2518 1136 2566 et
1161 2509 1357 2568 Imbro
1384 2512 1543 2589 prius
1570 2512 1875 2570 constituta
1894 2555 1911 2586 ,
1954 2529 2097 2570 cum
2123 2508 2453 2592 Tyrrheno,
2483 2511 2649 2590 Atyis
2674 2507 2741 2583 Ε,

485 2592 550 2651 in
578 2595 804 2650 Italiam
833 2592 1194 2656 contendisse
1222 2594 1537 2654 tradiderat
1566 2595 1725 2680 apud
1752 2599 1944 2658 Strab.
1973 2598 2075 2656 lib.
2105 2599 2175 2672 V,
2222 2618 2284 2676 p.
2316 2601 2441 2663 389
2470 2597 2545 2672 A,
2589 2613 2740 2676 quae

486 2681 680 2738 variae
718 2690 854 2739 sunt
896 2691 1160 2740 veterum
1203 2684 1551 2761 scriptorum
1586 2685 2033 2763 periclitationes
2070 2685 2135 2742 in
2181 2695 2375 2742 vetere
2418 2681 2575 2743 fama
2602 2699 2743 2740 cum

485 2785 682 2826 rerum
723 2767 966 2824 aliarum
1013 2768 1330 2826 rationibus
1375 2768 1801 2848 componenda.
1882 2771 2219 2828 Hellanicus
2270 2771 2333 2826 in
2382 2765 2739 2841 Phoronide,

485 2853 911 2934 antiquissimus
939 2855 1181 2932 scriptor
1196 2897 1212 2924 ,
1243 2855 1515 2934 Pelasgos
1530 2898 1549 2928 ‚
1591 2866 1903 2944 postquam
1928 2856 1990 2912 in
2018 2856 2213 2912 sinum
2240 2853 2603 2915 Adriaticmn
2631 2871 2741 2932 ap-

483 2940 638 3017 pulsi
665 2941 728 2994 in
769 2939 1044 2998 interiora
1072 2939 1274 2998 Italiae
1311 2940 1716 3016 immigrarant
1734 2985 1750 3014 ,
1808 2951 2143 2999 narraverat
2170 2936 2563 3019 Tyrrhenimn
2590 2958 2739 2997 eon-

485 3022 694 3080 didisse
724 3022 992 3101 (Dionys.
1022 3024 1068 3094 Ι,
1098 3023 1249 3099 28);
1307 3025 1410 3102 qui
1437 3044 1513 3082 ex
1538 3037 1703 3103 parte
1727 3045 1938 3084 verum
1976 3024 2276 3089 tradidisse
2318 3022 2502 3082 videri
2531 3022 2737 3084 debet&

481 3107 628 3165 item
655 3108 948 3187 Scymnus
979 3105 1154 3165 Chius
1199 3109 1260 3165 in
1289 3110 1519 3187 Perieg.
1565 3114 1689 3174 218
1726 3107 1962 3191 Καινήν
2002 3108 2069 3172 δὲ
2118 3109 2485 3190 Ἰῖυῤῥηνοῖσι
2534 3103 2737 3190 χώραν

483 3184 834 3270 vendet-evoe:
879 3211 959 3252 sc.
989 3194 1255 3272 Pelasgi,
1315 3195 1418 3274 qui
1443 3205 1643 3252 tamen
1670 3197 1897 3256 subiicit
1925 3199 2037 3254 alia
2055 3242 2071 3271 ,
2128 3215 2281 3277 quae
2310 3213 2553 3252 erronea
2580 3205 2733 3254 sunt.

481 3277 607 3334 Etsi
635 3279 794 3334 enim
809 3323 825 3352 ,
853 3279 1234 3338 Etruscorum
1263 3281 1512 3358 origines
1538 3282 1692 3340 ultra
1720 3284 1897 3364 Alpes
1928 3281 2284 3365 quaerendas
2314 3301 2455 3357 esse,
2488 3281 2738 3340 dubitari

482 3362 584 3420 vix
611 3373 832 3440 potest,
878 3362 1038 3443 quod
1067 3367 1180 3422 alio
1210 3385 1444 3447 quoque
1471 3369 1604 3425 loco
1632 3381 1899 3428 accurate
1928 3369 2286 3449 disputatum
2314 3378 2433 3444 est3
2458 3369 2740 3447 ‚Pelasgos

482 3456 682 3504 tamen
709 3449 772 3504 in
815 3446 920 3506 has
971 3449 1207 3508 easdem
1248 3453 1320 3508 ab
1369 3452 1673 3512 ooddente
1716 3457 1948 3514 Tiberis
1986 3459 2121 3517 sitas
2148 3466 2328 3514 terras
2354 3456 2733 3534 immigrasse,

479 3533 669 3590 multa
698 3545 978 3612 arguunt:
1055 3555 1200 3616 quos
1243 3541 1544 3596 communi
1582 3543 1771 3622 gentis
1813 3543 2057 3600 nomine
2084 3543 2257 3602 fiilsse
2288 3535 2740 3622 comprehensos
2792 3571 2805 3578 ·

480 3634 658 3675 nemo
683 3621 1020 3693 mirabitur,
1079 3631 1147 3679 ut
1171 3631 1372 3680 tamen
1399 3624 1540 3684 inde
1566 3647 1677 3686 nec
1706 3627 2031 3688 contendat·
2048 3631 2207 3710 quis,
2265 3629 2537 3685 Etruscos
2560 3625 2743 3683 fuisse*

482 3704 776 3782 Pelasgos.
859 3707 1044 3764 Poeta
1083 3717 1284 3766 tamen
1331 3706 1480 3769 haec
1520 3715 1721 3771 omnia
1740 3759 1756 3789 ,
1819 3715 1921 3773 etsi
1963 3713 2261 3774 subductis
2290 3713 2609 3772 acouratius
2638 3709 2737 3768 ht-

481 3790 688 3848 stoi-iae
718 3791 950 3850 calculis
977 3803 1134 3850 recte
1175 3795 1412 3873 explosa
1427 3842 1442 3870 ,
1503 3798 1727 3858 erudite
1772 3811 1831 3858 et
1870 3801 2161 3879 sapienter
2200 3803 2351 3858 inter
2392 3807 2735 3856 ornamenta

482 3878 751 3934 carminis
797 3876 1056 3936 adscivit.
1140 3880 1344 3962 Itaque
1371 3882 1523 3958 VIII,
1574 3882 1717 3948 479.
1748 3883 1872 3950 480
1900 3883 1978 3943 de
2000 3885 2217 3966 Agylla
2244 3903 2347 3942 seu
2376 3885 2585 3957 Caere,
2628 3881 2740 3940 abi

481 3959 688 4037 Lydia
733 3963 1042 4040 quondam
1085 3964 1254 4023 Gens
1295 3965 1450 4026 bello
1468 3969 1801 4046 praeclara
1836 3971 1999 4051 iugis
2038 3969 2259 4028 insedit
2284 3969 2579 4027 Etruscis,
2626 3967 2732 4042 IX,

383 4079 391 4088 ·
485 4049 584 4108 11·
629 4048 707 4119 X,
741 4047 861 4110 155
889 4049 1060 4126 Lyde·
1093 4069 1200 4130 pro
1239 4055 1530 4129 Etr-mom
1578 4064 1635 4111 et
1670 4043 1776 4114 lib.
1817 4059 1903 4130 Π,
1948 4059 2068 4120 781
2102 4055 2343 4133 lydius
2400 4053 2655 4133 Thybris
2698 4071 2735 4110 a

480 4126 632 4187 duce
681 4131 991 4212 Tyrrheno
1037 4155 1070 4194 e
1113 4137 1417 4217 Lydorum
1461 4150 1657 4216 gente.
1740 4143 1821 4200 Et
1870 4143 2148 4222 quoniam
2187 4143 2465 4202 Maeones
2516 4152 2741 4200 veteres

477 4214 702 4295 Lydiae
741 4219 933 4276 coloni
977 4221 1238 4306 fuerunt,
1281 4221 1421 4282 hinc
1459 4227 1691 4286 Etrusci
1733 4228 2026 4284 Maeonia
2070 4229 2351 4303 ἰιινειιζιω
2392 4229 2545 4303 vm,
2588 4223 2735 4291 499.

479 4301 556 4359 cf.
585 4303 866 4375 x1,.759.
945 4305 1112 4365 Nova
1140 4311 1394 4369 nominis
1445 4309 1762 4373 inflectione
1804 4309 1962 4394 apud
1990 4311 2275 4372 Rutilium
2302 4315 2578 4389 lunen-1,
2610 4312 2739 4377 596

403 4439 412 4448 ,
493 4383 897 4466 Tyrrktgrenae
932 4389 1068 4450 dicti
1083 4403 1251 4452 sunt.
1541 4436 1549 4444 -
