3009 5050
480 415 629 488 564

957 408 1043 481 P.
1094 400 1606 482 VIRGILII
1655 399 2209 480 MARONIS

478 593 791 694 Ingenti
836 597 1067 692 gyroz
1120 587 1263 668 sed
1298 589 1632 666 sustinet
1660 611 1946 665 aureus
1989 587 2265 664 umbo,

484 705 647 776 Ter
680 698 977 773 circum
1015 693 1454 770 adstantem
1490 692 1759 768 laevos
1788 692 2160 792 equitavit
2203 691 2284 764 in
2305 685 2573 784 orbiS,
2608 694 2751 764 885

484 801 681 878 Tela
714 825 957 876 manu
992 799 1317 886 iaciens;
1370 810 1494 872 ter
1529 820 1802 872 secum
1831 796 2120 870 Troius
2154 793 2406 868 heros

482 909 903 982 Inmanem
934 915 1199 978 aerato
1256 897 1718 976 circumfert
1746 901 2097 995 tegmine
2127 895 2432 973 silvam.

482 1009 685 1084 Inde
726 1006 866 1084 ubi
901 1018 1023 1082 tot
1048 1005 1361 1080 traxisse
1388 1028 1689 1097 mora5‚
1745 1015 1865 1078 tot
1891 999 2186 1101 spicula
2211 997 2500 1102 taedet

480 1110 805 1192 Vellere
823 1171 845 1205 ‚
903 1122 982 1185 et
1006 1121 1391 1207 urguetur
1412 1130 1678 1207 pugna
1711 1127 2174 1203 congressus
2206 1105 2532 1204 iniqua:

480 1213 727 1292 Multa
790 1236 1127 1289 movens
1188 1212 1494 1306 animo,
1566 1211 1722 1286 iam
1773 1207 2103 1286 tandem
2163 1205 2574 1306 erumpit,
2676 1211 2748 1274 et

1649 1314 1859 1388 inter
2601 1311 2747 1382 890

479 1417 889 1496 Bellatoris
922 1417 1107 1519 equi
1140 1441 1321 1493 cava
1350 1429 1719 1516 tempora
1763 1414 2079 1492 coniicit
2105 1413 2442 1490 hastam.

484 1522 731 1599 Tollit
766 1545 851 1597 se
889 1521 1301 1596 adrectum
1334 1519 1824 1621 quadrupes,
1882 1531 1962 1594 et
2002 1517 2341 1594 calcibus
2383 1537 2630 1592 auras

480 1626 908 1722 Verberat,
964 1621 1479 1724 effusumque
1517 1625 1875 1726 equitem
1921 1646 2166 1722 super
2208 1621 2381 1722 ipse
2415 1627 2740 1696 secutus

480 1832 636 1897 Quod
668 1831 727 1883 in
774 1829 941 1901 Epist.
976 1831 1093 1884 crit.
1126 1847 1249 1899 pag.
1282 1831 1369 1886 73.
1403 1831 1744 1886 Weichertus
1779 1830 2076 1883 coniecerat
2121 1841 2274 1882 rotas
2303 1843 2406 1898 pro
2445 1825 2641 1887 volae,
2685 1819 2734 1902 fd

478 1901 597 1972 ipse
630 1900 729 1954 Vir
760 1899 1238 1970 praestantissimus
1271 1899 1443 1952 reiicit
1474 1901 1530 1953 in
1563 1901 1911 1952 Commentat.
1947 1901 1989 1951 1.
2025 1900 2096 1950 de
2129 1917 2296 1952 versu
2335 1901 2574 1949 Ponat.
2609 1909 2732 1962 epte·

476 1971 822 2093 effer-meno
871 1988 923 2038 p.
967 1972 1049 2024 18.
1090 1973 1175 2022 W
1166 1971 1237 2036 r.)

617 2037 989 2161 εἱμέᾱὲἶὲ.
1034 2038 1625 2158 vidi·lt)2ame31·vs.·887.
1737 2107 1770 2159 b
1853 2109 1908 2160 Μ
1941 2108 1994 2160 (Γ
2076 2111 2158 2161 W

478 2121 667 2244 3811131το
698 2125 827 2230 ovar.
871 2125 993 2228 feci'.
1026 2111 1940 2246 οἷςηιιὶἑῖῃὸιῖἕῗωῗῢαίἰὲοὲοξτεαεοὲ
1975 2108 2445 2248 ιξῐίςυίζ.)ιιυναεο;
2495 2191 2526 2224 a

477 2247 547 2302 V.
572 2247 634 2299 L.
667 2245 737 2298 ad
769 2262 843 2298 vs.
876 2247 997 2300 271.
1036 2247 1192 2314 Wr.)

476 2393 586 2437 tres
620 2385 796 2436 Burm.
868 2385 1021 2436 intra
1061 2385 1195 2437 Ven-

1376 1969 1480 2024 884
1500 1966 1507 1974 ’
1527 1988 1734 2022 aureus
1766 1967 1923 2022 umbo
1959 1967 2147 2022 Medic.
2187 1977 2245 2019 et
2281 1965 2420 2022 eud.
2471 1983 2506 2016 a
2543 1981 2616 2014 m.
2659 1977 2733 2028 pr·

1764 2039 1865 2094 885
1911 2041 2046 2090 Tum
2087 2041 2270 2090 Frauc.
2355 2039 2574 2087 circum
2605 2047 2730 2110 aca-

2357 2107 2467 2159 887
2498 2114 2560 2154 te
2599 2115 2730 2218 Ἦ

1330 2247 1433 2300 888
1466 2250 1738 2300 transisse
1773 2249 1955 2300 Franc-
2003 2258 2061 2300 et
2093 2246 2259 2299 Goth.
2291 2253 2438 2307 terh,
2504 2241 2724 2294 indocte.

478 2317 667 2370 risisse
711 2315 885 2382 Bigot.
969 2315 1169 2382 (taedis
1214 2315 1422 2374 Medic..
1474 2317 1571 2368 sed
1603 2320 1627 2368 i
1669 2327 1898 2369 mutatur
1929 2316 1986 2368 iu
2019 2335 2067 2368 e.
2109 2315 2256 2383 Wr.)

1337 2385 1440 2440 892
1488 2401 1739 2439 arrectus
1773 2385 1907 2438 alter
1941 2386 2128 2438 Hamb.
2175 2393 2232 2436 et
2267 2382 2536 2435 Montalb.
2660 2391 2722 2425 ⁰¹

2394 2313 2508 2366 890
2555 2327 2652 2362 eru
2686 2306 2727 2355 ie

476 2454 524 2506 ai
556 2455 801 2524 scriptum
836 2462 1003 2518 esset,
1038 2464 1154 2505 tum
1186 2451 1427 2506 calcibus
1451 2472 1640 2518 auras,
1676 2455 1974 2527 expeditior
2009 2463 2149 2506 esset
2177 2452 2574 2520 interpretatio.
2623 2442 2721 2498 Sed

476 2535 634 2595 poeta
680 2523 899 2576 alterum
934 2522 1147 2587 maluit,
1192 2523 1332 2575 forte
1383 2533 1443 2576 ut
1490 2524 1811 2579 celeritatem
1862 2534 2244 2595 assequeretur.

474 2594 792 2717 ἕτδιᾶἀηιρυ
822 2596 933 2647 ica
962 2610 1013 2645 c.
1026 2630 1045 2661 ‚
1093 2594 1171 2646 sic
1212 2592 1427 2663 refingit
1472 2594 1612 2647 hunc
1660 2611 1866 2649 versum
1911 2594 2244 2651 Wakefield.·
2277 2610 2308 2645 a

633 2663 782 2733 ιν..)

474 2802 775 2863 referenda
811 2814 870 2863 et
894 2806 976 2863 ita
1004 2804 1371 2886 accipienda:
1430 2808 1554 2865 Nec

476 2908 617 2968 ego,
657 2890 707 2949 si
730 2888 1103 2949 moriendum
1142 2902 1259 2965 est,
1300 2902 1554 2950 mortem

473 2970 683 3033 horreo
698 3020 715 3050 ,
759 2996 869 3035 nec
897 2977 1005 3035 tibi
1032 2976 1161 3051 dei,
1206 2998 1351 3057 quos
1380 2980 1555 3037 invo-

474 3078 571 3119 cas
585 3104 602 3135 ‚
632 3060 953 3144 quidquam
978 3064 1297 3142 profuerint
1316 3082 1554 3121 mecum

472 3148 779 3225 pugnanti.
889 3148 1131 3227 Proprie
1202 3150 1361 3206 enim
1430 3168 1554 3206 non

472 3232 608 3310 ipsis
638 3228 775 3305 diis,
818 3230 921 3289 sed
948 3234 1037 3307 ei,
1081 3235 1184 3315 qui
1213 3233 1351 3293 deos
1380 3233 1538 3293 adiu-

474 3326 625 3375 tores
639 3312 831 3390 habet,
860 3321 1130 3396 parcitur.
1168 3320 1339 3401 lVr.)
1402 3324 1551 3385 881.

278 3472 284 3482 ¹
376 3394 412 3434 ⁰
454 3399 703 3459 ..Desine
756 3410 989 3461 terrere.
1088 3406 1235 3469 885.
1292 3408 1552 3464 Laevum

474 3486 537 3543 in
572 3494 801 3565 partem
840 3506 963 3545 uon
989 3488 1167 3547 modo
1211 3491 1287 3549 ob
1313 3502 1555 3550 natura-

472 3570 593 3629 lem
616 3572 751 3653 equi
776 3570 999 3630 flexum
1037 3575 1102 3631 in
1126 3574 1363 3635 laevum
1378 3622 1394 3651 ‚
1448 3574 1553 3635 sed

475 3653 613 3713 ideo
641 3659 897 3715 maxime
924 3660 1245 3739 equitabat,
1288 3672 1385 3737 ut,
1428 3664 1552 3742 ipse

472 3741 639 3799 laeva
666 3744 851 3822 clipeo
878 3753 1080 3819 tectus,
1124 3756 1183 3804 et
1208 3745 1415 3809 dextra
1443 3768 1553 3807 ex·—

471 3822 695 3906 pedita,
734 3828 968 3888 Aeneae
984 3875 1001 3905 ,
1031 3832 1133 3913 qui
1160 3834 1215 3889 ei
1246 3853 1477 3913 semper
1519 3853 1556 3892 a

472 3911 639 3970 laeva
676 3913 741 3969 in
782 3914 1052 3974 interiore
1093 3920 1224 3997 gyri
1264 3919 1403 3977 orbe
1431 3930 1554 3978 sta-

478 3996 604 4071 bat,
648 3994 919 4057 dextrum
944 4002 1094 4060 latus
1120 4012 1359 4083 peteret,
1390 4004 1551 4085 quod

474 4101 511 4140 a
559 4082 745 4162 clipeo
791 4094 1009 4145 tecunn
1036 4106 1157 4145 non
1186 4100 1326 4147 erat.
1426 4090 1550 4149 Sed

473 4168 699 4227 Aeneas
745 4170 999 4249 clipemn
1055 4174 1384 4233 circumfert
1400 4220 1416 4249 ,
1490 4188 1550 4234 et

472 4250 631 4313 huuc
673 4254 911 4336 quidem
956 4262 1083 4324 887
1121 4270 1426 4319 oneratum
1452 4264 1550 4319 in-

472 4336 602 4398 fixis
630 4337 834 4401 hastis:
876 4346 925 4403 is
961 4356 1266 4425 exceperat
1290 4357 1350 4406 et
1376 4348 1549 4407 susti-

471 4436 693 4491 nuerat
702 4428 837 4487 tela.

2351 2540 2432 2575 ae
2483 2529 2721 2573 rectus

2387 2592 2602 2643 Lucret-
2639 2584 2718 2641 VI·

1721 2808 1869 2871 889.
1915 2826 2140 2887 pugna
2195 2807 2410 2885 iniqua
2429 2846 2452 2873 ,
2525 2806 2714 2861 eontra

1639 2895 1897 2973 equitem
1933 2896 2058 2973 ipse
2099 2890 2298 2972 pedes.
2387 2894 2540 2955 891.
2571 2888 2714 2944 inta-

1637 2986 1906 3054 tempora
1946 2980 2186 3036 coniicit
2225 2976 2468 3035 hastam
2482 2997 2510 3047 ;
2569 2984 2712 3032 tem-

1635 3082 1780 3142 pora
1821 3063 2047 3122 traiicit.
2106 3062 2268 3141 (vid.
2307 3064 2442 3121 Not.
2487 3059 2565 3120 ad
2591 3054 2707 3115 Ecl-

1635 3150 1682 3221 1,
1713 3148 1815 3211 52.
1873 3150 2057 3225 lVr.)
2160 3150 2516 3229 Comparant
2555 3142 2708 3203 simi-

1632 3234 1752 3291 lem
1779 3234 1975 3292 locum
2001 3233 2166 3293 Iliad.
2196 3240 2279 3308 θ,
2309 3238 2388 3299 81
2411 3278 2427 3308 ,
2467 3233 2570 3290 ubi
2595 3230 2704 3287 Ne-

1632 3319 1798 3378 storis
1856 3340 2037 3401 equus
2091 3312 2407 3405 παρήορος
2475 3316 2704 3396 (tertius

1637 3402 1892 3464 adiectus
1931 3408 2073 3485 bigis
2093 3451 2111 3482 ,
2174 3405 2496 3485 συνωρίδι,
2556 3400 2702 3462 idem

1634 3492 2119 3636 gfff‘imff‘fw
2137 3484 2560 3654 zeti-35:3²³
2575 3504 2702 3654 ,¹:23

1971 3622 1988 3652 ,
2030 3598 2116 3634 an
2217 3598 2251 3633 r

1635 3664 1849 3721 entitur
1901 3659 2099 3743 ἄκρην
2139 3656 2530 3742 κακκεφαλήν
2569 3669 2696 3727 etc.3

1635 3748 1718 3807 ibi
1745 3768 1926 3830 equus
1945 3751 2204 3831 primum
2226 3749 2448 3807 exultat
2489 3738 2698 3821 (αἰνέω-

1639 3834 1806 3915 alto)
1823 3880 1840 3910 ,
1884 3846 2014 3893 tum
2042 3847 2215 3915 caput
2240 3837 2305 3892 in
2344 3844 2497 3892 terra
2541 3830 2697 3890 volu-

1635 3929 1720 3977 tat
1737 3964 1753 3993 ‚
1797 3932 1864 3980 ut
1890 3922 2006 3979 telo
2034 3941 2094 3979 se
2136 3922 2339 3979 liberet
2387 3906 2696 3997 (κυλινδό-

1637 4026 1816 4085 μενος
1843 4004 1984 4089 περὶ
2013 4009 2241 4091 χαλκῷ,
2295 4015 2362 4065 ut
2407 4004 2473 4063 h.
2503 4006 2546 4063 l.
2581 4020 2694 4060 eer-

1633 4094 1841 4171 nuus).
1941 4094 2067 4157 892
2091 4124 2178 4135 -
2205 4089 2350 4157 894.
2395 4088 2566 4163 Quod
2597 4104 2694 4146 na-

1631 4186 1760 4234 tura
1803 4180 1867 4234 in
1911 4178 2012 4236 tali
2037 4178 2277 4235 vulnere
2303 4176 2448 4252 fert,
2478 4186 2694 4257 poetam

1630 4264 1914 4341 scripsisse
1977 4264 2272 4343 probabile
2331 4262 2416 4321 fit.
2529 4262 2693 4347 Igitur

1633 4367 1814 4429 equus
1842 4350 2097 4428 primum
2141 4349 2424 4427 prioribus
2453 4346 2692 4423 cau-ibus

1633 4434 1886 4493 elevatus
1933 4453 1995 4493 se
2053 4435 2253 4513 erigit:
2311 4434 2485 4495 simul
2541 4431 2690 4511 (tum
