3009 5050
656 427 1267 505 AENEmos
1325 429 1534 507 Lm.
1590 435 1680 528 X,
1742 441 2172 514 353—361
2354 443 2505 516 489

246 617 577 717 Anceps
611 637 875 714 pugna
926 615 1103 709 diu3
1158 628 1367 690 stant
1392 616 1678 694 obnixa
1715 621 1986 695 omnia
2018 635 2310 700 contra.

246 717 499 793 Haud
528 717 751 796 aliter
780 721 1169 795 Troianae
1208 721 1409 795 acies
1457 722 1821 822 aciesque
1860 724 2182 799 Latinae
2358 733 2508 804 360

252 823 811 901 Concurrunt:
862 821 1140 900 haeret
1178 823 1391 924 pede
1434 847 1614 924 peS‚
1686 825 2140 928 densusque
2175 831 2344 905 viro
2371 829 2506 908 vir.

366 968 539 1038 359.
596 983 901 1054 onmx13
958 983 1215 1038 omma

402 1131 507 1186 359
554 1133 738 1188 obnixi
785 1143 842 1186 et
891 1135 1021 1188 olim
1067 1135 1267 1188 editum
1312 1134 1437 1188 inde
1484 1135 1554 1186 ab
1589 1133 1744 1188 Aldd.
1789 1136 1986 1202 (donee
2022 1138 2108 1191 ed.
2141 1137 2442 1190 commelin.
2479 1153 2512 1190 e

252 1200 433 1254 Palat.
470 1202 669 1256 obnixa
720 1205 915 1270 intulit)
966 1215 1021 1256 et
1062 1205 1334 1256 reductum
1381 1202 1447 1256 ab
1496 1205 1715 1257 Heinsio
1749 1213 2012 1274 tamquam
2047 1207 2367 1274 elegantius,
2413 1205 2510 1274 per

255 1271 606 1338 graecismum
639 1287 793 1326 etam
829 1287 1025 1326 eontra
1058 1274 1203 1326 venti
1252 1273 1439 1326 obnixi
1471 1270 1663 1340 (κατὰ)
1701 1277 1897 1326 omnia.
1985 1280 2053 1327 At
2086 1277 2206 1327 vide
2241 1277 2511 1328 meliorem

254 1341 523 1392 rationem
572 1344 1021 1413 interpretat-ionia
1066 1345 1121 1395 in
1166 1345 1327 1396 notia.
1413 1343 1507 1393 Est
1551 1343 1702 1394 huius
1749 1344 1992 1396 lectioni·
2041 1346 2321 1398 auctoritas
2369 1345 2514 1416 apud

250 1411 569 1464 Arusianum
618 1413 880 1465 Messium.
962 1417 1150 1466 Omnes
1202 1423 1373 1466 tamen
1419 1413 1610 1481 ubique
1655 1414 1768 1465 fere
1820 1413 1979 1468 codd.
2023 1431 2136 1466 eum
2171 1417 2404 1467 Romano
2455 1422 2514 1465 et

251 1479 507 1532 Mediceo
544 1479 769 1546 obnixa3
820 1493 875 1534 ut
926 1485 1107 1536 omnia
1149 1482 1257 1536 sint
1300 1481 1529 1545 obnixa,
1577 1481 1876 1534 obnituntur
1924 1481 2025 1534 sibi
2069 1484 2322 1549 invicem,
2371 1499 2512 1534 mare

252 1549 469 1614 ventis,
504 1551 649 1604 venti
684 1551 815 1604 mari
851 1562 905 1604 et
938 1553 1013 1604 sic
1059 1568 1242 1620 porro.
1313 1551 1470 1616 Quod
1518 1550 1566 1602 si
1611 1561 1732 1602 sunt
1766 1551 1939 1617 codd.,
1985 1554 2040 1604 in
2085 1553 2274 1621 quibua
2329 1550 2514 1605 obnixi

252 1617 491 1686 legitur,
550 1621 795 1691 scriptum
840 1621 973 1673 illud
1009 1621 1063 1672 in
1098 1621 1289 1672 litura:
1343 1629 1556 1689 praeter
1603 1623 1824 1672 alterum
1853 1622 2040 1674 Hamb.
2075 1631 2132 1672 et
2161 1621 2354 1674 Moret.
2388 1631 2510 1674 tert.

254 1699 315 1738 et
353 1689 518 1742 Goth.
553 1707 657 1758 pr„
705 1691 776 1743 de
820 1691 1006 1760 quibua
1052 1690 1109 1742 id
1156 1690 1407 1742 monitum
1456 1707 1563 1741 non
1611 1689 1780 1744 video.
1847 1690 2065 1755 (obnixi
2105 1691 2269 1744 etiam
2302 1690 2354 1745 4.
2394 1692 2511 1752 11.;

251 1757 475 1810 Servius
510 1777 718 1828 quoque
752 1761 907 1819 huius
942 1759 1187 1812 lectionis
1226 1759 1545 1811 mentionem
1577 1759 1717 1812 facit.
1763 1762 1904 1827 Wr.)
1975 1759 2204 1813 obnoxia
2239 1778 2344 1812 sec.
2369 1761 2512 1812 Rot-

250 1828 408 1880 tend.
478 1830 717 1882 Retraxit
751 1827 951 1883 obnixa
983 1830 1321 1897 Guningham.
1358 1838 1412 1881 et
1446 1829 1664 1880 Brunck.
1711 1829 1888 1879 Habet
1920 1846 2043 1880 sane
2078 1839 2298 1900 utraque
2329 1828 2512 1894 lectio,

250 1915 363 1966 quo
406 1915 463 1948 ae
498 1900 827 1951 commendet
862 1911 913 1951 et
948 1916 1051 1969 quo
1086 1917 1144 1950 se
1181 1909 1403 1950 tueatur.
1474 1898 1734 1966 (Heynius
1770 1899 1848 1950 ita
1881 1897 2306 1966 interpunxerate
2358 1911 2513 1951 stane

252 1965 471 2020 obnixi:
509 1972 688 2020 omnia
721 1980 944 2031 conte-<u
981 1979 1036 2020 et
1071 1969 1253 2020 durum
1288 1968 1405 2030 hoc,
1438 1984 1538 2019 nec
1571 1967 1934 2020 necessarium.
1997 1968 2284 2020 Exhibetur
2315 1986 2346 2020 a
2371 1985 2513 2034 poe-

250 2046 311 2089 ta
346 2037 523 2104 imago
561 2038 811 2090 obstinati
846 2038 1173 2100 certaminis3
1220 2039 1279 2089 id
1317 2037 1626 2104 exprimitur
1662 2037 1762 2089 hac
1813 2037 2071 2089 lectione:
2118 2050 2274 2090 aeaut
2320 2037 2512 2093 abnie-

250 2125 341 2158 ,τα
394 2109 576 2159 omnia
629 2121 853 2170 comt-cu
888 2109 924 2160 i.
962 2125 1008 2161 e.
1045 2107 1217 2160 omnia
1253 2117 1554 2159 constanter
1586 2107 1924 2170 obnituntur,
1967 2125 2066 2158 nec
2100 2108 2382 2177 quidquam
2417 2125 2509 2158 ce-

249 2174 367 2234 dit3
405 2188 602 2228 contra
624 2187 819 2244 ornat,
859 2196 921 2229 ex
956 2179 1176 2246 quadam
1211 2176 1528 2228 abundantia
1562 2177 1817 2227 sermonis
1855 2177 2046 2245 poetici
2081 2179 2368 2240 adiectum;
2403 2177 2512 2229 ita-

250 2261 359 2314 que
397 2241 598 2297 obsta-a
647 2247 891 2299 revocavi
936 2257 992 2298 et
1025 2246 1503 2314 interpunctionem
1538 2247 1604 2297 ab
1643 2245 1847 2312 Heynio
1892 2246 2092 2297 illatam
2142 2246 2343 2298 sustuli.
2413 2247 2511 2298 Al-

253 2323 376 2366 tera
408 2313 585 2370 lecti·
606 2327 760 2367 stant
808 2317 1060 2368 obnixi
1080 2319 1282 2368 -omnia
1340 2326 1568 2377 coneto,
1619 2313 1657 2366 i.
1707 2331 1755 2364 e.
1809 2325 1878 2366 σε.
1916 2314 2036 2367 obn.
2072 2328 2267 2367 eonem
2315 2320 2512 2382 omnia,

256 2383 533 2434 audaciam
568 2385 827 2452 quandam
863 2385 1110 2436 adversm
1148 2385 1319 2435 omnia
1354 2392 1672 2452 pugnantem
1706 2383 1928 2444 indicat;

254 2451 314 2502 h.
350 2452 389 2502 1.
446 2452 591 2520 Wr.)
693 2453 798 2508 360
838 2456 1169 2506 Teucrorum
1206 2453 1351 2507 acies
1387 2469 1492 2505 aec.
1536 2451 1789 2504 Rottend.

255 2538 288 2573 a
326 2538 397 2573 m.
430 2538 513 2591 pr.

256 2683 424 2723 nunc
455 2682 489 2722 a
516 2664 759 2722 Marone
786 2666 865 2723 ita
894 2672 1093 2723 ornata
1110 2708 1126 2740 ‚
1154 2674 1222 2722 nt
1250 2664 1347 2722 ni-

256 2746 349 2807 hil
391 2769 563 2828 supra
612 2752 851 2828 cogitari
890 2750 1085 2830 possit.
1200 2750 1348 2813 359.

254 2836 507 2893 Meliore
533 2837 999 2914 interpunctione
1018 2836 1347 2911 lectionem,

255 2922 449 3001 prIsca
478 2924 817 2980 auctoritate
842 2924 1189 3001 pollentem,
1214 2922 1352 2981 vin-

258 3006 518 3065 dicatam
570 3026 691 3065 esse
734 3018 911 3087 puto:
983 3008 1167 3064 Stant
1188 3008 1356 3064 venti

259 3092 511 3167 obniri5
542 3095 749 3150 omnia
778 3104 933 3153 stant
960 3095 1175 3152 obnixa
1206 3112 1351 3150 con-

260 3188 382 3237 tra.
504 3180 767 3238 Praestat
822 3178 967 3237 haec
1023 3182 1169 3237 ratio
1226 3198 1349 3236 non

258 3262 441 3323 modo
482 3268 799 3323 Heiusiana
838 3268 901 3323 in
928 3266 1000 3323 V.
1028 3268 1100 3324 L.
1144 3284 1351 3323 verum

262 3353 440 3409 etiam
472 3370 557 3425 ea,
590 3370 771 3432 quam
801 3362 971 3409 antea
1003 3352 1348 3423 attuleram3

262 3447 331 3494 ut
360 3446 538 3495 esset:
584 3447 750 3494 stant
782 3437 987 3494 obnixi
1012 3436 1177 3495 venti
1204 3456 1350 3493 con-

263 3532 361 3580 tra
390 3524 597 3580 omnia
616 3545 635 3579 .-
665 3535 735 3582 ut
758 3522 908 3581 nihil
937 3524 1026 3596 sit,
1058 3520 1217 3605 quod
1250 3540 1349 3579 eos

262 3610 327 3665 in
369 3610 705 3667 alterutram
746 3618 974 3688 partem
1004 3610 1263 3687 impellat
1293 3618 1351 3665 et

263 3694 535 3770 inclinet3
564 3694 799 3769 scilicet,
828 3694 1014 3753 donec
1038 3692 1350 3775 aliquando

264 3778 437 3836 turbo
494 3782 766 3859 erumpit.
876 3779 997 3855 (At
1062 3797 1352 3861 quaenam

264 3874 401 3921 sunt
428 3865 535 3921 ista
565 3860 867 3923 omnia?
894 3865 1115 3939 nubila,
1142 3858 1351 3923 mare?

266 3960 327 4007 at
369 3949 472 4006 illa
508 3951 769 4009 resistere
814 3950 1053 4031 quidem
1094 3959 1351 4029 possunt,

265 4035 687 4114 impellere
718 4045 776 4094 et
814 4038 1197 4095 inclinare
1223 4054 1349 4093 non

264 4130 526 4201 possunt.
613 4120 733 4179 Sed
774 4121 895 4180 vid.
937 4123 1008 4180 V.
1052 4124 1122 4179 L.
1174 4120 1353 4197 W‘r.)

268 4210 413 4271 360.
458 4205 665 4262 haeret
676 4208 834 4284 pede
848 4226 963 4285 pes
981 4228 1000 4263 .·
1060 4208 1355 4265 Notissimi

263 4310 464 4350 versus
492 4290 658 4349 Iliad.
688 4314 746 4367 ν,
784 4298 906 4357 130
934 4312 1098 4374 seqq.
1128 4311 1163 4351 a
1191 4294 1354 4373 Tyr-

263 4389 397 4436 taeo
458 4379 731 4456 expressi.
817 4379 970 4437 conf.
1029 4380 1219 4437 Klotz.
1278 4376 1355 4437 ad

261 4466 592 4545 Tyrtaeum
618 4482 679 4543 p.
710 4466 794 4528 83
824 4474 884 4521 et
905 4464 989 4529 59
1006 4508 1023 4539 ,
1053 4474 1183 4545 post
1210 4464 1355 4522 Cer-

1992 2383 2135 2452 quod
2182 2385 2406 2436 alienum
2442 2386 2512 2438 ab

1891 2452 1991 2506 861
2026 2453 2257 2506 haerent
2291 2454 2511 2507 Dorvill.

1430 2659 1589 2720 dam.
1628 2662 1852 2720 Ennius
1880 2662 2000 2719 iam
2028 2674 2160 2723 ante
2174 2664 2508 2724 Maronem:

1433 2748 1556 2805 Pes
1568 2746 1726 2824 pede
1739 2750 2062 2825 premitur,
2091 2751 2279 2805 armis
2308 2759 2514 2806 ίενιιη-

1434 2842 1537 2888 tur
1585 2852 1760 2889 arma
1777 2874 1802 2903 ‚
1861 2842 1920 2891 et
1960 2833 2037 2892 A.
2079 2836 2284 2891 Furius
2311 2836 2516 2892 Antias

1432 2919 1650 2977 Annal-
1691 2920 1770 2977 lv
1815 2918 2139 2975 Preaaatur
2180 2918 2338 2996 pede
2372 2938 2516 2995 pes,

1436 3022 1644 3061 mucro
1688 3024 1968 3061 mucrone
1985 3045 2011 3075 ,
2076 3006 2206 3061 viro
2259 3006 2354 3062 vir
2419 3024 2515 3083 ap.

1432 3085 1690 3148 Macrob.
1745 3091 1855 3165 vl,
1915 3094 1974 3154 3.
2091 3090 2222 3147 Alia
2275 3088 2518 3148 laudant

1435 3176 1627 3234 Guell.
1659 3174 1864 3250 Cel-da,
1907 3176 2024 3250 alii,
2051 3176 2114 3233 in
2141 3177 2342 3255 primis
2365 3176 2515 3236 Stat.

1432 3260 1628 3321 Theb.
1659 3264 1810 3337 VIII,
1841 3265 1986 3326 398.
2015 3264 2160 3326 899.
2233 3263 2374 3320 Iam
2401 3262 2516 3319 cli-

1421 3368 1582 3425 peus
1619 3348 1825 3426 clipeis
1839 3389 1866 3418 ,
1910 3346 2164 3405 umbone
2205 3347 2518 3425 repellitur

1434 3430 1614 3490 umbo
1627 3455 1652 3505 ,-
1698 3434 1864 3491 Ense
1889 3435 2100 3490 minax
2128 3435 2284 3490 emis
2297 3476 2323 3505 ,
2364 3434 2518 3511 pede

1424 3538 1578 3597 pes,
1621 3530 1679 3575 et
1723 3518 1969 3597 cuspide
2023 3521 2244 3597 cuspis.
2322 3518 2518 3595 (adde

1434 3606 1676 3663 Auctor.
1735 3606 1992 3685 Epitom.
2045 3604 2214 3663 Iliad.
2257 3625 2343 3663 vs.
2389 3606 2516 3671 295

1432 3692 1633 3771 ibique
1674 3693 1809 3749 Not.
1838 3693 2129 3750 Kootenii.
2157 3722 2244 3735 -—
2314 3690 2521 3749 haeret

1424 3776 1585 3854 pede
1604 3796 1758 3854 pes.-
1816 3778 2053 3858 antique
2097 3778 2360 3835 locutum
2395 3796 2518 3858 esse

1436 3872 1672 3941 poetam
1700 3872 1758 3920 et
1777 3862 1936 3940 pede
1958 3882 2064 3942 pro
2081 3862 2276 3921 dativo
2293 3864 2520 3921 haben-

1438 3946 1583 4005 dum
1611 3958 1805 4007 censet
1831 3950 1990 4008 Voss.
2023 3948 2098 4007 ad
2127 3950 2235 4007 Ge.
2263 3952 2309 4022 1,
2337 3948 2518 4024 430.;

1430 4044 1491 4091 at
1533 4034 1638 4093 cfr.
1683 4036 1888 4092 Burm.
1935 4033 2012 4093 ad
2053 4033 2220 4093 ovid.
2249 4036 2392 4092 Met.
2419 4036 2517 4109 IV,

1440 4122 1581 4194 27.;
1623 4138 1692 4179 ac
1717 4140 1796 4177 ne
1823 4120 1970 4179 illud
1995 4120 2234 4201 quidem
2261 4124 2396 4180 satis
2411 4140 2519 4180 va-

1436 4205 1522 4263 let
1565 4203 1642 4264 ad
1667 4204 2030 4285 probandam
2070 4208 2256 4265 vossii
2283 4216 2519 4264 senten-

1436 4292 1580 4349 tiam
1593 4335 1610 4366 ,
1641 4290 1802 4371 quod
1831 4293 2066 4349 invenio
2095 4289 2252 4371 apud
2277 4292 2518 4347 Auctor.

1435 4379 1694 4456 Epitom.
1737 4376 1906 4435 Iliad.
1951 4397 2008 4435 v.
2039 4379 2222 4439 961.=
2285 4375 2520 4448 „Colla-

1435 4461 1924 4544 tusquehaeret
1950 4460 2140 4541 pede
2167 4478 2269 4539 pes
2297 4457 2522 4519 etdex·
