3009 5050
20 1952 22 1961 -
18 1742 25 1899 --
18 1296 37 1699 κι--ιμΤ-τῖ·

678 339 1293 421 AENEIDos
1344 342 1558 421 ΜΒ.
1600 347 1693 441 Χ,
1745 353 2177 428 797—807
2413 363 2554 432 551

316 523 755 606 Missilibus,
857 528 1081 606 Furit
1108 533 1453 626 AeneaS‚
1506 541 1920 632 tectusque
1949 545 2172 614 tenet
2208 562 2310 617 se.

311 634 427 705 Ac
466 625 717 727 velut,
774 627 1027 708 effusa
1064 632 1129 709 si
1162 633 1486 734 quando
1518 633 1903 731 grandine
1939 637 2194 715 nimbi

312 731 872 834 Praecipitant,
930 736 1193 811 omnis
1230 739 1526 838 campis
1551 735 1867 837 diffugit
1895 752 2176 842 arator,

316 837 605 911 Omnis
635 848 714 912 et
750 837 1123 935 agricola,
1178 851 1260 916 ct
1289 851 1457 916 tuta
1492 838 1680 916 latet
1713 861 1889 918 arce
1918 845 2192 944 viator,
2402 855 2551 926 805

312 940 472 1015 Aut
504 940 755 1016 amnis
802 941 1030 1043 ripis,
1085 955 1218 1019 aut
1252 942 1384 1019 alti
1419 939 1730 1020 fornice
1775 947 1954 1043 saxi,

312 1045 527 1118 Dum
558 1040 762 1146 pluit
792 1045 871 1120 in
900 1045 1171 1140 terris;
1224 1059 1315 1122 ut
1340 1047 1684 1149 possint,
1733 1046 1907 1125 sole
1937 1047 2296 1144 reducto,

446 1267 551 1322 802
585 1285 617 1320 c
812 1285 883 1322 ue
924 1280 1077 1322 unes
1115 1286 1177 1322 oe
1210 1268 1347 1322 alter
1385 1270 1573 1324 amb.
1677 1270 1784 1326 803
1819 1269 1985 1340 effusi
2017 1269 2218 1324 zulich.
2249 1289 2366 1342 cum
2393 1271 2556 1324 Goth.

306 1335 2556 1488 ..825812222222228ώίεεω52222...88522222222.;222.ῑ222522

302 1491 466 1528 nens
494 1493 671 1528 versus
712 1475 1030 1558 debilitati„
1081 1486 1189 1529 tum
1217 1490 1416 1530 euta—
1434 1493 1558 1531 aree
1589 1479 1779 1530 Medic.
1815 1495 1930 1532 cum
1975 1478 2244 1550 plerisque
2275 1478 2454 1530 Heius.
2497 1497 2558 1532 ac

300 1544 569 1612 Parthas„
619 1547 765 1614 quod
822 1545 905 1598 1111
954 1545 1212 1615 placebat.
1295 1547 1382 1600 Sic
1440 1565 1650 1617 quoque
1681 1549 1833 1601 Rom.
1902 1553 2034 1602 Suus
2083 1559 2258 1602 tamen
2303 1563 2558 1617 quemque

304 1617 491 1666 sensus
520 1615 735 1668 docebit
776 1615 933 1668 facile
980 1633 1110 1668 arce
1149 1626 1419 1686 praestare
1436 1655 1453 1682 ,
1488 1635 1586 1670 nec
1623 1615 1868 1670 debuisse
1907 1626 2120 1686 poetam
2170 1615 2326 1670 aliter
2361 1615 2557 1683 dicere,

304 1699 453 1750 oum,
491 1701 689 1752 genere
727 1685 908 1756 posito
924 1721 941 1752 ,
993 1700 1117 1736 mox
1154 1684 1284 1738 duas
1320 1686 1518 1740 formas
1553 1703 1616 1738 ac
1657 1687 1862 1756 species
1891 1685 2164 1740 subiiciat:
2197 1702 2376 1738 cavum
2409 1686 2557 1756 ripae

304 1752 393 1805 vel
428 1763 665 1813 ωτι-πως
727 1755 901 1807 solent
940 1763 1115 1807 autem
1138 1765 1349 1837 'poetae
1388 1755 1571 1825 generi
1601 1754 1778 1823 posito
1821 1755 2080 1810 subiicere
2122 1755 2374 1807 formnmz
2417 1771 2471 1807 v.
2507 1773 2540 1808 e
2595 1789 2602 1796 -

304 1822 401 1874 inf.
430 1823 524 1876 lib.
552 1824 675 1890 xil,
706 1823 813 1880 522
837 1830 1101 1878 Annum
1125 1843 1187 1876 m
1224 1825 1419 1878 silvam
1464 1836 1520 1878 et
1556 1825 1804 1896 virgulta
1839 1827 2100 1879 conantia
2129 1825 2312 1878 lauro.
2381 1825 2452 1876 Bt
2480 1822 2558 1876 sic

302 1892 617 1947 sexcenties.
653 1901 819 1959 (arte,
851 1893 979 1946 licet
1008 1911 1139 1946 aree
1160 1894 1544 1976 praescriptum
1567 1893 1671 1960 sit,
1705 1893 1865 1948 etiam
1902 1893 2138 1948 Servium
2175 1893 2388 1962 legisse,
2421 1909 2556 1962 pro-
2675 1935 2686 1942 .

303 1961 401 2014 bat
442 1961 555 2014 eius
598 1961 867 2016 scholion:
926 1963 1125 2028 „Quod
1164 1963 1367 2016 scilicet
1414 1982 1474 2016 se
1521 1963 1752 2034 perite
1787 1980 1820 2016 a
1858 1973 2174 2034 tempestate
2213 1962 2555 2016 defendunt-‘⁴

303 2049 435 2086 arce
464 2031 629 2084 Palat-
668 2049 785 2085 cum
810 2034 893 2087 11.
925 2034 1008 2086 12.
1038 2034 1182 2100 Wr.)
1214 2045 1433 2102 possunt
1470 2043 1527 2085 et
1562 2033 1684 2086 illa:
1739 2035 1914 2088 omnis
1943 2047 2000 2086 es
2031 2031 2280 2104 agricola
2317 2031 2556 2084 tenuiora

302 2100 503 2166 videri,
534 2100 673 2154 dicta
720 2113 849 2170 post.
884 2104 1059 2155 omnis
1100 2115 1313 2156 arator.
1380 2103 1475 2156 Est
1516 2113 1686 2156 tamen
1727 2103 1978 2173 αςνίσοὶα
2021 2101 2179 2157 latius
2228 2099 2423 2152 dictum
2437 2139 2454 2164 ‚
2487 2101 2558 2152 de

302 2169 485 2236 quovis
533 2170 589 2223 in
627 2170 732 2223 alio
772 2188 939 2238 opere
979 2171 1175 2224 rustico
1218 2182 1497 2238 occupato.
1567 2173 1792 2225 Videtur
1848 2171 1951 2224 hoc
1990 2171 2215 2224 sensisse
2253 2169 2334 2222 vir
2367 2167 2556 2224 dootm

302 2239 524 2294 Withof
534 2279 549 2302 ,
584 2241 686 2292 etsi
714 2259 897 2308 parum
924 2240 1160 2310 propitio
1192 2241 1452 2294 Mercurio
1480 2243 1556 2293 nti
1585 2241 1774 2294 solitus
1813 2241 1867 2292 in
1895 2240 2250 2294 emendando:
2303 2241 2478 2292 omnis
2501 2252 2558 2291 ee

304 2320 407 2360 aaa
438 2309 596 2362 collis
618 2321 745 2380 epta
766 2309 905 2362 latet
931 2329 1059 2361 arce
1126 2321 1330 2362 masor.
1366 2309 1499 2368 (vid.
1527 2312 1653 2363 Not.
1693 2313 1778 2363 W
1768 2311 1836 2375 r.)
1873 2321 1994 2362 tute
2017 2309 2240 2362 Dux-vill.
2311 2308 2554 2374 (--806.

304 2394 494 2430 amau
530 2377 675 2444 prius
708 2376 765 2428 in
806 2378 1047 2430 Medieeo
1114 2389 1275 2430 uerat.
1316 2380 1464 2443 Wr.)
1601 2379 1706 2433 807
1733 2383 1878 2430 Dum
1897 2379 2080 2450 plum
2131 2378 2206 2430 sic
2236 2377 2396 2428 etiam
2423 2381 2555 2428 Ser-

304 2445 419 2496 vius
454 2445 777 2514 distinguere
796 2447 978 2512 iussit,
1008 2463 1079 2498 ne
1114 2447 1430 2500 archaismus
1467 2445 1750 2499 existen-ete
1783 2451 1925 2500 Dum
1949 2447 2102 2517 pluit
2143 2449 2204 2500 in
2229 2447 2420 2498 terris:
2456 2462 2554 2514 pro

331 2678 337 2685 ·
390 2660 538 2722 802.
581 2666 769 2713 tectus
804 2662 964 2711 tenet
996 2672 1061 2711 ee
1076 2676 1096 2711 .·
1143 2654 1250 2714 sub
1280 2655 1391 2713 cli-

302 2762 417 2825 peo
434 2786 450 2816 ,
509 2761 626 2824 quo
684 2740 919 2798 missilia
968 2740 1213 2819 excipit:
1288 2740 1389 2801 Sic

302 2848 434 2908 sup.
474 2828 556 2900 X,
584 2824 713 2891 412
752 2842 931 2903 seque
973 2824 1041 2881 in
1067 2845 1183 2883 sua
1213 2825 1390 2883 colli—

300 2915 403 2994 git
441 2932 640 2969 arma.
690 2910 847 2971 conf.
897 2909 1066 2970 Iliad.
1116 2934 1187 2987 ν,
1239 2909 1387 2976 405.

300 3003 429 3065 803
456 3018 621 3079 seqq.
662 2996 958 3081 praeclara
986 3000 1341 3077 comparatio
1366 3017 1384 3056 ε

298 3101 413 3144 neo
441 3086 701 3143 Homero
748 3084 1063 3166 quicquam
1088 3084 1151 3141 in
1182 3102 1251 3141 ea
1278 3082 1387 3140 de·-

299 3171 401 3229 bet
438 3170 743 3251 Virgilius:
812 3170 919 3226 etsi
958 3166 1183 3227 laudari
1240 3169 1385 3227 solet

298 3254 465 3315 Iliad.
510 3280 591 3335 μ,
656 3256 776 3321 156
822 3272 985 3335 sqq.;
1028 3254 1257 3313 namin
1286 3254 1389 3313 ille

298 3343 431 3403 loco
462 3340 689 3401 diversa
714 3360 804 3399 res
830 3342 1071 3419 geritur.
1156 3337 1279 3399 Sed
1305 3341 1389 3397 si-

296 3428 579 3487 millimus
618 3426 783 3485 locus
810 3436 899 3483 est
934 3427 998 3483 in
1026 3424 1242 3497 Quinto
1272 3424 1387 3483 Ca·-

298 3514 462 3572 labro
488 3514 643 3587 VIII,
675 3511 1055 3586 379—385,
1085 3512 1188 3593 qui
1214 3521 1388 3591 poeta

302 3600 545 3659 omnino
592 3596 903 3657 ditissimus
952 3605 1037 3655 est
1077 3594 1167 3655 his
1209 3614 1386 3656 orna-

300 3694 637 3743 mentorum
706 3684 907 3762 copiis.
1003 3679 1193 3758 (Mihi
1249 3682 1386 3763 qui-‚-

300 3768 441 3828 dem
480 3767 625 3827 haec
668 3770 733 3827 in
772 3764 1151 3827 emendandis
1177 3765 1387 3826 viden-

300 3866 401 3915 tur
426 3874 461 3913 a
488 3864 662 3934 poeta
688 3856 921 3927 relicta3
985 3872 1195 3933 parum
1220 3863 1387 3931 grata

301 3951 389 4001 est
446 3942 617 4019 copia
670 3942 731 3997 in
805 3939 995 4001 verbis
1049 3948 1254 3997 arator
1297 3980 1315 3997 .
1330 3979 1349 3997 .
1367 3980 1386 3997 .

298 4024 611 4107 αρτίωὰις
668 4024 929 4106 displicet
970 4026 1147 4083 etiam
1194 4024 1388 4103 gemi-

298 4122 509 4173 natum
548 4112 743 4169 omnis
754 4134 779 4184 ,·
823 4122 951 4169 tum
990 4110 1249 4168 maxime
1292 4109 1387 4167 in·-

299 4218 479 4259 suave
509 4206 594 4255 est
622 4194 735 4255 hoc
763 4192 1214 4277 ὄμοιοτέλευτον
1238 4214 1389 4253 ara-

302 4294 395 4341 tor
435 4326 448 4342 .
478 4328 492 4341 .
522 4326 535 4339 .
566 4284 763 4341 m'ator
775 4324 800 4353 ,
842 4280 1004 4363 quod
1032 4301 1152 4340 non
1182 4280 1389 4340 defen-

304 4368 460 4430 ditur
502 4368 787 4449 exemplis
826 4388 861 4427 a
897 4365 1100 4427 Ialmio
1131 4366 1204 4427 ad
1234 4368 1386 4441 VIII,

1472 2656 1618 2719 397.
1663 2652 1866 2713 allatis.
1967 2654 2230 2714 Imitatus
2273 2664 2359 2714 est
2397 2652 2555 2714 hunc

1470 2741 1669 2798 locun
1721 2738 1830 2798 Sil.
1875 2740 2001 2797 Ital.
2044 2741 2152 2809 VI,
2221 2743 2366 2804 321.
2425 2760 2554 2823 sqq.

1479 2824 1658 2903 Wu)
1702 2822 1994 2903 dsjsugit,
2025 2824 2245 2883 aoristo'
2262 2822 2461 2898 modo,
2490 2836 2556 2883 ut

1469 2912 1657 2969 toties.
1691 2908 1892 2986 (,‚Non
1908 2906 2216 2969 adsentior.
2241 2910 2396 2967 Nam
2412 2906 2556 2967 dif-

1468 2996 1906 3075 fugientem
1979 3004 2366 3055 aratorem
2445 3012 2556 3051 ex-

1468 3079 1669 3141 hibere
1697 3082 1886 3139 noluit
1925 3080 2194 3159 Virgilius
2218 3124 2236 3153 ‚
2265 3076 2364 3137 sed
2395 3096 2551 3153 eum,

1469 3170 1603 3249 qui,
1657 3177 1968 3249 postquam
2009 3165 2384 3244 diffugit,
2439 3174 2553 3223 tu-

1469 3264 1587 3331 tus
1643 3263 1757 3311 est
1807 3271 1844 3310 a
1881 3252 2133 3328 nlmbis,
2173 3248 2334 3331 quod
2375 3260 2434 3308 et
2459 3270 2556 3309 se-

1472 3341 1712 3420 quentia
1739 3347 1874 3395 tuta
1899 3336 2050 3395 latet
2072 3356 2212 3395 arce
2231 3336 2426 3393 νίαίοι·
2443 3333 2552 3394 de-

1470 3432 1814 3483 monstrant.
1907 3424 2094 3504 Atque
2146 3422 2219 3480 ab
2265 3418 2376 3479 hae
2414 3440 2554 3501 per-

1468 3510 1608 3568 fecti
1663 3510 1884 3569 ratione
1936 3508 2130 3567 coristi
2181 3506 2268 3565 vis
2321 3526 2553 3587 prorsus

1472 3594 1815 3673 discrepat.“
1843 3596 2002 3653 Haec
2029 3590 2346 3653 Wunderl.
2367 3592 2551 3672 Epist.
2593 3630 2596 3633 -

1470 3680 1548 3739 ad
1591 3682 1842 3737 Heeren.
1890 3700 1950 3758 p.
1991 3681 2071 3738 X.
2131 3676 2320 3757 Wr.)
2405 3676 2552 3743 805.

1470 3770 1623 3831 806.
1666 3774 1798 3822 tuta
1838 3783 2009 3839 arce,
2066 3763 2296 3823 latebris
2319 3806 2336 3837 ,
2391 3762 2553 3820 refu-

1468 3854 1570 3931 gio
1589 3895 1606 3925 ,
1651 3870 1795 3910 cavo
1823 3850 1982 3929 ripae
2010 3851 2106 3909 vel
2132 3859 2319 3907 antro.
2404 3850 2552 3912 807.

1468 3940 1618 4003 808.
1687 3954 1946 3997 exercere
2018 3932 2176 3993 diem
2231 3953 2405 4013 opere
2461 3932 2554 3990 fa-

1470 4019 1714 4081 ciendo:
1793 4020 2109 4103 exquisite,
2178 4038 2286 4099 pro
2303 4062 2318 4093 ‚
2382 4036 2555 4075 exer-

1471 4107 1660 4167 cende
1703 4126 1878 4187 opere
1905 4106 2222 4185 transigere
2250 4102 2406 4162 diem
2419 4120 2438 4159 z
2483 4113 2550 4159 ut

1470 4204 1709 4253 noctem
1765 4189 2084 4273 producere
2157 4206 2370 4258 coena,
2440 4203 2552 4242 ex-

1470 4278 1711 4339 tendere
1759 4294 2064 4348 εεηιιοιιες
2119 4272 2277 4332 diem
2314 4269 2554 4347 fatigare

1472 4366 1718 4445 remigio
1746 4382 1919 4443 supra
1945 4362 2079 4421 VIII
2093 4403 2110 4433 ,
2140 4356 2222 4423 94
2238 4400 2256 4425 .
2297 4354 2400 4412 ubi
2431 4354 2552 4415 vid.
