3009 5050
588 324 1219 414 AENEIDO'S
1272 337 1488 416 LIB.
1541 340 1672 436 IX,
1723 348 2160 424 249—265

2345 363 2494 435 337

236 519 755 624 Assaracique
784 526 1069 600 Larem
1088 584 1111 618 ‚
1166 536 1247 601 et
1278 546 1516 631 canae
1549 528 1980 625 penetralia
2008 536 2318 637 Vestae,

242 626 633 702 Obtestor
728 635 1329 732 (quaecumque
1423 628 1623 706 mihi
1709 632 2031 713 fortuna
2124 640 2488 744 fidesque

1404 746 1544 830 θεῖ,
1602 814 1612 823 .
2338 756 2488 827 260

237 833 337 907 In
366 831 642 937 vestris
670 857 892 933 pono
929 835 1325 933 gremiis)=
1377 850 1743 913 revocate
1776 855 2228 941 parentem3

236 932 591 1012 Reddite
628 951 1187 1038 conspectum3
1240 936 1438 1013 nihil
1468 938 1601 1016 illo
1627 942 1850 1018 triste
1880 962 2229 1048 recepto,

164 1110 171 1117 .
233 1040 433 1115 Bina
464 1038 673 1114 d‘abo
706 1054 1033 1139 argento
1061 1037 1417 1143 perfecta
1448 1056 1682 1144 atque
1719 1052 1989 1147 aspera
2019 1050 2253 1148 signis

233 1136 535 1219 Pocula
554 1202 577 1239 ‚
633 1141 935 1220 devicta
962 1145 1285 1247 genitor
1313 1170 1518 1245 quae
1550 1148 1756 1249 cepit
1785 1150 2090 1246 Arisba3

230 1248 335 1321 Et
360 1244 718 1347 tripodas
740 1249 1103 1346 geminos
1130 1284 1151 1342 3
1204 1249 1371 1323 auri
1415 1247 1577 1328 duo
1608 1275 1893 1350 magna
1917 1252 2244 1347 talenta3
2329 1270 2478 1341 265

368 1470 483 1527 2ffl
514 1483 601 1523 est
632 1470 786 1524 abest
820 1474 955 1524 Ven.

1092 1473 1199 1527 262
1234 1472 1459 1525 reducto
1486 1474 1591 1526 dno
1625 1475 1817 1529 Moret.
1841 1494 1906 1529 ex
1919 1495 1969 1529 v.
1995 1478 2116 1534 257.

2249 1482 2354 1536 ²⁶⁵
2377 1502 2484 1606 Ξῖ.

229 1541 414 1593 minas
450 1540 555 1591 duo
586 1542 880 1607 Burmann„
914 1541 1145 1593 indocte.
1214 1544 1351 1593 Tum
1376 1542 1576 1594 Petitus
1601 1544 1753 1597 obss.
1772 1548 1814 1610 1,
1839 1545 1892 1599 4.
1927 1546 2200 1616 distinguit
2232 1552 2378 1621 tn'po

223 1612 484 1681 geminos
514 1612 675 1677 auri,
723 1612 833 1663 duo
868 1629 1069 1681 magna
1116 1611 1331 1663 talenta
1372 1628 1447 1663 ec.
1482 1614 1698 1681 argenti.
1768 1614 1874 1667 Sed
1907 1616 1986 1667 vir
2019 1618 2202 1670 doctus
2251 1623 2480 1688 argutias

225 1689 425 1749 captat
448 1678 503 1731 in
534 1698 734 1761 {magno
753 1680 993 1762 celerato:
1030 1680 1171 1763 quod
1193 1691 1314 1765 onon
1353 1680 1423 1733 ad
1448 1682 1710 1748 poeticam
1753 1684 1842 1766 (cf.
1877 1702 1988 1755 sup.
2016 1687 2084 1739 ad
2103 1688 2170 1752 V,
2191 1689 2316 1757 248)
2334 1728 2348 1753 ,
2383 1691 2480 1744 sed

220 1750 307 1802 ad.
332 1766 634 1803 numanam
680 1749 1031 1802 subnhtatem
1072 1762 1231 1819 exigat
1249 1788 1264 1814 ,
1316 1766 1450 1834 guae
1474 1768 1507 1801 a
1517 1762 1694 1871 ‘poeta
1719 1752 1891 1806 ahena
1911 1763 2009 1808 est.
2079 1758 2214 1809 Tum
2234 1760 2485 1831 trapodas

222 1836 443 1873 aureos
476 1818 719 1888 equidem
744 1818 1023 1873 memorari
1048 1836 1158 1873 non
1180 1836 1421 1883 memm3
1456 1836 1516 1872 oe

224 1989 295 2037 ut
338 1978 453 2038 inf.
500 1978 644 2045 525.
714 1980 878 2052 Vos,
936 2002 970 2039 ο
1018 1977 1288 2059 Calliope
1298 2004 1325 2054 ;

226 2076 379 2123 nota
407 2064 616 2143 figura.
697 2066 843 2131 259.
872 2064 1175 2126 Assaraci
1190 2068 1327 2126 La·-

225 2170 361 2209 rem
373 2173 403 2223 ,-
458 2170 579 2209 non
595 2195 612 2226 ,
670 2161 975 2233 tamquam
1017 2156 1327 2237 Assaracus

224 2238 353 2293 Lar
402 2236 608 2312 fuerit,
654 2247 719 2294 ut
748 2236 932 2296 Cerda
962 2248 1021 2296 et
1050 2240 1179 2313 alii,
1222 2238 1323 2297 sed

224 2332 361 2401 pro·
375 2320 543 2377 Lare
583 2323 880 2381 maiorum
895 2365 923 2393 ,
985 2325 1137 2383 inter
1180 2343 1323 2404 quos

224 2406 349 2464 fuit
420 2406 730 2465 Assaracus
752 2452 771 2481 ,
857 2406 1079 2467 doctius
1162 2407 1322 2467 hunc

226 2510 431 2550 unum
456 2493 807 2551 memoravit
831 2503 1037 2573 poete,
1080 2503 1147 2552 ut
1194 2514 1321 2573 sup.

226 2582 278 2653 1,
311 2575 443 2642 284
482 2575 727 2634 domum
752 2577 1053 2636 Assaraci
1079 2577 1321 2636 dixerat.

225 2667 421 2723 Recte
464 2662 633 2720 Serv.
688 2661 1047 2733 ,As-sarriet
1104 2662 1321 2734 larem,

224 2749 295 2809 id
346 2757 433 2806 est
459 2747 715 2806 familiae
742 2759 972 2806 nostrae
1002 2749 1095 2806 vel
1122 2751 1323 2828 generi

226 2835 605 2916 proprimn.“
660 2837 807 2898 260.
823 2834 1115 2893 Laborant
1128 2837 1319 2914 lutpp.

223 2925 295 2980 in
306 2919 517 2994 fides-3
545 2917 683 2977 inde
710 2931 841 2998 post
868 2921 1157 2979 Servium.
1202 2920 1323 2979 Sed

208 3007 395 3083 fides
421 3004 495 3063 de
524 3006 687 3063 omni
716 3026 779 3062 re
824 3004 1066 3080 dicitur,
1112 3009 1207 3065 cui
1247 3005 1323 3063 fi-

230 3091 461 3166 dimus,
504 3092 568 3147 in
618 3109 735 3171 qua
796 3091 977 3150 fidem
1029 3094 1319 3172 ponimuS,

228 3187 341 3237 aut
370 3197 520 3258 quae
560 3175 741 3235 fidem
780 3177 920 3236 facit
961 3179 1112 3253 eim,
1162 3177 1323 3260 quod

226 3263 511 3324 volumus
543 3307 559 3337 ,
630 3266 896 3342 optamus
916 3307 935 3338 ,
990 3283 1321 3343 speramusr,

226 3348 379 3408 hinc
434 3348 715 3428 exquisite
762 3369 869 3428 pro
912 3369 1015 3428 spe
1071 3361 1129 3408 et
1185 3361 1321 3408 voto

227 3453 413 3513 saepe
439 3434 707 3512 ponitur:
756 3453 1137 3516 quaecunque
1175 3433 1323 3492 mihi

226 3521 472 3580 fortuna
489 3564 505 3592 ‚
555 3529 613 3577 et
638 3537 1021 3602 quaecunque
1048 3517 1193 3578 mihi
1221 3541 1323 3580 seu

228 3603 384 3664 fides
412 3623 515 3664 seu
543 3625 671 3685 spes
704 3616 821 3682 est3
865 3617 986 3664 erat
1025 3617 1222 3664 autem
1266 3610 1325 3664 et

229 3691 479 3752 fortuna
506 3700 562 3748 et
591 3711 719 3769 spes
759 3693 823 3748 in
864 3689 1325 3752 desideratissimi

228 3778 495 3858 parentis
524 3773 713 3834 reditu
740 3779 946 3856 posita.
1004 3831 1009 3836 ,

331 3863 479 3924 263.
528 3861 609 3916 ·In
664 3864 935 3939 praemiis
988 3859 1325 3940 pollicendis

230 3949 405 4005 locus
451 3955 585 4002 ante
625 3947 821 4005 oculos
872 3945 1039 4006 Iliad.
1087 3969 1139 4022 J,
1205 3949 1327 4010 122

232 4051 407 4112 seqq.
526 4029 853 4108 Sapientius
933 4034 1108 4090 etiam
1179 4027 1327 4088 haec

233 4118 443 4176 omnia
471 4112 747 4174 adornata
773 4136 808 4174 a
832 4117 1091 4196 Virgilio.
1170 4119 1323 4174 Nam

229 4200 404 4281 apud
454 4199 777 4259 Homerum
832 4205 1027 4261 minus
1084 4200 1323 4260 honeste

231 4289 438 4346 Dolon
466 4287 721 4364 praemia
762 4289 1011 4368 postulat
1052 4285 1215 4344 Iliad.
1260 4309 1321 4363 κ,

234 4375 364 4438 821
398 4388 529 4451 sqq.
602 4369 853 4451 (Nempe
882 4371 1039 4432 aliud
1064 4371 1175 4432 fuit
1197 4373 1323 4430 Do-

258 4533 277 4546 .
345 4471 663 4548 Vmen..
716 4471 927 4550 Tou.
976 4471 1111 4545 111.
1212 4550 1229 4580 δ

1581 1824 1694 1878 fere
1717 1840 1917 1875 aereos.

1408 1980 1558 2039 lonis
1574 2026 1591 2057 ,
1629 1979 1784 2041 aliud
1817 1985 1940 2043 Nisi
1966 1996 2024 2043 et
2048 1986 2286 2068 Euryali
2312 1989 2481 2067 inge-

1406 2067 1594 2125 nium.
1683 2068 1872 2141 Quare
1897 2090 2019 2129 non
2049 2082 2162 2147 est,
2191 2072 2348 2155 quod
2379 2076 2483 2133 tali

1406 2152 1469 2208 in
1511 2171 1577 2210 re
1619 2154 1864 2227 alterum
1913 2168 2148 2235 poetam
2196 2159 2482 2239 praeferas

1409 2238 1592 2295 alteri.
1661 2272 1748 2285 —-
1830 2261 2046 2318 aspera
2072 2284 2100 2314 ,
2186 2256 2482 2325 comparat

1407 2321 1704 2384 Heinrich.
1743 2324 1916 2384 Pind.
1965 2326 2168 2387 Isthm-
2233 2330 2331 2405 VI,
2377 2332 2480 2396 58.

1409 2401 1728 2471 οἰνοδόκον
1764 2403 1991 2486 φιάλαν
2035 2416 2290 2497 χρυσῷ
2345 2436 2482 2476 πε·-

1406 2512 1503 2572 φρ
1524 2514 1646 2556 cuv
1665 2498 1813 2556 ἴαν.
1851 2496 2027 2573 Wr.)
2113 2498 2348 2556 devicta
2366 2518 2480 2579 ge-

1404 2577 1565 2634 nitor
1632 2599 1788 2657 quae
1839 2583 1993 2658 cepit
2052 2581 2286 2641 Arisba
2298 2606 2325 2656 ;
2391 2588 2482 2643 De

1404 2662 1549 2719 urbe
1591 2660 1701 2720 hac
1747 2665 1897 2723 citca
1938 2664 2222 2746 Abydum⁴
2267 2670 2376 2728 sita
2417 2691 2477 2728 v.

1404 2747 1666 2826 inprimis
1696 2749 1902 2807 Strabo
1919 2751 2077 2824 XIII,
2093 2771 2153 2829 p.
2171 2754 2313 2816 882.
2334 2757 2480 2817 883.

1406 2831 1611 2912 steph.
1640 2835 1890 2914 Byzant.
1915 2833 1976 2892 h.
2014 2855 2070 2894 v.
2112 2836 2308 2915 ibique
2335 2838 2484 2894 Hol-

1406 2927 1552 2976 sten.
1581 2939 1718 2976 cmn
1744 2918 2045 2978 Eustatbio
2075 2918 2150 2978 ad
2177 2921 2334 2978 varia
2354 2923 2484 2980 Ho-

1405 3006 1554 3062 meri
1611 3005 1739 3064 loca
1795 3003 1958 3064 Iliad.
2016 3003 2076 3086 β,
2127 3008 2252 3070 887
2308 3017 2366 3064 et
2405 3009 2482 3066 al.

1404 3089 1725 3149 Difficultas
1752 3087 1848 3149 hic
1886 3093 1948 3148 in
1992 3110 2060 3148 eo
2103 3091 2278 3167 inest,
2323 3090 2484 3173 quod

1405 3175 1644 3252 Arisba,
1697 3175 1944 3236 Troadis
1987 3177 2154 3250 urbs,
2213 3177 2482 3238 Troianis

1407 3263 1622 3320 auxilia
1679 3263 1751 3320 ab
1811 3263 1950 3320 Asio
2013 3260 2260 3320 adducta
2306 3265 2480 3322 misit.

1381 3345 1675 3405 ‘Eandem
1702 3347 1774 3406 ab
1802 3345 2028 3406 Achille
2068 3367 2328 3406 eversam
2360 3369 2484 3408 esse

1408 3433 1644 3492 Servius
1671 3431 1871 3507 tradit,
1911 3432 2105 3491 nescio
2137 3453 2251 3514 qua
2278 3444 2484 3492 aucto-

1406 3520 1605 3576 ritatet
1647 3516 1750 3578 sed
1777 3517 1824 3576 si
1868 3538 1984 3598 qua
2025 3518 2166 3591 fuit,
2206 3517 2282 3576 ad
2342 3520 2482 3577 Ari-

1404 3604 1572 3661 sbam
1599 3604 1661 3660 in
1689 3605 1874 3662 insula
1889 3604 2078 3664 Lesbo
2109 3623 2178 3660 ea
2202 3614 2482 3683 spectasse

1406 3687 1656 3746 videtur.
1748 3691 1955 3748 Nostra
2021 3709 2160 3748 vero
2234 3687 2482 3750 Troadis

1406 3773 1614 3832 Arisba
1655 3773 1948 3854 quomodo
1992 3793 2028 3832 a
2056 3773 2324 3833 Troianis
2353 3777 2483 3854 capi

1407 3859 1660 3938 potuerit
1676 3901 1694 3932 ,
1724 3857 2034 3918 dubitatur.
2061 3879 2120 3918 v.
2151 3860 2316 3918 Serv.
2361 3860 2484 3920 Sed

1408 3945 1636 4023 repetiit
1663 3941 1777 4002 hoc
1804 3956 1977 4024 poeta
2005 3965 2087 4006 ex
2107 3945 2303 4018 rebus,
2335 3965 2483 4025 quae

1409 4029 1736 4087 Troianum
1761 4032 1982 4092 bellum
2027 4040 2479 4088 antecesserant:

1410 4113 1485 4174 de
1512 4115 1720 4196 quibus
1749 4115 1825 4175 cf.
1851 4117 2094 4174 Excurs.
2123 4116 2151 4170 1
2169 4107 2208 4148 ᾗ
2251 4113 2326 4172 ad
2352 4113 2414 4172 h.
2440 4115 2482 4171 l.

1408 4201 1606 4258 Potuit
1622 4201 1800 4278 igitur
1817 4202 2205 4260 narrationem
2243 4197 2316 4256 de
2349 4199 2484 4253 Ari-

1407 4287 1512 4343 sba
1541 4285 1614 4344 ab
1660 4288 1860 4344 Aenea
1887 4297 2053 4364 capta
2094 4284 2290 4362 sequi,
2333 4297 2483 4358 quae

1409 4389 1548 4430 cum
1573 4370 1834 4450 pluribus
1874 4372 1998 4428 aliis
2027 4367 2100 4426 de
2127 4367 2298 4423 rebus
2325 4365 2484 4420 Tro-
