3009 5050
506 396 657 466 512

951 387 1033 461 P.
1103 381 1636 463 VIRGILII
1704 379 2258 457 MARONIS

506 579 625 650 Te
687 595 1021 674 precor,
1113 570 1319 646 hanc
1384 567 1728 643 animam
1791 589 2055 642 serves
2111 579 2514 668 gnatoque
2605 591 2750 666 pa-

1548 671 1946 769 Arique.

2593 681 2754 749 525

501 781 639 857 Est
678 777 967 852 domus
998 775 1189 868 alta3
1244 775 1500 848 iacent
1536 776 1852 873 penitus
1885 769 2198 848 defossa
2226 770 2523 848 talenta

506 880 799 960 Caelati
838 880 1175 976 argenti3
1222 889 1407 952 sunt
1437 876 1602 951 auri
1647 877 2006 976 pondera
2041 871 2226 950 facti

502 983 949 1083 Infectique
980 981 1200 1056 mihi.
1302 985 1485 1056 Non
1514 978 1643 1053 hic
1671 980 1994 1056 victoria
2033 983 2436 1054 Teucrum

504 1088 890 1180 Vertitur3
950 1097 1081 1160 aut
1114 1084 1373 1160 anima
1400 1107 1560 1158 una
1601 1080 1818 1156 dabit
1847 1082 2296 1157 discrimina
2325 1094 2560 1159 tanta.

502 1192 834 1269 Dixerat.

940 1197 1245 1266 Aeneas
1279 1199 1551 1260 contra
1589 1186 1712 1261 cui
1736 1185 1914 1260 talia
1949 1183 2248 1260 reddit:

2593 1195 2758 1263 530

503 1295 825 1392 Argenti
856 1305 1093 1393 atque
1144 1290 1305 1366 auri
1342 1312 1740 1364 memoras
1777 1313 1982 1389 quae
2025 1287 2274 1364 multa
2303 1285 2632 1392 talenta,

506 1399 778 1474 Gnatis
812 1419 1047 1496 parce
1079 1395 1250 1469 tuis,

1354 1391 1559 1468 Belli
1593 1393 2041 1467 conmercia
2071 1397 2388 1467 Turnus

510 1499 840 1576 Sustulit
868 1499 1008 1573 ista
1049 1497 1268 1597 prior
1295 1496 1453 1570 iam
1480 1508 1654 1570 tum
1689 1495 2036 1572 Pallante
2069 1507 2460 1594 peremto·

504 1607 679 1679 Hoc
708 1603 949 1703 patris
978 1599 1361 1675 Anchisae
1388 1603 1661 1674 Manes
1679 1659 1698 1696 ,
1753 1598 1910 1674 hoc
1941 1602 2178 1675 sentit
2202 1597 2435 1675 Iulus,

611 1765 781 1832 525.
834 1775 1121 1846 NATOQ.

646 1993 746 2052 525
777 2009 1056 2066 gnatoque
1079 1995 1191 2048 fere
1227 2012 1403 2047 omnen
1437 1995 1619 2048 Heius.
1669 1997 1804 2064 (cum
1841 1997 2017 2059 [ἴσως
2083 2005 2140 2048 et
2182 1996 2388 2066 recepi3
2437 1994 2545 2048 vid.
2581 1998 2649 2060 Q.
2683 1998 2747 2048 V.

505 2065 815 2128 XXXVIII,
844 2068 891 2120 1.
932 2068 1013 2118 W
1009 2065 1075 2130 r.)
1142 2068 1406 2134 paterque
1439 2067 1622 2117 Frena.

1761 2063 1863 2118 526
1895 2067 2084 2133 iacent
2103 2067 2254 2118 Rom.
2393 2063 2497 2119 527
2533 2067 2749 2118 caelata

506 2135 667 2188 Goth.
705 2152 809 2186 sec.
880 2135 1075 2201 (Gelani
1110 2135 1319 2198 Medic„
1366 2134 1459 2186 sed
1509 2135 1864 2202 superscripta
1899 2154 1963 2196 ας
2015 2137 2092 2186 sie
2139 2135 2294 2186 etiam
2331 2153 2406 2185 vs.
2439 2135 2564 2188 499.
2600 2136 2747 2188 cela-

506 2217 666 2256 verat
698 2221 797 2272 pro
833 2205 1143 2256 caelaverat
1189 2206 1245 2254 in
1281 2203 1466 2255 eodem
1515 2212 1780 2256 exaratum
1813 2204 2042 2270 reperio.
2085 2205 2230 2270 Wr.)
2335 2204 2439 2258 528
2475 2206 2613 2257 mali
2651 2221 2744 2271 pro

504 2274 638 2326 mihi
678 2273 858 2324 Franc.
937 2276 1217 2324 Teucrum.
1270 2275 1498 2324 Graium
1549 2291 1634 2343 pr.
1682 2273 1869 2324 Hamb.

505 2343 675 2410 probe
698 2343 933 2394 eMedic.
962 2352 1012 2393 et
1035 2342 1151 2393 aliis
1177 2343 1409 2394 restituit
1436 2342 1618 2394 Heius.
1669 2341 1874 2410 Vulgo:

506 2411 611 2466 530
644 2413 733 2464 eui
766 2424 959 2463 contra
992 2412 1211 2464 Dorvill.
1252 2413 1416 2464 Goth.
1453 2430 1536 2480 pr.

1955 2291 2017 2326 ro
2062 2291 2169 2326 var.
2204 2273 2330 2326 leet.
2433 2270 2537 2326 529
2565 2287 2668 2326 aut
2695 2292 2746 2326 a.

1949 2343 2082 2394 oud.
2122 2355 2336 2396 cantum
2361 2360 2468 2394 sec.
2497 2342 2743 2396 Rottend.

1648 2411 1748 2466 531
1787 2414 1930 2464 Auri
1962 2425 2126 2480 atque
2169 2414 2394 2482 argenti
2433 2413 2601 2464 Goth.
2642 2431 2743 2464 sec.

506 2499 709 2551 magna
744 2482 959 2535 talenta
996 2482 1141 2535 Leid.
1182 2493 1234 2533 et
1268 2483 1425 2535 Goth.
1459 2491 1586 2533 tert.
1627 2498 1738 2533 cum
1774 2480 1902 2533 cod.
1939 2482 2192 2533 Thuaneo
2234 2481 2374 2551 apud
2409 2483 2645 2535 macrob.
2681 2483 2744 2543 V,

510 2552 590 2604 10.
640 2550 705 2602 cf.
742 2568 857 2617 sup.
894 2552 961 2602 nd
998 2553 1093 2615 lx,
1125 2552 1245 2605 265.

1348 2552 1453 2605 532
1478 2553 1668 2603 Gratis
1703 2550 1838 2601 alter
1861 2552 2068 2617 Menag.
2115 2551 2405 2605 Recordari
2437 2554 2612 2620 possis
2638 2555 2746 2603 En-

503 2626 739 2671 nianum:
774 2639 885 2671 non
914 2635 1287 2689 cauponantes
1316 2620 1514 2671 bellum
1539 2620 1639 2671 sed
1663 2619 2066 2689 belligerantes.
2133 2626 2202 2672 At
2235 2621 2368 2673 illud
2392 2622 2574 2688 pauIIo
2587 2623 2744 2673 aliter

505 2688 698 2740 dictum
734 2706 879 2753 ense,
912 2690 1041 2741 eatis
1080 2700 1307 2741 constat:
1344 2690 1566 2741 subdole
1609 2707 1867 2757 pugnare,
1920 2700 1978 2741 ut
2011 2685 2345 2757 καπηλεύειν
2381 2708 2466 2757 ap.
2499 2691 2743 2759 Aeschyl.

504 2762 653 2825 Sept.
690 2777 734 2810 c.
769 2756 937 2809 Theb.
975 2776 1049 2811 vs.
1086 2760 1205 2812 541.
1242 2760 1324 2810 ed.
1367 2756 1551 2809 Blomf.
1655 2758 1757 2811 533
1791 2760 1890 2811 illa
1919 2776 1970 2825 p.
1999 2760 2186 2812 Medio.
2287 2758 2392 2813 534
2425 2764 2546 2813 Hoc
2609 2762 2746 2812 aeris

506 2845 692 2881 manes
726 2828 826 2879 Ιιοσ
860 2830 1037 2899 ipsum
1076 2847 1119 2881 ε.
1159 2828 1267 2880 Iul.
1296 2844 1394 2897 pro
1436 2846 1544 2880 var.
1578 2825 1700 2879 lect.
1731 2829 1859 2881 eod.
1889 2828 2105 2881 Koeler.
2172 2830 2233 2879 In
2267 2832 2437 2881 sentit
2469 2848 2508 2881 n
2647 2848 2740 2881 va-

508 3048 793 3117 repugnat
832 3058 917 3097 vs.
956 3035 1339 3117 praeceden33
1394 3050 1453 3096 et
1504 3038 1582 3101 ef.

503 3145 589 3182 vs.
614 3124 759 3189 582.
786 3125 983 3205 ibique
1008 3126 1139 3181 Not.
1179 3122 1347 3201 W.)
1433 3124 1584 3188 526.

504 3212 689 3267 Duxit
715 3208 859 3267 haec
899 3228 973 3267 ex
1013 3211 1123 3267 alio
1152 3211 1281 3269 loco
1310 3210 1483 3267 simili
1510 3212 1579 3267 11.

508 3297 543 3368 ζ
561 3340 577 3369 ,
618 3295 701 3362 46
732 3316 861 3377 sqq.
904 3294 1052 3352 adde
1080 3296 1147 3353 Il.
1178 3318 1249 3370 κ,
1294 3299 1420 3359 878
1451 3315 1579 3377 sqq.

505 3378 675 3439 dabit
702 3401 806 3460 pro
834 3382 1023 3455 faciet,
1067 3391 1133 3437 ut
1162 3391 1219 3438 et
1247 3381 1399 3455 alibi,
1430 3380 1580 3442 δοῦ-

502 3488 628 3527 ναι.
672 3468 825 3524 Male
851 3485 989 3524 vero
1018 3476 1251 3543 poetam
1278 3463 1352 3523 ad
1378 3485 1581 3544 grmn—

503 3554 779 3610 mafieam
867 3552 1238 3609 subtilitatem
1306 3562 1582 3609 revocant

502 3638 695 3715 Intpp.
724 3645 853 3715 post
884 3637 1151 3693 Servium
1170 3680 1186 3711 ‚
1228 3646 1295 3694 ut
1334 3639 1444 3695 tria
1470 3656 1581 3717 ge-

503 3740 644 3778 nera
680 3724 805 3778 auri
818 3766 833 3793 ‚
878 3724 1101 3799 argenti
1144 3724 1433 3803 aerisque:
1494 3724 1582 3779 εί-

502 3814 765 3884 gnatum
798 3802 885 3885 (in
912 3809 1105 3865 numis
1118 3806 1165 3885 ),
1190 3806 1443 3885 sactum
1490 3807 1582 3885 (in

502 3892 649 3951 vasis
672 3900 730 3949 et
754 3892 977 3970 signis),
1020 3892 1423 3972 injectzmzque
1450 3892 1582 3971 (ru-

504 3974 609 4049 de,
654 3995 828 4055 grave
846 4022 861 4051 ,
894 3980 957 4035 in
982 3980 1210 4056 massis)
1256 3982 1582 4058 exprimere

506 4060 787 4121 debuerit.
870 4062 1221 4143 Argentum
1279 4064 1581 4121 caelatum

504 4158 591 4206 est
632 4150 697 4205 in
731 4149 878 4207 vasis
894 4192 911 4223 ,
968 4169 1143 4228 opere
1170 4159 1377 4229 ectypo
1408 4168 1584 4207 orna—

502 4235 575 4293 tIs
594 4278 611 4308 ,
666 4244 734 4292 ut
768 4255 989 4291 aarum
1016 4234 1273 4313 sactum
1319 4254 1584 4315 quoque;

504 4330 563 4379 et
593 4319 822 4379 talenta
862 4322 1194 4401 simpliciter
1222 4338 1327 4399 pro
1355 4320 1586 4399 ponde-

503 4406 661 4465 ribus
720 4405 885 4465 dixit.
1005 4406 1147 4473 531.
1222 4406 1586 4466 Sententiam

1665 3058 1862 3097 versus
1905 3040 2132 3098 ornavit
2173 3038 2477 3099 claudian.
2540 3038 2615 3098 de
2670 3040 2738 3097 B.

1665 3126 1851 3183 Getic.
1879 3124 2266 3189 604—615.

1751 3210 1898 3275 532.
1941 3210 2086 3275 533.
2156 3212 2394 3269 ornavit
2435 3212 2740 3271 Homerica

1663 3296 1705 3353 l.
1757 3317 1808 3355 c.
1849 3294 2012 3354 Iliad.
2059 3319 2106 3373 φ
2127 3340 2146 3370 ,
2187 3300 2268 3360 99
2297 3317 2426 3378 sqq.
2447 3340 2464 3371 ‚
2509 3309 2566 3355 et
2593 3300 2656 3355 iu
2683 3318 2738 3355 v.

1661 3378 1808 3445 534.
1825 3381 1950 3446 535
1979 3380 2120 3441 ibid.
2141 3382 2262 3447 115
2274 3402 2402 3465 sqq.
2431 3400 2582 3462 quae
2597 3403 2740 3441 con-

1659 3468 1876 3541 ferant,
1923 3486 2176 3547 quorum
2213 3469 2398 3526 studia
2425 3470 2486 3525 in
2515 3466 2604 3527 his
2629 3488 2740 3547 po·-

1662 3552 1770 3611 sita
1785 3562 1936 3610 sunt.
2023 3553 2168 3619 582.
2191 3556 2592 3633 parcegnatis
2623 3554 2740 3611 tui-s

1663 3658 1770 3716 pro
1811 3658 1974 3695 serva
1999 3683 2014 3713 ,
2058 3650 2124 3697 ut
2173 3639 2329 3717 apud
2367 3642 2654 3699 Lucilium
2683 3648 2740 3697 et

1662 3726 1925 3781 Ennium
1963 3726 2286 3783 invenitur:
2331 3726 2497 3785 Serv.
2527 3724 2740 3803 (Gna-—

1666 3810 1743 3865 tis
1760 3852 1787 3879 ‚
1845 3820 1904 3867 at
1943 3828 2132 3867 unum
2176 3810 2350 3868 fuisse
2380 3809 2630 3869 declarat
2653 3830 2734 3868 vs.

1665 3894 1843 3969 525.;
1887 3895 1968 3953 sio
1999 3897 2172 3953 etiam
2201 3896 2400 3955 Cicero
2433 3894 2736 3977 aliiquelo'-

1667 3978 1830 4049 beri,
1873 3982 2007 4037 nati
2026 4022 2050 4050 ,
2096 3978 2169 4038 de
2208 4001 2327 4039 uno
2357 3981 2477 4039 filio
2507 3980 2734 4052 dicunt3

1665 4063 1785 4122 vid.
1795 4062 1998 4123 Duker
2025 4064 2264 4125 adFIor.
2279 4068 2359 4125 IV
2359 4109 2386 4138 ,
2401 4071 2460 4143 3,
2473 4072 2534 4134 2.
2569 4065 2734 4142 W.)

1671 4149 1816 4207 belli
1841 4153 2194 4209 commercia
2203 4152 2627 4211 redemtionem
2639 4170 2734 4209 ca-

1665 4237 1976 4315 ptivorum.
2043 4234 2072 4313 (
2101 4268 2187 4281 —-
2239 4237 2384 4302 533.
2435 4239 2564 4295 iam
2613 4248 2735 4293 tum

1669 4320 1958 4378 Pallante
2001 4332 2268 4398 peremto
2293 4366 2317 4392 ,
2403 4325 2524 4381 iam
2591 4334 2732 4395 tum,

1669 4424 1856 4487 quum
1895 4408 2220 4468 Pallantem
2263 4410 2584 4484 interemit3
2634 4404 2731 4467 cfr.
