3009 5050
621 368 1237 452 AENEmos
1287 370 1505 451 LIB.
1538 372 1747 469 Vm,
1790 378 2223 455 666—675

2382 386 2533 461 269

280 562 503 635 Haec
535 557 743 635 inter
777 557 1065 635 tumidi
1097 557 1255 634 late
1283 558 1525 634 maris
1556 557 1719 634 ibat
1748 560 2036 659 image,

291 668 582 759 Aurea,
635 661 780 739 sed
809 659 1058 738 fluctu
1090 660 1567 762 spumabant
1592 660 1898 739 caerula
1927 686 2163 759 cano;
2192 732 2205 743 .

283 770 389 844 Et
425 767 722 842 circum
754 778 1080 863 argento
1113 764 1297 840 clari
1333 763 1755 869 delphines
1784 766 1867 843 in
1901 766 2188 843 orbem

285 874 402 946 Ae

287 978 382 1051 In
409 971 685 1049 medio
723 972 980 1048 classis
1009 984 1344 1069 aerataS,
1395 972 1617 1049 Actia
1641 970 1875 1070 bella,

393 1120 566 1191 671.
617 1130 875 1187 mco
926 1114 1014 1189 A.

410 893 660 970 quora
689 868 1115 945 verrebant
1153 867 1458 967 caudis,
1513 881 1981 970 aestumque
2006 868 2395 951 secabant.

2378 984 2530 1055 675

427 1284 531 1338 671
569 1286 692 1338 Hoc
728 1286 874 1337 inser
908 1284 1092 1337 Franc.
1193 1282 1300 1340 672
1343 1281 1420 1350 (et
1444 1284 1518 1353 fl.
1556 1284 1707 1337 Rom.
1752 1281 1899 1351 Wr.)
1968 1279 2255 1348 spumabat
2292 1282 2533 1353 plerique

289 1352 427 1405 Pier.
459 1354 653 1407 Medic.
684 1354 820 1407 Gud.
851 1354 1039 1405 Moror„
1068 1368 1190 1417 sec„
1225 1352 1384 1405 etiam
1411 1369 1474 1405 ex
1497 1351 1663 1405 Goth.
1692 1352 1843 1418 alter,
1897 1356 2035 1419 (cum
2059 1352 2113 1405 8.
2147 1352 2288 1417 Wr.)
2322 1363 2381 1405 ut
2422 1354 2533 1405 sci-

289 1422 415 1477 licet
455 1422 636 1496 imago
675 1422 972 1497 epumabat
994 1422 1262 1491 iungatur3
1295 1420 1391 1473 sed
1424 1432 1574 1475 recte
1613 1422 1839 1475 merula
1875 1420 2202 1493 spumabant
2239 1422 2533 1491 praetulere

287 1492 472 1545 Heius.
509 1503 566 1545 et
607 1494 778 1547 Bur-m.
847 1492 1072 1560 (aurea,
1123 1490 1159 1543 i.
1192 1508 1239 1543 e.
1286 1507 1350 1541 ex
1395 1506 1525 1542 auro
1551 1490 1717 1552 factu
1750 1507 1921 1559 neque
1947 1500 2052 1552 eat,
2097 1490 2270 1560 quod,
2303 1492 2533 1545 Servium

289 1558 1302 1685 tfftz⁰ss..:t..”'¹iti‘³:;.i³ffl
1319 1556 1500 1681 {2⁰32}
1542 1558 2534 1685 ³22132¹⁰1¹¹²52⁸35ss⁰2⁰33251

293 1718 426 1758 cano
453 1700 640 1764 flnctu3
657 1668 902 1770 ‘sitaque
929 1698 1253 1769 spumabant
1278 1698 1471 1751 retinui
1503 1666 1725 1767 ef’ipsez
1772 1647 1999 1751 margila
2028 1707 2199 1754 autem
2229 1698 2535 1769 simpliciter

293 1770 332 1823 i.
354 1788 408 1840 q.
431 1786 678 1853 aequora.
719 1770 864 1853 Wr.)
934 1767 1257 1843 spumabant
1287 1785 1530 1838 aequora
1561 1767 1759 1849 Zrlieh.
1830 1768 2055 1850 caeru-la
2074 1781 2249 1837 pomo
2278 1770 2533 1823 Montalb.

293 1857 326 1891 a
353 1858 422 1892 m.
447 1858 529 1910 pr.
599 1840 862 1909 Distingui
893 1856 1100 1909 quoque
1129 1846 1336 1907 potest:
1383 1838 1540 1891 Ha«.-
1574 1848 1721 1889 meer
1738 1866 1805 1877 —-
1825 1836 1941 1891 ibat
1979 1856 2189 1908 imagos
2221 1844 2411 1892 Aurea
2436 1840 2538 1893 ced

229 1972 237 1980 ·
290 1912 472 1980 fluctu
509 1908 837 2031 &mabam
874 1908 1102 1961 caerula
1141 1924 1309 1969 ean03
1369 1906 1580 1971 nescio,
1627 1921 1695 1957 an
1728 1906 2007 1959 rotundior
2043 1906 2119 1960 sic
2156 1918 2309 1960 exeat
2344 1910 2535 1963 oratio.

295 1982 398 2047 ut·
435 1980 480 2033 ni

601 1981 845 2049 tinguat,
889 1994 998 2030 non
1042 1986 1156 2042 est,
1206 1992 1310 2047 quo
1354 1984 1561 2046 spectet
1606 1976 1865 2045 particula
1904 1978 2033 2042 sed,
2080 1994 2181 2047 qua
2218 1992 2341 2029 usus
2372 1988 2537 2045 poeta

293 2066 471 2101 aurea
507 2060 559 2103 et
585 2066 726 2101 cano
757 2048 897 2100 inter
920 2066 978 2103 ae
1011 2046 1258 2119 opponit:
1289 2046 1458 2113 ipsum
1489 2044 1701 2114 quidem
1740 2062 1884 2099 mare
1920 2062 2131 2099 aureum
2170 2056 2313 2111 erat,
2344 2048 2441 2101 aed
2478 2048 2535 2101 in

295 2135 492 2171 summa
514 2129 663 2187 parte
703 2118 1050 2171 cernebantur
1080 2116 1198 2171 caui
1213 2156 1227 2180 ,
1260 2126 1390 2186 puta
1413 2124 1633 2182 argento
1661 2116 1921 2183 expressi,
1952 2115 2158 2171 fluctus.
2228 2120 2419 2171 Aurea
2439 2134 2539 2187 per

296 2187 682 2257 appositionem
737 2188 1048 2250 subiectum3
1105 2202 1267 2255 quare
1315 2183 1370 2236 in
1420 2184 1524 2235 fine
1564 2184 1859 2253 praegressi
1910 2203 2087 2241 verena
2124 2202 2323 2238 comma
2364 2187 2536 2257 posui.

295 2256 648 2325 Distingnitur
679 2263 803 2326 post
823 2263 1012 2310 Aurea
1039 2256 1198 2309 etiam
1235 2254 1292 2307 iu
1328 2254 1599 2315 Mediceo3
1648 2252 1703 2305 in
1746 2254 1931 2307 eodem
1964 2254 2160 2325 legitur
2198 2258 2410 2322 Rurea,
2440 2256 2539 2308 sed

295 2331 352 2381 A
387 2325 760 2399 superscripta.
813 2328 971 2393 Wr.)

295 2396 462 2465 aliqui
499 2395 678 2448 Heius.

296 2469 475 2536 sprot.
579 2462 682 2521 675
705 2464 914 2516 claues
943 2474 1178 2516 auratac
1199 2462 1294 2515 Ed.

1124 2324 1227 2380 673
1272 2342 1476 2378 arcano
1521 2324 1663 2375 clari
1703 2324 1837 2376 Ven-
1914 2327 1976 2376 in
2017 2322 2145 2377 orbe
2186 2334 2245 2376 et
2286 2326 2346 2377 in
2381 2322 2539 2378 orbes

817 2395 920 2450 674
951 2391 1240 2447 vertebam
1266 2393 1334 2444 ali
1373 2401 1467 2443 uot
1499 2392 1773 2445 Burmann.
1811 2400 1867 2443 et
1911 2393 2017 2446 duo
2044 2392 2206 2447 Goth.
2275 2406 2539 2477 aestuque

1375 2478 1457 2513 en.
1525 2462 1693 2513 Aecia
1722 2462 1967 2517 aberrant
1990 2463 2194 2535 aliquot
2217 2462 2373 2517 codd.
2398 2464 2536 2516 Puer.

298 2545 356 2588 et
381 2534 621 2588 Parthae.
690 2536 854 2587 Aetia
891 2534 1014 2586 vela
1038 2532 1334 2585 coniecerat
1359 2529 1543 2583 Heius.

295 2693 398 2751 illo
425 2689 666 2750 haerere
679 2735 696 2766 ‚
725 2687 884 2772 quod
914 2689 1224 2764 Catonem,
1278 2691 1382 2772 qui

297 2779 409 2838 sibi
443 2779 555 2858 ipsi
578 2795 786 2835 manus
827 2777 1023 2836 intulit
1041 2821 1058 2852 ‚
1115 2795 1274 2836 nuno
1317 2777 1380 2832 in

299 2865 534 2944 Campis
560 2865 794 2942 piorum
818 2863 1018 2921 locum
1045 2859 1258 2920 habere
1285 2863 1382 2919 iu-

297 2951 464 3026 beat,
509 2969 648 3007 cum
673 2968 799 3029 sup.
827 2949 924 3023 VI,
954 2945 1081 3012 434
1109 2969 1232 3030 seq.
1264 2965 1380 3024 eos,

301 3037 412 3116 qui
432 3034 554 3094 sibi
581 3035 769 3093 letum
801 3035 1074 3092 Insontoe
1096 3053 1384 3112 peperere

301 3141 530 3192 manu,
573 3123 686 3180 alio
714 3123 879 3195 loce,
917 3122 980 3177 in
1006 3121 1196 3200 prima
1221 3121 1383 3178 lnfe-

299 3227 500 3266 rorum
527 3211 769 3288 regione
783 3252 800 3283 ,
830 3207 1206 3266 constituerit.
1259 3207 1380 3265 Ve-

299 3313 434 3352 rum
462 3304 798 3373 aspernatur
818 3302 1001 3373 poeta
1041 3303 1168 3350 tam
1211 3302 1381 3350 tena-

299 3399 433 3438 oem
471 3382 819 3440 memoriam
833 3424 848 3453 ,
895 3380 1066 3460 eique
1111 3377 1247 3437 licet
1287 3375 1382 3436 di-

297 3467 478 3525 versis
521 3467 790 3526 carminis
830 3461 1090 3544 partibus
1133 3460 1384 3523 diversas

299 3551 548 3611 rationes
616 3551 801 3634 sequi.
921 3549 1134 3628 (Magis
1208 3551 1385 3608 etiam

297 3655 399 3696 me
419 3648 638 3714 movet,
664 3647 730 3696 ut
757 3633 902 3694 haec
932 3635 1005 3693 de
1031 3637 1258 3694 minore
1271 3635 1388 3693 Ca-

297 3733 440 3781 tone
471 3721 624 3781 dicta
654 3723 1010 3796 existimem,
1055 3719 1214 3804 quod
1253 3739 1388 3778 ma-

299 3807 438 3866 ioris
465 3810 686 3866 mentio
726 3807 848 3865 iam
891 3826 1066 3887 supra
1107 3807 1258 3865 facta
1302 3815 1388 3866 est

301 3893 402 3968 vl,
433 3892 578 3958 842.
621 3891 799 3975 Wr.)

389 3979 612 4040 671-
629 3975 775 4041 674.
817 3975 1115 4036 Oceanum
1141 3976 1385 4034 Homeri

221 4065 228 4076 ’
301 4059 470 4121 Iliad.
515 4076 572 4136 o',
627 4063 774 4126 606.
828 4065 950 4126 607
995 4071 1130 4120 ante
1189 4061 1386 4123 oculos

303 4145 572 4206 habuisse
588 4189 607 4219 ‚
675 4155 735 4203 et
779 4144 1096 4226 Delphines
1151 4145 1388 4206 Hesiodi

305 4229 579 4310 exemplo
625 4227 725 4288 Sc.
787 4233 955 4311 Herc.
1019 4230 1388 4296 209—212

305 4317 608 4376 inseruisse
635 4312 880 4378 videtur.
963 4317 1159 4374 Aliam
1191 4317 1389 4389 Quinti

307 4403 436 4462 eal.
462 4401 847 4462 imitationem
887 4403 1006 4462 iam
1044 4399 1232 4491 cerda
1273 4421 1389 4464 no-

1459 2687 1607 2746 tavit
1630 2687 1671 2746 l.
1700 2687 1741 2746 l.
1770 2687 1851 2745 ib.
1876 2687 1949 2762 V,
1978 2691 2057 2752 93
2088 2707 2213 2769 sqq.
2241 2711 2446 2750 verum
2472 2679 2539 2766 is,

1463 2773 1708 2831 Homeri
1738 2772 2026 2852 exemplo,
2044 2773 2343 2833 Oceanum
2371 2777 2541 2834 amb-

1462 2860 1550 2918 ire
1608 2859 1777 2937 clipei
1834 2873 1999 2916 oram
2038 2856 2191 2916 fecit.
2273 2859 2542 2917 Effluxe-

1463 2941 1555 3004 rat
1594 2945 1887 3002 Vulcanus
1928 2961 2091 3000 mare
2142 2941 2217 3001 ad
2270 2945 2542 3022 Actium3

1462 3050 1673 3112 spuma
1701 3027 1986 3088 albicante
2016 3040 2075 3086 et
2102 3029 2302 3088 belluis
2332 3049 2543 3109 argeu-

1462 3120 1570 3176 teis
1598 3119 1661 3174 iu
1688 3117 1837 3176 mari
1865 3135 1941 3172 ex
1969 3133 2111 3173 auro
2134 3115 2323 3176 facto:
2364 3135 2543 3178 naves

1465 3201 1691 3261 effictae
1720 3219 1871 3260 aere.
1933 3201 2023 3258 De
2050 3201 2284 3286 reliquis
2312 3201 2386 3262 of.
2416 3205 2543 3262 Ex-

1465 3308 1615 3349 curs.
1647 3288 1721 3347 de
1748 3285 1863 3346 hoc
1890 3281 2099 3366 clipeo.

1550 3373 1679 3440 675
1722 3393 1851 3455 sqq.
1914 3369 2235 3454 Splendida
2276 3374 2549 3434 carminis

1463 3479 1596 3540 pars
1613 3505 1628 3536 ‚
1690 3477 1870 3542 quam
1922 3459 2102 3517 velim
2154 3479 2335 3518 unam
2374 3461 2547 3541 clipei

1468 3555 1881 3626 argumentum
1901 3564 1937 3604 a
1950 3545 2131 3604 Poeta
2158 3547 2377 3604 factum
2404 3565 2547 3604 esse.

1468 3635 1596 3690 Iam
1646 3631 1949 3711 Propertio
2010 3627 2108 3689 hic
2171 3632 2332 3690 locus
2399 3629 2545 3689 adeo

1468 3717 1743 3797 probatus
1786 3717 1925 3790 fuit,
1965 3725 2033 3774 ut
2048 3759 2065 3791 ,
2110 3717 2217 3774 etsi
2254 3727 2387 3776 tum
2423 3725 2547 3776 tota

1467 3803 1683 3860 Aeneis
1738 3799 2003 3862 nondum
2056 3803 2325 3882 evulgata
2381 3813 2546 3876 esset,

1469 3909 1547 3948 ex
1598 3907 1669 3946 eo
1706 3898 1905 3947 tamen
1944 3888 2212 3946 carminis
2256 3907 2547 3946 summam

1468 3976 1879 4053 praestantiam
1907 3983 2312 4052 auguraretur:
2361 3968 2551 4030 Actia

1481 4059 1811 4140 V'trgilissm
1856 4057 2071 4138 (iuvet)
2132 4057 2393 4116 custodis
2445 4056 2551 4112 lit-

1471 4156 1604 4202 tora
1628 4143 1898 4215 Phoebi,
1944 4143 2217 4201 Caesarie
2256 4153 2312 4198 et
2346 4141 2551 4219 sortes

1470 4230 1666 4288 dicere
1702 4249 1885 4310 posse
1932 4237 2091 4285 rates
2105 4249 2127 4283 .·
2220 4225 2343 4304 Qui
2384 4241 2551 4282 nuno

1469 4313 1721 4374 Aeneae
1770 4313 2019 4372 miani
2059 4313 2315 4370 suscitat
2345 4325 2551 4376 amm,

1471 4402 1766 4480 laetaque
1790 4397 2056 4458 Lavinis
2103 4394 2336 4452 moenia
2382 4387 2550 4446 liuo-
