3009 5050
534 467 694 540 458

1016 411 1675 536 aviac-1111
1723 453 2276 532 MARoms
2319 487 2368 510 ,.

535 644 703 722 Sub
748 669 913 748 quo
958 640 1177 720 mille
1220 665 1503 719 manus
1535 643 1954 737 iuvenum,
2011 641 2146 744 qui
2169 639 2488 718 moenia
2533 641 2774 737 Clusi,

533 751 852 850 Quique
885 748 1171 825 urbem
1198 746 1507 848 liquere
1536 747 1810 823 Cosas:
1865 746 2042 846 quis
2071 744 2230 820 tela
2263 745 2592 843 sagittae

534 853 972 952 Gorytique
1003 850 1223 928 leves
1251 849 1607 927 humeris
1645 863 1722 927 et
1751 848 2012 926 letifer
2039 873 2284 926 arcus.
2629 945 2634 950 ι

529 957 707 1034 Una
740 968 1009 1032 torvus
1054 957 1297 1032 Abas:
1346 953 1536 1029 huic
1561 965 1822 1029 totum
1851 950 2286 1050 insignibus
2315 953 2556 1028 armis
2631 964 2770 1032 170

528 1063 876 1158 Agmen‚
932 1072 1016 1136 et
1040 1070 1311 1134 aurato
1346 1054 1702 1154 fulgebat
1740 1056 2110 1156 Apolline
2145 1057 2454 1158 puppis,

530 1164 961 1240 Sexcentos
1000 1162 1109 1238 illi
1145 1158 1477 1237 dederat
1502 1160 1950 1260 Populonia
1975 1172 2230 1235 mater

525 1269 911 1368 Expertos
938 1264 1127 1342 belli
1172 1265 1536 1341 iuvenes:
1589 1277 1705 1339 ast
1729 1263 1890 1340 Ilva
1913 1275 2314 1340 trecentos

635 1404 803 1485 1‘69.
860 1405 1331 1492 Coun-mur.

668 1593 767 1647 167
804 1594 975 1645 σιωιϊ
1013 1593 1165 1645 Leia.
1232 1577 1425 1644 'clausi
1468 1591 1638 1660 Bigot.
1680 1599 1738 1642 et
1774 1590 1925 1643 Leia.
1966 1607 1999 1642 a
2036 1607 2105 1642 m.
2149 1607 2233 1658 pr.

2373 1589 2474 1643 169
2513 1589 2759 1655 Corythi,

526 1663 710 1716 corin·
721 1698 736 1723 ,
788 1664 982 1727 coriti,
1032 1663 1239 1716 coo-itha·
1248 1701 1265 1728 ,
1301 1663 1509 1714 chariti
1527 1663 1583 1711 in
1607 1659 1754 1712 libris
1773 1697 1790 1724 ,
1823 1677 2003 1727 prave.
2073 1661 2328 1712 Graecum
2367 1669 2452 1710 eat
2483 1655 2758 1728 γόρντοςς

523 1749 575 1786 v.
616 1748 661 1784 ο.
700 1729 886 1799 Odysa.
934 1749 997 1799 φ,
1032 1731 1118 1796 54,
1154 1729 1243 1782 ubi
1283 1749 1335 1782 v.
1366 1730 1604 1782 Emtath.
1651 1740 1706 1783 et
1731 1729 1960 1798 Hesych.
1990 1730 2046 1782 h.
2086 1745 2166 1792 ις
2221 1741 2300 1780 est
2326 1739 2502 1781 autem
2531 1747 2598 1781 ex
2625 1725 2758 1796 yoe'oe,

522 1799 635 1867 ya'i',
669 1803 880 1868 antiqua
921 1817 1081 1863 voce,
1116 1801 1299 1870 capio:
1346 1808 1405 1852 ut
1442 1800 1526 1852 vix
1573 1811 1777 1868 putem,
1837 1804 2072 1868 Corycus
2103 1807 2246 1850 reete
2287 1798 2466 1850 scribi.
2539 1799 2760 1866 (Θου-χεῖ

521 1869 745 1938 praebet
764 1868 971 1933 Medio„
1006 1869 1149 1940 qnod
1178 1871 1369 1936 recepi.
1410 1870 1556 1936 Wr.)

1674 1871 1776 1926 170
1797 1881 1984 1922 torvos
2009 1871 2160 1921 Rom.
2213 1880 2411 1920 eomas
2439 1869 2580 1922 Ven.
2633 1881 2752 1918 tut·-

520 1955 632 1990 nue
652 1938 813 1992 Goth.
839 1956 945 1991 aee.
1031 1942 1128 1995 171
1156 1951 1355 1992 aurata
1370 1937 1418 2007 s.
1450 1941 1686 2009 imagine
1715 1956 1796 2008 pr.
1829 1938 2010 1990 Hamb.
2039 1955 2137 2007 pro
2159 1955 2268 1990 var.
2297 1938 2420 1988 lect.
2513 1940 2616 1992 172
2643 1955 2754 1988 oes-

521 2020 711 2060 centos
737 2008 891 2060 codd.
917 2010 1056 2076 apud
1087 2011 1221 2064 Pier.
1254 2020 1308 2060 et
1333 2007 1467 2062 Gud.
1496 2026 1610 2062 cum
1649 2008 1782 2060 binis
1807 2007 2056 2062 Rottend.

518 2077 792 2129 nuntiandi
819 2078 1044 2130 rationo.
1086 2078 1233 2146 Wr.)
1303 2078 1536 2132 dederat
1571 2079 1658 2129 illi
1688 2076 1852 2130 Goth.
1886 2095 1992 2128 aec.

2105 2009 2252 2073 (item
2281 2005 2495 2070 Medic..
2539 2025 2606 2060 ex
2627 2021 2752 2076 pro·-

2099 2077 2200 2131 173
2236 2074 2375 2128 bello
2403 2077 2584 2144 Bigot.
2653 2075 2750 2125 tri-

519 2158 706 2198 centos
728 2147 858 2214 Reg.
928 2159 1017 2198 ase
1048 2147 1149 2199 illa
1171 2146 1329 2200 Goth.
1359 2166 1463 2200 sec.
1527 2147 1732 2200 malva
1769 2157 1893 2198 tert.
1963 2147 2100 2198 Tum
2127 2145 2336 2198 Servius
2369 2143 2750 2215 interpungen-

518 2215 641 2266 dum
682 2226 891 2267 censett
940 2228 1030 2267 ast
1068 2216 1195 2268 Ilva
1220 2229 1525 2284 trecentos,
1585 2215 1783 2267 Insula
1819 2215 2178 2267 inexhaustis.
2215 2217 2344 2281 (non
2381 2215 2500 2284 ipse
2531 2214 2746 2270 Servius.

520 2285 615 2336 aed
650 2285 849 2337 Probus
874 2286 1015 2352 apud
1046 2285 1305 2348 servitum
1340 2298 1467 2355 pont
1492 2287 1680 2370 insula
1717 2283 2060 2353 distinguitur
2095 2284 2152 2336 iu
2177 2284 2438 2338 Medio-eo.
2483 2286 2636 2353 Wr.)

514 2427 675 2484 sicus
690 2448 711 2484 .-
758 2428 861 2509 qui
900 2447 1117 2486 nomen
1158 2427 1397 2510 quidem
1426 2449 1593 2490 com-

512 2533 695 2573 mune
722 2511 899 2573 habet
927 2536 1064 2574 oum
1104 2527 1307 2575 monte
1337 2517 1592 2598 Campa-

511 2600 679 2673 niae,
720 2600 867 2659 nihil
906 2622 1043 2661 vero
1080 2600 1255 2661 aliud.
1338 2604 1499 2663 Infra
1525 2626 1584 2663 v.

512 2685 638 2751 655
678 2685 919 2745 Osinius
932 2688 1313 2767 Clusinorum‘
1326 2709 1431 2747 rex
1460 2688 1592 2763 (seu

510 2771 653 2851 Lar)
698 2770 1024 2833 inducitur:
1071 2795 1250 2856 quem
1296 2778 1401 2833 sub
1430 2778 1590 2835 Mas-

508 2856 613 2915 sici
652 2859 895 2937 imperio
954 2862 1136 2939 egisse
1190 2881 1421 2920 necesse
1480 2873 1584 2921 est.

510 2942 664 3001 conf.
692 2945 777 3001 ibi
810 2946 978 3003 Serv.
1060 2946 1319 3004 Alteram
1352 2967 1427 3005 ex
1461 2948 1586 3007 Po-

505 3030 744 3107 pulonia
764 3040 823 3088 et
850 3032 990 3105 Ilva,
1018 3052 1066 3090 s.
1088 3028 1351 3089 Aethalia
1378 3034 1586 3112 insula,

508 3113 668 3173 ducit
690 3116 869 3190 Abas,
900 3117 1129 3175 tertiam
1156 3136 1233 3173 ex
1259 3118 1403 3175 Pisis
1427 3120 1587 3199 Asy-

504 3199 588 3259 las
605 3244 623 3274 ‚
666 3212 935 3283 quartam
976 3222 1051 3259 ex
1081 3203 1259 3260 Caere
1289 3214 1346 3261 et
1384 3206 1586 3263 vicinis

502 3285 643 3345 loeis
672 3290 867 3346 Astur.
950 3286 1256 3347 Accedunt
1294 3291 1507 3347 auxilia
1552 3310 1585 3349 e

500 3374 809 3452 Liguribus
853 3393 910 3431 v.
960 3373 1077 3438 185
1124 3384 1182 3431 et
1226 3396 1259 3433 e
1310 3376 1586 3433 Mantua·-

498 3460 591 3517 nis
630 3480 687 3517 v.
734 3461 871 3523 198.
916 3458 1117 3517 Classis
1173 3462 1413 3519 omniuo
1462 3472 1584 3521 erat

498 3546 680 3615 XXX
716 3545 967 3627 ‘navitun
1008 3564 1067 3601 v.
1120 3549 1267 3609 213.
1367 3548 1582 3627 Copiae

498 3639 699 3689 autem
736 3629 898 3685 mille
940 3630 1215 3707 sagittarii
1256 3650 1291 3689 a
1336 3634 1578 3693 Massico

500 3714 691 3789 dueti3
748 3718 1029 3793 nongenti
1082 3719 1288 3775 armati
1338 3718 1446 3777 sub
1487 3719 1580 3775 A·

497 3801 691 3873 haute,
720 3800 881 3855 mille
908 3800 1005 3857 alii
1034 3802 1139 3859 sub
1169 3804 1367 3883 Asyla,
1396 3813 1453 3861 et
1479 3815 1578 3862 to—

498 3884 679 3944 tidem
722 3884 827 3941 sub
872 3887 1099 3943 Astura.
1182 3887 1578 3968 Reprehendit
1613 3956 1618 3963 .

496 3972 559 4028 iu
587 3968 677 4028 his
691 3970 1115 4030 Grammaticus
1145 3972 1303 4052 apud
1316 3976 1574 4033 Macrob-

495 4055 567 4129 V,
600 4054 679 4119 15
708 4056 949 4115 obscura
976 4060 1215 4115 nomina
1244 4057 1571 4135 hominum,

494 4160 749 4222 quorum
790 4143 951 4200 nulla
996 4146 1059 4200 in
1101 4162 1264 4225 seqq.
1324 4146 1574 4225 iusignia

492 4226 645 4287 faeta
694 4240 1110 4288 memorantur.
1192 4230 1399 4289 Melius
1454 4234 1576 4291 uti-

492 4333 610 4395 que
638 4314 969 4373 consultum
1008 4315 1207 4375 fuisset
1234 4318 1495 4393 cannitii,
1525 4320 1576 4377 si

492 4401 733 4459 uomina
770 4400 922 4459 clara
966 4410 1172 4481 poetae
1215 4400 1291 4461 ad
1326 4423 1574 4463 manum

491 4485 750 4547 fuissent.
798 4486 951 4545 Cum
978 4498 1173 4547 tamen
1204 4492 1403 4549 omnia
1426 4488 1572 4549 haee

1677 2426 1752 2485 ad
1777 2427 2242 2508 probabilitatem
2265 2429 2318 2484 ei
2331 2425 2610 2507 fingenda
2625 2427 2746 2490 fue-

1675 2515 1790 2571 rint
1805 2559 1822 2588 ,
1869 2514 2136 2596 querelae
2177 2534 2318 2573 sane
2370 2526 2508 2573 sunt
2551 2516 2746 2575 saltem

1676 2602 1909 2659 otiosae.
1965 2610 2178 2657 aerata
2217 2601 2364 2679 tegni
2377 2644 2396 2676 ,
2462 2621 2576 2681 pro
2617 2600 2742 2661 navi

1673 2706 1812 2745 oum
1835 2686 2049 2763 insigni
2072 2684 2290 2764 tigridis
2315 2687 2378 2743 in
2419 2706 2629 2767 prora:
2685 2695 2742 2743 ut

1672 2774 1752 2843 V,
1783 2776 1905 2836 116
1932 2790 2115 2853 seqq„
2145 2782 2202 2829 et
2227 2772 2334 2829 inf.
2364 2794 2420 2831 v.
2439 2773 2739 2845 205.206,

1671 2869 1728 2917 et
1770 2879 1828 2917 v.
1873 2860 2020 2922 209.
2105 2857 2232 2917 Sub
2257 2859 2502 2917 Massico
2532 2876 2740 2915 manus

1671 2954 1883 3019 turma,
1899 2942 2068 2999 mille
2081 2944 2364 3001 iuvenum
2375 2954 2516 3002 erat.
2607 2948 2736 3009 171.

1669 3040 1885 3087 amco
1909 3026 2211 3107 ficlgebat
2243 3028 2545 3107 Apolline
2578 3048 2736 3107 pup-

1659 3117 1784 3193 pis.
1869 3117 2026 3194 Ergo
2067 3116 2116 3173 is
2159 3116 2334 3173 tutela
2389 3118 2555 3175 navis
2607 3122 2734 3173 erat.

1671 3200 1794 3261 Sed
1815 3212 1992 3281 poeta
2029 3204 2092 3259 in
2120 3204 2350 3276 ceteris,
2393 3212 2460 3259 ut
2489 3212 2548 3260 et
2573 3218 2734 3281 supra

1669 3289 1756 3361 V,
1801 3292 1924 3352 116
1965 3308 2150 3371 seqq„
2191 3288 2436 3365 iusignia
2485 3290 2732 3358 navium,

1666 3394 1770 3433 seu
1796 3392 2094 3453 parasema
2104 3380 2287 3457 ponit,
2319 3392 2468 3454 quae
2493 3375 2732 3453 inprora

1664 3470 1835 3535 sunt3
1881 3464 1987 3519 etsi
2035 3460 2180 3523 haee
2223 3463 2376 3533 duo,
2429 3461 2654 3539 insigne
2679 3465 2730 3513 et

1664 3546 1928 3621 tutelmn,
1939 3548 2118 3627 vulgo
2147 3543 2512 3608 contundunt
2537 3544 2728 3615 multi;

1662 3632 1858 3712 itaque
1887 3636 2156 3711 puppim
2209 3638 2402 3715 potius
2448 3649 2557 3709 pro
2601 3628 2729 3689 navi

1663 3719 1903 3789 omnino
1947 3719 2164 3781 dictam
2191 3723 2398 3781 velimz
2441 3733 2505 3780 ut
2541 3720 2728 3801 paullo

1661 3814 1797 3861 ante
1840 3824 2012 3865 versu
2043 3807 2184 3873 166·
2243 3808 2508 3885 (Praeter
2535 3810 2726 3877 Trito-

1657 3908 1802 3947 nem
1843 3890 2098 3973 aliquem
2139 3904 2242 3951 aut
2277 3893 2468 3953 simile
2513 3908 2724 3951 numen

1659 3993 1782 4032 non
1823 3976 1993 4037 facile
2021 3979 2364 4060 utnusquam
2392 3977 2487 4037 dei
2523 3977 2724 4055 imagi-

1656 4080 1800 4128 nem
1840 4082 2316 4141 parasemon
2373 4065 2546 4125 fuisse
2605 4064 2723 4123 exi-

1655 4150 1847 4207 stimo.
1943 4149 2138 4226 W.)
2244 4151 2478 4209 Tribuit
2538 4161 2722 4209 autem

1655 4252 1834 4291 arma
1863 4235 2132 4313 imigmkz
2155 4233 2292 4296 huie
2319 4247 2546 4295 turmae
2561 4280 2579 4310 ,
2635 4252 2722 4291 re-

1656 4328 1858 4397 spectu
1900 4318 1975 4378 ad
2021 4320 2156 4379 ferri
2195 4324 2430 4381 metalla
2447 4364 2464 4395 ,
2523 4322 2720 4403 quibus

1659 4406 1800 4462 olim
1827 4406 1948 4464 Ilva
1975 4406 2130 4464 clara
2157 4418 2296 4483 erat,
2309 4406 2528 4467 habito.
2588 4406 2718 4471 179.-

1659 4489 2008 4567 Popzdom'a
2057 4502 2247 4551 mater
2301 4490 2362 4553 h.
2433 4493 2474 4551 l.
2527 4490 2720 4573 patria·
