3009 5050
384 404 535 475 312
866 389 950 464 P.
1000 380 1534 463 vlf-clm
1583 349 2154 458 Manoms

382 578 732 663 Avertit?
782 586 1043 650 tantos
1072 571 1371 649 ratibus
1406 569 1586 671 quis
1617 565 1925 668 depulit
1953 566 2225 664 ignes?

381 685 663 762 Dicite.·
756 678 1017 755 Prisca
1045 672 1249 751 fides
1277 671 1486 749 facto
1504 730 1528 767 ,
1569 670 1714 749 sed
1739 668 1950 747 fama
1982 666 2379 771 perennis

386 792 794 887 Tempore
836 805 998 882 quo
1022 780 1373 880 primum
1412 775 1748 875 Phrygia
1775 773 2176 851 formabat
2208 773 2290 847 in
2323 769 2466 847 Ida
2537 777 2638 852 80

386 895 693 969 Aeneas
723 884 1093 982 classem,
1148 896 1229 961 et
1266 880 1526 984 pelagi
1556 891 1839 983 petere
1878 876 2025 955 alta
2055 875 2400 979 parabat,

520 1080 590 1135 78
652 1076 829 1129 emtis
882 1077 1015 1143 Reg.
1073 1090 1189 1127 cum
1252 1072 1417 1126 Goth.
1477 1088 1584 1123 sec.
1663 1072 1764 1141 qui
1809 1071 1942 1123 ven.
2031 1066 2233 1121 detulit
2288 1068 2500 1139 Menag.
2521 1114 2526 1119 .
2547 1089 2632 1141 pr.

381 1151 451 1206 79
485 1150 691 1201 Discite
723 1146 927 1215 aliquot
960 1146 1130 1197 Burni.
1154 1160 1291 1201 ,cum
1336 1140 1499 1195 Goth.
1553 1148 1708 1204 tert„
1755 1138 1987 1192 indocte.
2047 1141 2239 1211 prisca
2275 1140 2430 1206 fides
2463 1141 2635 1209 sacta

384 1232 468 1272 est
501 1230 556 1272 et
586 1216 633 1287 f.
664 1236 723 1287 p.
758 1216 894 1267 coni.
930 1213 1203 1267 Waddelii
1247 1210 1519 1265 Animadv.
1567 1208 1694 1261 erit.

1741 1229 1795 1279 p.
1845 1210 1930 1271 27,
1980 1208 2140 1277 idque
2183 1208 2387 1277 recepit
2433 1210 2634 1263 Canin-

310 1291 317 1300 '
376 1290 579 1431 Jham„
614 1286 705 1338 sed
740 1285 845 1336 vid.
883 1285 1011 1337 Not.
1076 1284 1231 1355 facto
1266 1284 1340 1334 sit
1373 1282 1526 1334 Rom.
1562 1295 1626 1331 ex
1660 1292 1760 1331 set.
1803 1277 2015 1347 (Medic.
2051 1296 2138 1349 ap.
2184 1278 2405 1348 Poggin.
2457 1280 2629 1349 fides·

408 1370 564 1411 actos
594 1368 651 1409 ee
668 1357 728 1431 f·
766 1358 843 1409 W
844 1355 912 1421 r.)

381 1500 521 1575 bus,
564 1508 631 1557 ut
658 1518 691 1555 e
721 1498 926 1557 Servio
972 1492 1047 1555 ad
1071 1516 1130 1555 v.
1160 1498 1244 1561 82
1271 1504 1460 1573 patet:

384 1583 861 1667 quandoquidem
915 1584 1143 1641 minore
1185 1579 1300 1639 hoc
1353 1578 1464 1638 do-

382 1673 564 1731 ctrina
590 1668 815 1747 indiget
828 1714 846 1743 ,
891 1688 1071 1749 quam
1111 1667 1465 1745 argumentis

380 1755 605 1814 idoneis
633 1775 763 1813 eam
793 1753 1122 1813 defendere.
1207 1754 1329 1811 Nec
1355 1770 1464 1809 nos

382 1842 727 1915 infitiamur,
771 1841 815 1897 a'
849 1842 1059 1899 nostris
1098 1838 1357 1897 sensibus
1403 1846 1462 1894 et

378 1924 874 2007 phantasmatibus
974 1944 1105 1983 eam
1210 1922 1461 1981 nimimn

384 2022 671 2091 quantum
731 2008 1058 2070 abhorrere.
1141 2010 1263 2067 Nec
1320 2026 1460 2067 vero

379 2100 543 2156 Maro
573 2095 685 2155 hoc
712 2116 833 2155 non
862 2095 1201 2176 persensisse
1242 2103 1300 2152 et
1336 2095 1461 2172 ipse

380 2182 565 2243 videri
626 2182 817 2243 debet.
904 2185 1029 2239 Hoc
1096 2180 1257 2237 enim
1320 2188 1459 2251 erat,

381 2288 486 2327 cur
538 2286 693 2327 novo
752 2288 917 2326 more
962 2264 1185 2323 aditum
1228 2265 1337 2323 sibi
1385 2262 1461 2322 ad

378 2356 769 2413 narrationem
811 2354 1099 2425 muniret3
1163 2350 1462 2429 Apollonii

380 2441 581 2521 utique
624 2440 925 2517 exemplo,
984 2437 1085 2494 lib.
1144 2436 1243 2510 lv,
1295 2439 1453 2499 1381

360 2547 527 2607 ¹sqq„
557 2527 657 2582 ubi
684 2544 899 2582 navem
942 2543 1046 2602 per
1088 2518 1310 2580 deserta
1354 2522 1461 2579 Li-

376 2612 528 2691 byae
568 2606 825 2668 humeris
875 2611 1210 2688 Minyarum
1265 2617 1461 2686 gesta-

375 2707 501 2754 tam
528 2705 859 2753 narraturus
890 2704 1027 2752 erat.
1112 2695 1312 2767 Potuit
1352 2713 1461 2752 au·-

376 2793 501 2840 tem
526 2783 679 2839 inter
704 2791 927 2840 veteres
954 2778 1098 2838 haec
1125 2781 1321 2838 fabula
1342 2781 1461 2836 mi-

378 2887 489 2926 nus
546 2865 845 2947 displicere
872 2911 889 2942 ,
964 2885 1104 2925 cum
1153 2885 1224 2922 ea
1265 2875 1460 2922 vetere

376 2953 535 3012 fama
564 2964 799 3032 accepta
829 2963 1005 3026 esset3
1048 2962 1107 3010 et
1132 2953 1297 3008 Maro
1328 2967 1461 3006 eam

377 3050 638 3117 repetere
678 3041 897 3117 potuit,
941 3057 1079 3096 cum
1118 3047 1340 3096 veteres
1387 3032 1460 3092 de

375 3124 613 3180 Aeneae
644 3121 899 3179 adventu
920 3123 1139 3180 fabulas
1162 3140 1267 3201 pro
1288 3139 1461 3198 gem-

376 3208 489 3264 mis
518 3218 576 3265 et
602 3207 840 3264 stellulis
860 3209 1120 3266 intexere
1146 3207 1296 3266 telae
1322 3223 1460 3263 suae

376 3291 560 3350 semel
586 3294 941 3372 suscepisset.
1024 3295 1147 3351 Nec
1176 3291 1239 3350 id
1268 3292 1460 3350 facere

378 3387 679 3435 cunctatus
738 3388 823 3435 est
881 3377 1049 3437 Ovid.
1111 3379 1253 3436 Met.
1301 3377 1460 3434 xlv.

376 3463 691 3520 Instructus
739 3481 974 3544 quoque
1029 3473 1113 3521 est
1155 3461 1342 3520 aditus
1385 3460 1463 3520 ad

376 3547 637 3605 fabulam
680 3543 837 3605 haud
877 3549 1064 3606 male:
1132 3548 1261 3618 Quo
1306 3558 1463 3606 tem-

377 3651 519 3712 pore
548 3634 774 3691 Aeneas
802 3634 998 3711 pineta
1022 3633 1275 3712 Cybelae
1302 3652 1459 3692 sacra

378 3719 443 3774 in
469 3715 575 3775 Ida
604 3715 881 3776 caedebat
910 3711 985 3776 ad
1015 3719 1255 3777 classem
1299 3719 1462 3777 aedi-

376 3801 669 3860 ficandam
686 3849 701 3878 ,
752 3805 879 3861 Iovi
910 3824 977 3862 ea
1022 3804 1460 3884 supplicaverat,

376 3908 455 3946 ne
506 3908 685 3947 naves
739 3898 1077 3968 tempestate
1120 3909 1462 3966 mergeren-

376 3984 502 4049 tur,
560 3982 648 4048 et,
704 3993 841 4032 cum
892 3976 1109 4053 Iupiter
1150 3975 1459 4048 annuisset,

378 4079 473 4116 eas
500 4078 624 4117 non
654 4079 774 4116 esse
802 4061 1109 4138 perituras,
1140 4059 1241 4118 sed
1271 4069 1459 4117 aeter-

375 4165 521 4202 num
552 4143 849 4202 duraturas
874 4190 890 4220 ,
949 4145 1163 4202 scilicet
1202 4146 1313 4217 ita,
1374 4155 1457 4218 ut,

379 4230 612 4311 quando
640 4231 905 4288 Aeneam
932 4231 994 4286 in
1022 4231 1257 4286 Latium
1287 4228 1457 4287 detu-

376 4317 604 4392 lissent,
659 4318 721 4374 in
768 4315 903 4375 deas
956 4317 1207 4372 marinas
1259 4325 1457 4372 muta-

376 4413 606 4462 rentur:
652 4403 870 4484 Cybele
912 4403 1071 4459 nunc
1112 4411 1317 4460 monet
1358 4403 1457 4460 lo-

1547 1512 1712 1567 vem,
1769 1502 1999 1571 tempus
2041 1491 2310 1571 promissi
2363 1491 2632 1552 servandi

1549 1577 1767 1638 adesse.
1851 1578 1931 1637 Ut
1974 1588 2172 1636 autem
2213 1580 2278 1636 in
2316 1580 2497 1637 talem
2537 1579 2632 1639 fa-

1547 1665 1748 1722 bulam
1773 1661 2056 1722 incideret
2094 1674 2344 1723 vetustas
2357 1711 2375 1739 ‚
2415 1668 2498 1725 ita
2537 1666 2632 1723 fa-

1548 1760 1710 1809 ctum
1739 1750 2015 1824 arbitror,
2073 1752 2262 1829 primo
2309 1750 2471 1832 quod
2511 1753 2630 1808 im—

1547 1834 1798 1893 mortale
1823 1877 1850 1906 ,
1923 1828 2242 1897 οἷθᾶνατον
2268 1881 2285 1913 ,
2357 1836 2632 1897 dixerunt

1547 1918 1827 2001 quicquid
1883 1919 1986 1978 diu
2061 1919 2232 1980 durat
2303 1931 2364 1981 et
2428 1934 2630 1984 manet

1543 2004 1706 2065 haud
1747 2008 2008 2063 attritum
2021 2050 2038 2083 ,
2097 2018 2164 2065 ut
2204 2007 2360 2088 apud
2405 2010 2630 2070 Pinda-

1543 2112 1680 2150 rum
1726 2103 1959 2152 antrum
1999 2112 2244 2152 saxeum
2289 2085 2626 2173 ἀθάνατον,

1546 2175 1702 2257 apud
1730 2180 2056 2236 Homerum
2099 2172 2422 2259 ἀθανάτην
2469 2182 2630 2263 αἰγί-

1548 2262 1626 2325 δα
1646 2303 1667 2337 ,
1710 2273 1952 2342 potuere
2002 2266 2200 2345 itaque
2255 2268 2432 2325 etiam
2484 2270 2630 2349 νῆες

1549 2342 1856 2411 ἆθᾶνατοι
1887 2346 1990 2410 καὶ
2019 2344 2281 2431 ἆγήραοι
2308 2348 2451 2426 dici3
2499 2366 2628 2413 tum

1546 2432 1708 2516 quod
1749 2435 2010 2515 Dryades
2057 2436 2358 2517 Nymphas
2399 2440 2630 2500 arbores

1543 2520 1794 2580 insidere
1822 2533 1880 2580 et
1907 2542 2044 2581 cnm
2071 2524 2140 2581 iis
2169 2527 2363 2583 vivere
2385 2547 2454 2584 ac
2481 2524 2630 2585 defi-

1546 2626 1677 2665 cere
1697 2607 2066 2668 crediderunt
2085 2607 2372 2670 homines.
2414 2614 2629 2671 Prom—

1544 2703 1673 2752 tum
1701 2696 1780 2752 sic
1809 2695 1945 2770 fuit,
1987 2695 2216 2754 arbores
2247 2700 2450 2757 recisas
2481 2710 2537 2758 et
2564 2701 2630 2758 in

1544 2799 1720 2838 naves
1748 2799 1936 2839 versas
1975 2783 2186 2839 iterum
2216 2782 2291 2840 ad
2318 2787 2630 2861 pristinum

1543 2885 1764 2923 munen
1795 2886 2046 2924 reversas
2069 2869 2446 2925 comminisci.
2489 2869 2626 2928 Alio

1541 2949 1722 3008 modo
1751 2951 1992 3010 navibus
2035 2952 2098 3008 in
2139 2953 2406 3030 scopulos
2447 2955 2626 3014 versis

1543 3037 1832 3094 Homerus
1886 3038 2316 3114 navigationem
2392 3035 2628 3098 Phaea-

1544 3140 1682 3177 cum
1733 3121 1795 3176 in
1849 3123 2198 3180 miraculum
2264 3135 2627 3186 converterat

1545 3203 1656 3264 Od.
1685 3210 1753 3279 θ,
1785 3203 2169 3271 557—564.

1629 3294 1733 3355 79.
1763 3289 1980 3350 Prisca
1989 3291 2156 3366 fides
2165 3291 2348 3370 sacto
2365 3335 2388 3363 ,
2429 3293 2616 3374 aeds

1543 3395 1664 3434 non
1695 3377 1930 3456 capiunt
1960 3378 2127 3437 Serv.
2164 3389 2222 3436 et
2262 3380 2377 3437 alii.
2445 3381 2624 3439 fimes

1547 3472 1633 3522 est
1661 3463 1814 3536 eius,
1858 3465 1962 3543 qui
2006 3462 2225 3544 aliquid
2267 3463 2472 3542 tradit,
2531 3468 2625 3527 vel

1545 3547 1676 3622 rei,
1723 3567 1873 3629 quae
1933 3561 2200 3608 narratur
2225 3595 2241 3625 ,
2288 3571 2438 3634 quae
2489 3554 2624 3611 alias

1544 3635 1872 3691 auctoritas
1897 3657 1917 3691 .-
1991 3635 2254 3718 adeoque
2321 3658 2428 3716 pro
2501 3640 2626 3717 ipsa

1545 3720 1890 3776 narratione
1919 3723 2174 3800 ponitur.
2249 3724 2434 3801 Igitur
2447 3723 2624 3802 facto

1543 3801 1606 3862 h.
1637 3805 1774 3862 facti
1805 3806 2014 3883 prisca
2061 3817 2149 3864 est
2170 3807 2336 3881 fides
2355 3849 2378 3880 ,
2419 3829 2624 3867 narra-

1543 3892 1646 3948 tio·
1717 3893 1866 3949 Rem
1891 3903 2086 3951 narrat
2111 3892 2384 3952 traditam
2411 3895 2484 3952 ab
2515 3915 2624 3952 an-

1543 3977 1718 4056 tiquis
1759 3973 2122 4038 hominibus:
2181 3977 2284 4038 sed
2327 3991 2624 4040 constante

1543 4061 1702 4119 fama
1742 4062 1817 4120 ad
1860 4065 2098 4122 seriores
2139 4076 2353 4124 aetates
2409 4086 2624 4146 propa-

1543 4157 1758 4223 gatam-

1630 4235 1732 4295 80.
1770 4235 1859 4292 De
1888 4233 2286 4293 aedificatione
2319 4237 2508 4294 classis
2547 4237 2626 4296 of.

1542 4338 1670 4396 sup.
1695 4321 1797 4394 111,
1829 4319 1888 4384 5.
1920 4324 1981 4384 6.
2068 4321 2187 4378 Ida
2231 4332 2426 4380 autem
2453 4341 2626 4380 mons

1546 4413 1603 4460 et
1631 4405 1753 4483 ipse
1782 4423 1943 4465 sacer
1971 4424 2220 4487 magnae
2234 4410 2408 4468 Matri
2429 4406 2624 4481 deum,
