3009 5050
512 424 661 497 382

994 414 1074 488 P.
1128 409 1666 496 VIRGILII
1713 404 2271 484 MARONIS

504 608 687 702 Ipse
722 613 847 674 ter
870 596 1207 674 adducta
1242 598 1541 672 circum
1577 606 1810 693 caput
1839 594 1996 690 egit
2025 592 2360 690 habena,

506 710 608 780 Et
636 701 899 801 media
951 700 1256 777 adversi
1282 696 1713 801 liquefacto
1745 710 2110 799 tempora
2141 696 2482 798 plumbo

504 804 850 901 Diffidit,
910 830 995 879 ac
1025 802 1275 879 m'ulta
1308 815 1771 903 porrectum
1809 800 2157 875 extendit
2189 826 2445 879 arena.

511 914 724 985 Tum
758 909 1107 1011 primum
1138 904 1361 983 bello
1396 906 1740 982 celerem
1771 904 2202 981 intendisse
2234 907 2588 1002 sagittam
2603 914 2760 983 590

504 1121 672 1183 ustis,
730 1115 1081 1186 superscripta
1135 1116 1205 1178 h,
1251 1115 1505 1181 originem
1553 1112 1728 1165 mendi
1776 1112 1988 1164 indicat.
2071 1112 2410 1165 Memmiae
2454 1113 2648 1165 Medic.
2698 1123 2756 1165 et

503 1190 675 1252 Rom„
711 1186 816 1239 vid.
852 1187 920 1239 V.
952 1186 1013 1236 L.
1050 1185 1120 1237 ad
1153 1186 1216 1248 11,
1250 1186 1370 1241 763.
1412 1183 1560 1246 Wr.)
1631 1184 1838 1235 Novum
1889 1193 2062 1235 autem
2100 1193 2154 1233 et
2187 1183 2252 1235 ub
2293 1182 2568 1247 Homerico
2604 1200 2754 1235 more

504 1258 762 1321 alienum,
814 1256 954 1325 quod
996 1254 1313 1305 Mezentium
1346 1251 1664 1305 funditorem
1701 1252 1898 1316 prodit.

1973 1280 1978 1285 ·
2037 1250 2139 1306 589
2171 1255 2395 1303 Βίεείσὶε
2443 1270 2526 1321 pr.
2561 1253 2750 1305 Hamb·

502 1345 603 1397 pro
643 1327 747 1377 div.
782 1322 907 1377 lect.
978 1324 1175 1377 dividit
1210 1324 1345 1375 Ven.
1416 1321 1639 1391 diffudit
1695 1329 1804 1373 tres
1839 1324 2008 1373 Burin.
2075 1324 2375 1391 proiectum
2411 1340 2493 1390 pr.
2531 1321 2752 1375 Mentel.

504 1415 619 1449 cum
652 1396 821 1459 Leid„
856 1404 1109 1461 perpetua
1145 1394 1431 1455 varietate,
1467 1409 1619 1459 quam
1654 1390 1806 1443 multi
1843 1400 2122 1451 notarunt3
2174 1403 2226 1444 et
2273 1408 2441 1462 nuper
2469 1394 2750 1447 Burmann.

503 1468 572 1519 ad
606 1464 820 1517 Anthol.
854 1482 977 1533 pag.
1013 1464 1129 1517 109.
1202 1462 1441 1515 ostendit
1473 1478 1553 1530 pr.
1591 1458 1776 1513 Hamb.
1813 1471 1868 1511 et
1901 1462 2034 1513 alter
2065 1462 2276 1529 Meneg.
2377 1462 2482 1515 590
2517 1462 2745 1515 celerem

448 1582 463 1595 ,
503 1534 645 1587 bello
680 1534 837 1587 Goth.
872 1550 975 1585 sec.

500 1696 719 1773 Eryces
747 1692 954 1749 fluvius
984 1698 1135 1762 erat,
1162 1708 1321 1746 nunc
1364 1690 1580 1747 fixum

500 1780 569 1835 di
602 1778 673 1835 S.
708 1776 962 1846 Paullo,
989 1785 1058 1832 ut
1087 1775 1313 1831 Iar-etta
1330 1775 1581 1854 Symae-

501 1861 635 1921 thus
666 1874 779 1921 est:
843 1860 1002 1942 quod
1030 1862 1177 1918 bene
1213 1859 1410 1919 docuit
1439 1862 1582 1919 elu-

500 1950 711 2009 verius.
784 1946 953 2018 Quod
982 1966 1168 2005 unum
1194 1945 1433 2005 tandem
1460 1950 1582 2005 Pa-

497 2037 681 2093 licum
707 2043 994 2091 memorat
1030 2043 1202 2111 poeta
1220 2076 1235 2105 ‚
1287 2031 1363 2089 ed
1388 2034 1582 2112 poeti-

498 2140 631 2179 cam
671 2122 957 2177 rationem
999 2114 1371 2175 referendum
1388 2164 1403 2192 ‚
1462 2138 1580 2200 qua

497 2208 659 2263 licuit
688 2226 763 2262 ex
793 2200 1014 2262 duobus
1046 2224 1231 2260 unum
1243 2208 1580 2281 nominare3

498 2289 645 2369 (vid.
689 2292 759 2349 V.
788 2294 859 2349 L.
891 2288 965 2349 ad
994 2287 1055 2347 h.
1084 2290 1123 2347 l.
1141 2334 1156 2363 ‚
1206 2293 1381 2347 etiam
1406 2292 1479 2351 V.
1509 2294 1580 2349 L.

498 2376 576 2435 ed
600 2378 726 2450 vll,
757 2375 903 2441 764.
931 2378 1013 2433 ibi
1038 2372 1198 2435 laud.
1236 2374 1413 2456 W.)
1470 2379 1584 2435 nisi

494 2464 645 2521 forte
700 2465 819 2520 iam
874 2463 1127 2519 Maronis
1186 2472 1370 2519 aetate
1426 2483 1578 2521 unus

495 2561 723 2608 tantum
762 2551 922 2608 lacus
957 2549 1101 2622 fuit3
1146 2547 1441 2628 quomodo
1488 2561 1579 2608 et-

492 2638 757 2692 iamnum
818 2655 969 2692 unus
1026 2645 1256 2692 tantum
1312 2634 1576 2711 habetur,

450 2734 455 2741 ‘
496 2721 681 2780 dictus
726 2721 959 2778 Donna
1016 2721 1187 2777 Tetia
1224 2741 1271 2780 s.
1326 2718 1574 2800 ch‘zfiia,

492 2809 548 2864 11
563 2810 645 2865 Μ.
677 2809 750 2866 ab
780 2807 923 2864 urbe
938 2807 1252 2885 Pelagonia
1282 2819 1340 2865 et
1364 2811 1392 2864 1
1410 2809 1577 2866 leuca

492 2913 527 2951 a
554 2895 753 2951 Minoo
782 2895 845 2949 in
871 2894 1021 2952 valle
1044 2895 1339 2951 montibus
1359 2895 1576 2951 Vulca-

490 2981 601 3037 niis
650 2981 874 3038 inclusa
894 3023 911 3053 ,
962 2997 1111 3059 quae
1158 2989 1215 3036 et
1240 2981 1361 3056 ipsa
1391 2990 1576 3036 crater

490 3066 736 3122 Vulcani
792 3066 966 3124 fuisse
1022 3064 1291 3122 creditur.
1388 3065 1574 3122 Durat

489 3149 681 3208 adhuc
740 3153 939 3222 similis
996 3151 1319 3228 superstitio
1336 3193 1351 3222 ‚
1410 3149 1572 3230 quod

487 3236 721 3295 fatidica
748 3239 961 3293 mulier
986 3236 1105 3292 illic
1142 3233 1341 3292 sedem
1372 3233 1567 3294 habet.

486 3323 855 3379 Mirationem
898 3321 1037 3378 facit
1074 3339 1225 3400 equa
1266 3323 1328 3377 in
1370 3321 1568 3380 medio

486 3418 705 3465 cratere
734 3407 1013 3466 ebulliens
1031 3450 1045 3479 ,
1090 3407 1327 3464 sulfurei
1356 3407 1568 3467 odoris.

487 3493 778 3570 (—-587.
810 3493 949 3568 Ipse
980 3489 1123 3571 quid
1142 3493 1441 3571 significet,
1474 3493 1569 3552 di-

484 3589 647 3637 ctum
690 3578 761 3647 9.
807 3578 877 3634 V.
918 3577 1145 3652 XVIII,
1192 3585 1251 3652 2,
1279 3580 1321 3638 l.
1387 3579 1566 3656 Wr.)

486 3663 631 3727 588.
692 3661 1019 3742 liquefacto
1050 3662 1307 3740 plumbo
1325 3688 1343 3721 :
1404 3667 1568 3746 quusi

480 3747 791 3826 plumbum
818 3748 1001 3806 funda
1030 3751 1305 3808 emissum
1329 3753 1393 3807 in
1434 3771 1567 3810 aere

479 3831 862 3912 liquefactum
906 3837 1006 3908 sitg
1054 3835 1214 3915 quod
1262 3847 1567 3921 portento-3

478 3937 613 3976 sum
658 3931 834 3994 esset3
876 3931 942 3978 ut
982 3921 1129 3978 forte
1160 3919 1354 3980 dicere
1376 3923 1566 3998 malis,

478 4001 766 4062 inflictum
808 4017 864 4063 et
904 4007 1121 4064 illisum
1162 4005 1316 4066 <luris
1347 4010 1566 4067 ossibus

475 4089 789 4170 plumbum
836 4111 913 4150 ex
960 4091 1229 4151 rotundo·
1261 4092 1564 4154 dilatatum

476 4192 619 4236 esse.
660 4179 802 4236 Erat
828 4185 1025 4236 autem
1052 4177 1359 4257 plumbum
1380 4180 1563 4240 funda

479 4265 666 4320 emitti
704 4263 957 4324 solitum·
984 4261 1106 4322 fere
1138 4266 1324 4326 oliv-ae
1354 4265 1560 4327 siinile.

475 4351 795 4410 Enimvero
821 4370 945 4408 non
974 4349 1263 4412 debebam
1291 4355 1561 4430 argutari.

435 4458 450 4472 ·
474 4433 811 4498 Videndum
856 4448 976 4497 erat
993 4482 1009 4513 ,
1070 4437 1212 4520 quid
1253 4443 1562 4521 antiquitas

1662 1688 1969 1748 crediderit
1985 1734 2001 1763 ,
2079 1687 2220 1769 quid
2267 1700 2442 1768 poeta
2501 1688 2742 1747 dixerit:

1663 1778 1765 1857 qui
1793 1774 1951 1833 haud
1981 1773 2155 1832 dubie
2195 1786 2470 1856 sequutus
2501 1786 2586 1833 est
2612 1776 2750 1834 vul-

1661 1882 1798 1940 gare
1813 1860 2093 1943 loquendi
2116 1881 2299 1939 genus
2331 1880 2405 1919 ex
2420 1862 2582 1940 vulgi
2607 1880 2746 1941 per-

1661 1950 1960 2011 suasione:
1995 1948 2170 2005 celeri
2195 1967 2261 2005 ac
2277 1947 2561 2006 fulmineo
2575 1958 2746 2006 motu

1660 2034 1971 2113 plumbum
2001 2036 2276 2091 emissum
2301 2036 2366 2091 in
2408 2053 2540 2091 aere
2577 2036 2744 2091 inca—

1663 2120 1875 2177 lescere
1917 2130 1974 2177 et
2012 2120 2314 2201 liquefieri.
2371 2123 2604 2178 Lucret.
2645 2114 2741 2194 VI,

1669 2209 1788 2269 176
1819 2216 1889 2262 ut
1941 2207 2146 2263 omnia
2188 2214 2354 2263 motu.
2382 2205 2743 2284 Per-calefa-

1665 2300 1763 2347 cta
1815 2291 1980 2349 vides
2037 2290 2344 2349 ardescere
2354 2315 2381 2365 ;
2445 2290 2742 2370 plumbea

1663 2396 1802 2434 vero
1866 2376 2065 2435 Glarae
2107 2379 2288 2435 etiam
2333 2399 2516 2435 cur-m
2561 2377 2740 2456 longo

1666 2461 1965 2519 volvenda
2011 2462 2304 2544 liquescit.
2383 2463 2547 2542 (vid.
2595 2484 2737 2545 quos

1659 2549 1859 2608 laudat
1899 2550 2056 2608 Cort.
2099 2549 2174 2608 ad
2213 2553 2437 2609 Lucan.
2462 2553 2565 2626 111,
2595 2553 2736 2614 711.

1660 2637 1761 2694 Vir
1790 2634 1994 2694 doctus
2023 2637 2084 2694 in
2115 2635 2390 2696 Seebodii
2415 2639 2564 2697 Nov.
2587 2636 2737 2694 Bibl.

1661 2724 1785 2780 crit.
1817 2723 1893 2780 T.
1923 2723 1994 2780 V.
2023 2723 2151 2781 vol.
2181 2725 2228 2781 1.
2258 2745 2319 2802 p.
2355 2727 2494 2788 179.
2538 2725 2738 2803 plum-

1660 2807 1803 2865 bum
1829 2808 2206 2888 liquefactum
2232 2807 2378 2866 nihil
2420 2807 2578 2866 eliud
2617 2829 2738 2866 esse

1659 2894 1815 2967 vult,
1848 2913 2026 2973 quam
2052 2893 2329 2973 glandem
2372 2897 2737 2976 plumbeam,

1656 2980 1696 3037 i.
1729 2999 1781 3037 e.
1810 2979 2026 3037 factam
2055 2999 2088 3038 e
2116 2983 2358 3061 plumbo
2403 2983 2734 3063 liquefacto.

1655 3097 1744 3107 -
1759 3063 1880 3125 Sed
1901 3068 1948 3123 si
1967 3065 2236 3133 adversus
2256 3069 2354 3125 ille
2380 3071 2552 3142 stetit,
2583 3087 2736 3148 quo-

1653 3148 1832 3208 modo
1875 3153 2032 3210 feriri
2070 3165 2387 3232 potuerunt
2427 3149 2736 3233 tempora?

1651 3239 1880 3317 Nempe
1939 3239 2196 3298 media
2251 3251 2517 3319 tempora
2575 3239 2736 3297 idem

1653 3343 1773 3380 esse
1802 3333 1977 3401 pute,
2039 3324 2200 3406 quod
2238 3327 2524 3400 frontem,
2583 3345 2736 3407 quae

1647 3407 1842 3466 media
1872 3421 1956 3469 est
1981 3413 2132 3469 inter
2155 3421 2470 3493 utrumque
2483 3422 2733 3492 tempus.

1649 3496 2008 3574 Explicatius
2053 3499 2203 3556 infra
2247 3521 2330 3558 vs·
2373 3505 2412 3563 7
2415 3499 2556 3564 50.:
2617 3501 2735 3572 „Et

1647 3581 1907 3639 mediam
1947 3584 2100 3642 ferro
2140 3587 2376 3662 gemine
2401 3587 2553 3641 iuter
2578 3594 2738 3641 tem-

1651 3687 1794 3746 pora
1821 3667 2078 3727 frontem
2103 3669 2390 3729 Dividitf‘
2421 3668 2599 3746 Wr.)
2659 3673 2735 3730 ln

1652 3753 1776 3818 589
1817 3765 1992 3834 poeta
2035 3773 2156 3814 non
2185 3759 2318 3814 satis
2347 3754 2624 3830 attendit,
2670 3775 2734 3813 se

1648 3840 1714 3897 in
1757 3845 2190 3919 oppugnatione
2245 3861 2556 3900 murorum
2597 3863 2734 3899 ven-

1649 3925 1778 3981 suri.
1823 3929 1975 3984 Nem
1999 3947 2253 3985 arenam
2292 3932 2396 3986 vix
2417 3930 2584 3993 bene,
2613 3929 2734 3986 sal-

1647 4019 1768 4066 tem
1812 4031 2021 4090 parum
2064 4016 2327 4093 proprie,
2379 4014 2454 4073 de
2491 4011 2733 4073 homine
2811 4003 2824 4021 ⁸

1645 4096 1709 4152 in
1725 4093 1917 4156 ’usuris
1947 4108 2048 4155 aut
2074 4101 2226 4156 vallo
2255 4109 2441 4158 simite
2459 4145 2476 4174 ‚
2515 4102 2729 4180 posuit.

1647 4182 1792 4258 (vid.
1825 4185 1892 4254 Q.
1922 4185 1993 4240 V.
2023 4185 2280 4260 XXXX,
2309 4191 2372 4249 2.
2423 4181 2600 4264 Wr.)

1732 4268 1898 4353 590.υ
1919 4271 2104 4326 Multa
2131 4269 2254 4330 h.1.
2270 4273 2594 4332 moliuntur
2619 4275 2730 4330 viri

1644 4351 1802 4412 docti
1816 4398 1832 4429 ,
1905 4365 1973 4412 ut
2025 4353 2429 4416 difficultatem
2486 4357 2728 4432 diluant,

1646 4439 1805 4521 quod
1848 4437 1946 4500 hic
1985 4442 2106 4499 iam
2149 4461 2308 4502 arma
2339 4454 2576 4519 tractet,
2626 4445 2730 4526 qui

1953 4724 1976 4758 P
