3009 5050
650 441 1257 520 AENEmos
1309 443 1524 522 ΜΒ.
1573 445 1667 534 x,
1719 399 1987 522 1‹;“»7--x
2015 451 2159 522 178

2371 453 2526 524 459

280 626 547 706 Insula
570 689 591 727 ,
654 628 1127 708 inexhaustis
1158 627 1604 726 Chalybum
1640 637 2026 728 'generosa
2061 630 2418 712 metallis,

285 733 605 810 Tertius
628 789 653 830 ‚
744 732 881 810 ille
929 732 1355 810 hominum
1386 731 1851 834 divomque
1913 733 2304 835 interpres
2353 735 2530 812 Asi-

1441 835 1576 930 laS,
2377 849 2526 918 175

288 938 439 1016 Cui
470 937 877 1038 pecudum
908 936 1196 1036 fibrae,
1230 937 1451 1016 -coeli
1481 939 1608 1016 cui
1639 936 1895 1016 sidera
1922 952 2226 1038 parent,

282 1045 388 1118 Et
420 1041 732 1140 linguae
774 1041 1232 1138 volucrum,
1288 1055 1370 1120 et
1400 1041 1751 1143 praesagi
1787 1037 2138 1116 fulminis
2182 1044 2423 1142 ignes,

284 1145 503 1223 Mille
526 1147 732 1247 rapit
760 1145 1053 1223 densos
1080 1148 1243 1224 acie
1278 1159 1515 1247 atque
1542 1143 2058 1221 horrentibus
2085 1143 2347 1225 hastis,

397 1292 565 1363 175.
616 1289 919 1360 Asnas

396 1487 501 1545 174
524 1491 796 1544 inexusti-s
808 1489 1051 1544 Parrhas-
1098 1505 1222 1544 mox
1248 1490 1465 1542 haustis
1478 1487 1642 1542 Goth.
1659 1507 1764 1543 sec.
1838 1488 1938 1544 175
1950 1490 2164 1543 Αεὶἱὶαε
2179 1492 2308 1558 Reg.
2341 1489 2532 1542 Asilas

288 1557 459 1613 multi.
480 1561 561 1626 (ct
584 1559 661 1612 ita
689 1559 865 1621 edidi;
899 1559 1004 1614 vid.
1032 1559 1103 1614 V.
1126 1561 1189 1611 1..
1216 1559 1285 1612 ad
1312 1561 1409 1622 IX,
1437 1557 1560 1616 571.
1583 1559 1728 1627 Wr.)
1799 1560 1901 1614 176
1928 1560 2136 1612 coelum
2159 1559 2297 1612 alter
2327 1559 2531 1623 Hamb„

289 1628 431 1681 unde
466 1630 643 1682 num.
684 1647 751 1684 an
794 1630 888 1682 cui
934 1629 1141 1682 coelum
1181 1641 1237 1681 σι
1276 1645 1320 1681 e.
1388 1630 1454 1680 Bt
1499 1628 1626 1697 quid
1667 1646 1862 1696 quaeso
1897 1629 2060 1682 inde?
2123 1629 2288 1682 Addit
2324 1645 2534 1698 quoque

290 1697 457 1750 idem:
505 1698 603 1752 sed
642 1699 865 1751 alterum
908 1696 1147 1750 usitatius
1186 1697 1409 1750 Maroni.
1491 1700 1584 1750 cui
1624 1697 1762 1750 coeli
1797 1698 1957 1750 Goth.
1997 1708 2120 1750 tert.
2241 1700 2340 1753 178
2373 1699 2530 1750 horr.

294 1765 497 1820 umbris
535 1767 677 1820 alter
716 1765 901 1820 Hamb.
936 1785 969 1820 a
1011 1785 1080 1820 ιιι.
1119 1786 1220 1837 pr„
1255 1777 1311 1820 et
1354 1786 1387 1820 a
1420 1785 1489 1818 m.
1520 1784 1630 1820 sec.
1667 1769 1861 1820 araxis:
1909 1768 2014 1820 hoc
2039 1765 2187 1820 multi
2211 1767 2302 1819 alii
2332 1767 2534 1820 habent

292 1837 437 1904 apud
466 1839 639 1890 Burm-
671 1855 787 1890 cum
814 1837 980 1891 Goth.
1004 1845 1131 1890 tert.
1194 1839 1409 1905 (accim
1446 1837 1670 1902 Medic„
1705 1837 1802 1888 scd
1829 1837 2101 1907 expunctis
2132 1855 2166 1890 0
2195 1845 2252 1888 et
2287 1855 2340 1889 a.
2387 1839 2532 1902 Wr.)

292 1996 483 2076 Supra
509 1998 636 2073 vn,
664 2002 707 2061 7
708 2001 791 2062 62
832 1994 1081 2056 dubitari
1126 2007 1371 2078 poterat,

292 2101 371 2140 an
410 2082 633 2141 Aricia
674 2092 867 2140 mater
905 2103 975 2142 eo
1016 2103 1189 2142 sensu
1219 2081 1374 2142 dicta

294 2179 458 2228 esset.
532 2167 703 2234 .174.
755 2189 1047 2248 genem-sa
1110 2167 1372 2226 metallis

291 2273 399 2333 pro
424 2252 704 2327 fecunda,
734 2256 1029 2333 eleganter
1045 2297 1062 2328 ‚
1102 2253 1207 2314 sed
1234 2274 1373 2312 cum

294 2337 517 2396 adiecta
554 2341 795 2397 notione
843 2340 1121 2418 praeclari
1161 2341 1375 2398 metal-

294 2424 488 2481 lorum
514 2425 741 2502 generis
756 2467 773 2498 ,
802 2443 1055 2505 quorum
1078 2443 1255 2483 venas
1280 2427 1381 2482 in·

298 2505 607 2567 exhaustas
636 2506 833 2568 habet.

384 2594 525 2658 175.
548 2598 691 2658 176.
714 2597 859 2657 177.
899 2592 1059 2651 Vatis
1087 2593 1381 2651 luculenta

299 2676 627 2757 descriptio.
710 2680 869 2735 Eum
896 2677 1143 2735 deorum
1166 2678 1261 2735 vel
1277 2676 1383 2734 Io-

299 2764 394 2821 vis
412 2764 787 2841 interpretem
814 2761 946 2839 dici,
978 2762 1238 2823 sollenne
1263 2772 1379 2837 est3

300 2860 361 2907 at
398 2847 463 2907 h.
493 2850 535 2907 l.
576 2848 891 2907 hominum
932 2848 1259 2926 divumque
1294 2858 1381 2906 est

298 2934 589 3013 interpres
606 2957 625 2992 .·
684 2936 903 3014 accipio
916 2976 937 3011 ,
988 2944 1056 2993 ut
1102 2936 1175 2992 sit
1231 2934 1383 2993 inter

301 3019 441 3079 deos
466 3018 880 3102 hominesque,
920 3031 1225 3100 tamquam
1250 3039 1385 3077 me·-

302 3105 431 3166 dius
460 3118 519 3165 et
560 3108 788 3165 arbiter.
876 3106 1190 3183 (Praestat,
1250 3107 1384 3185 opi-

300 3212 441 3267 nor,
517 3192 834 3272 simplicior
874 3193 1212 3271 explicatio:
1281 3190 1383 3273 qui

300 3274 636 3339 hominibus
664 3280 889 3337 monita
919 3277 1166 3337 deorum
1197 3278 1384 3335 inter-

302 3374 579 3445 pretatur.
643 3364 837 3441 W.)
938 3364 1171 3422 Parent
1209 3364 1267 3420 ei
1308 3362 1383 3419 fi-

304 3451 443 3509 brae
500 3447 797 3529 pecudum
852 3459 913 3507 et
958 3458 1103 3524 cet.‚
1172 3458 1383 3529 quate-

302 3555 425 3608 nus,
470 3554 567 3595 eas
630 3554 739 3615 pro
792 3535 983 3593 lubitu
1038 3536 1383 3613 interpreta-

304 3631 433 3695 tur,
474 3622 539 3679 in
582 3621 803 3680 bonam
843 3621 939 3680 vel
984 3622 1049 3679 in
1094 3622 1383 3679 sinistram

303 3716 551 3785 partem.
650 3706 751 3768 Sic
822 3705 979 3787 apud
1028 3716 1229 3785 poetas
1284 3724 1385 3761 re-

302 3810 449 3871 gere
512 3800 568 3849 et
620 3792 921 3849 moderari
975 3790 1227 3851 dicimur
1292 3810 1382 3866 ea,

307 3896 563 3959 quorum
607 3880 908 3937 scientiam
946 3875 1229 3937 habemus
1244 3920 1261 3951 ‚
1318 3886 1388 3935 ut

304 3963 495 4022 sidera
549 3961 631 4036 is,
682 3964 819 4044 ,qui
878 3982 1085 4023 eorum
1146 3962 1389 4021 nomina

308 4060 368 4108 et
394 4066 633 4107 ctu-sum
656 4058 835 4108 tenet.
916 4051 1003 4108 lta
1013 4049 1247 4127 fiam-a
1264 4066 1391 4125 pa-

307 4153 437 4193 rere
464 4132 735 4193 dicuntur
760 4136 829 4193 iis
843 4176 871 4205 ,
919 4136 1021 4217 qui
1049 4154 1119 4193 ea
1156 4131 1391 4213 praedi·-

308 4230 484 4293 cunt,
530 4221 697 4299 quasi
735 4220 861 4279 vim
894 4222 961 4279 in
1002 4240 1073 4279 ea
1098 4217 1387 4279 habeautz

307 4303 491 4364 iidem
511 4304 745 4383 sutum
770 4306 1069 4364 mdemri
1080 4348 1107 4377 ‚
1161 4322 1382 4384 regere.

307 4392 398 4449 Eo
445 4392 607 4449 enim
646 4391 889 4451 omnino
928 4392 1168 4451 inclinat
1192 4390 1392 4451 homi-

308 4495 457 4535 num
503 4476 703 4559 opinio
716 4520 737 4552 ,
780 4485 875 4554 ut,
920 4477 1025 4559 qni
1048 4474 1391 4557 praedicunt

1453 1995 1648 2055 futura
1683 2039 1700 2070 ,
1773 2013 1870 2055 eos
1945 1996 2120 2052 etiam
2190 1992 2534 2052 constituere

1452 2102 1620 2161 posse
1669 2082 1864 2140 futura
1907 2091 2133 2160 putent.
2217 2078 2388 2137 Unde
2441 2079 2535 2136 vi-

1457 2166 1661 2226 demus
1727 2167 2018 2244 obiurgari
2058 2175 2116 2226 et
2159 2164 2293 2224 odio
2335 2163 2538 2222 haberi

1453 2264 1614 2312 vates
1647 2296 1668 2328 ,
1727 2254 1828 2334 qui
1894 2254 2120 2310 sinistra
2175 2249 2536 2330 praedicunt,

1454 2347 1758 2420 tamquam
1783 2339 1934 2417 ipsos
1951 2337 2239 2395 malorum
2255 2347 2534 2395 auctores.

1460 2421 1735 2481 Tandem
1778 2442 1873 2481 eas
1902 2441 2012 2496 res,
2061 2423 2266 2502 quibus
2297 2431 2537 2480 utuntur

1460 2518 1620 2567 vates
1679 2506 1756 2566 ad
1796 2505 2177 2567 divinandum
2193 2552 2209 2582 ,
2277 2518 2345 2566 ut
2384 2526 2538 2581 aves,

1464 2603 1600 2652 exta
1613 2637 1630 2668 ,
1657 2590 1844 2651 sidera
1858 2635 1876 2665 ,
1917 2595 2040 2651 vim
2070 2604 2128 2650 et
2160 2594 2310 2672 ipsas
2340 2592 2539 2651 occul-

1462 2687 1587 2735 tam
1627 2678 1822 2737 nescio
1879 2696 2058 2757 quam
2105 2674 2318 2735 habere
2335 2722 2351 2750 ,
2425 2696 2541 2758 qua

1462 2761 1582 2820 fata
1609 2762 1976 2820 inflectantur
2001 2782 2067 2820 ac
2094 2772 2410 2836 mutentur,
2433 2762 2541 2818 sibi

1460 2849 1738 2928 persuasit
1771 2849 2118 2927 ,superstitim
2218 2848 2334 2905 Ubi
2385 2847 2542 2903 enim

1462 2935 1642 2993 semel
1668 2931 2179 3013 huic'opiuionum
2205 2933 2406 3011 generi
2435 2931 2546 2987 ali-

1466 3018 1609 3101 quid
1637 3019 2014 3078 tribuendum
2043 3038 2164 3077 esse
2175 3028 2406 3090 statuas,
2421 3034 2544 3073 non

1462 3105 1634 3164 facile
1680 3103 1860 3165 habes
1906 3105 2010 3163 ubi
2065 3105 2297 3163 consisti
2348 3103 2542 3182 possit.

1465 3190 1695 3251 Laudat
1705 3192 1909 3249 Burm.
1941 3192 2177 3250 Petron-
2213 3186 2333 3254 134
2360 3188 2548 3266 Quic-

1466 3278 1624 3356 quid
1647 3277 1714 3334 in
1740 3275 1880 3335 orbe
1905 3264 2072 3335 vides
2089 3318 2114 3347 ‚
2150 3284 2330 3353 paret
2361 3272 2532 3333 mihi.

1468 3361 1592 3422 Sed
1629 3363 1713 3420 ibi
1751 3362 2012 3421 venefica
2055 3363 2340 3444 loquitur3
2394 3359 2547 3421 hanc

1466 3460 1664 3507 autem
1693 3449 1804 3508 sibi
1843 3457 2188 3529 potestatem
2215 3451 2278 3507 in
2309 3466 2548 3507 omnem

1464 3552 1664 3593 rerum
1690 3545 1960 3593 naturam
1987 3536 2238 3593 tribuere
2254 3579 2271 3611 ‚
2299 3545 2440 3593 nota
2459 3554 2548 3593 res

1466 3631 1572 3679 est.
1645 3620 1924 3679 Sollenne
1964 3618 2108 3679 illud
2125 3664 2144 3697 ‚
2177 3640 2400 3698 parere
2439 3638 2548 3699 pro

1466 3724 1743 3785 apparere
1757 3750 1774 3780 ‚
1817 3704 1934 3765 huc
1962 3717 2218 3787 spectare
2245 3726 2370 3765 non
2412 3717 2552 3785 pot-

1469 3802 1573 3851 est.
1631 3790 1900 3869 (Videtur
1936 3792 2244 3851 Torrentio
2289 3791 2364 3850 ad
2396 3793 2552 3851 Sue-

1464 3887 1594 3953 ton.
1640 3879 1842 3939 Octav.
1885 3898 1940 3936 c.
1985 3878 2089 3943 95.
2133 3876 2249 3937 hoc
2305 3879 2552 3937 verbum

1470 3982 1552 4021 ex
1590 3964 1864 4022 interiore
1907 3982 2198 4042 augurum
2239 3973 2297 4021 et
2329 3965 2552 4044 aruspi—

1475 4068 1616 4107 cum
1657 4047 1954 4129 disciplina
1981 4052 2228 4129 petitum
2255 4060 2410 4124 esse3
2471 4052 2552 4107 ita

1476 4136 1636 4193 enim
1679 4136 1924 4195 Sueton.
1965 4137 2008 4193 l.
2044 4136 2118 4194 1.:
2176 4180 2214 4211 „
2225 4135 2554 4193 immolanti

1474 4221 1742 4279 omnium
1766 4223 2134 4281 victimarum
2174 4222 2432 4279 iocinora
2457 4238 2556 4275 re-

1472 4306 1684 4385 plicata
1737 4308 2078 4365 intrinsecus
2117 4308 2192 4365 ab
2247 4306 2368 4362 ima
2403 4302 2554 4361 -fibra

1473 4394 1978 4471 paruerunt.“
2063 4392 2146 4448 At
2187 4408 2376 4471 quum
2419 4388 2557 4445 alibi

1471 4480 1555 4537 ita
1603 4488 1798 4539 utatur
1834 4475 1948 4536 hoc
1998 4477 2176 4535 verbo
2221 4474 2556 4550 Suetonius,
