3009 5050
710 427 1321 508 AENEIDOS
1374 429 1582 508 LIB.
1635 433 1730 526 X,
1769 436 2206 510 479—494

2433 440 2584 510 507
2653 429 2664 442 ’

354 617 693 696 Conruit
716 617 799 694 in
833 616 1157 706 volnus3
1196 616 1550 692 sonitum
1572 641 1816 716 vsuper·
1835 641 2057 694 arma
2085 615 2434 711 dedere;

347 723 451 798 Et
478 733 777 796 terram
808 720 1181 798 hostilem
1216 719 1570 798 moriens
1605 721 1804 819 petit
1837 745 1982 797 ore
2027 733 2382 800 cruento.

350 827 617 918 Quem
648 828 963 900 Turnus
988 847 1233 924 super
1276 822 1690 902 adsistens.

2432 831 2588 906 490

349 925 728 1021 Arcades»,
782 928 1013 1020 haec,
1065 929 1358 1027 inquit,
1408 949 1818 1002 memores
1844 951 2023 1002 mea
2057 927 2260 1004 dicta
2291 925 2588 1006 referte
2626 993 2634 1002 .

348 1030 773 1110 Euandro·
794 1029 1167 1126 Qualem
1210 1032 1546 1127 meruit,
1597 1026 1944 1106 Pallanta
1972 1031 2318 1106 remitto.

354 1134 767 1236 Quisquis
804 1135 1069 1210 honos
1119 1132 1407 1210 tumuli
1435 1191 1457 1229 ,
1543 1131 1935 1234 quidquid
2002 1133 2362 1211 solamen
2433 1134 2586 1212 hu-

349 1341 699 1436 Largior.

488 1563 593 1618 488
628 1566 873 1618 Concidit
898 1563 1125 1633 oblong.

348 1632 562 1685 Lueret.
591 1635 877 1700 1V,1042·
926 1635 1075 1702 Wr.)

351 1703 670 1755 Burmannus
710 1707 825 1756 See.
865 1704 931 1754 ad
974 1702 1259 1770 Antholog.
1302 1702 1418 1754 Lat.
1459 1720 1513 1771 p.

1509 1235 1786 1311 mandi
1829 1248 1968 1330 est,

802 1339 1037 1416 Haud
1068 1337 1179 1415 illi
1208 1339 1533 1416 stabunt
1557 1339 1856 1416 Aeneia
1885 1363 2130 1439 parvo

1182 1581 1419 1686 gauzer-
1456 1563 1680 1616 Dorvill.
1749 1564 1966 1630 (Tentat
2000 1563 2138 1616 hune
2165 1581 2243 1617 vs.
2275 1565 2490 1619 Wakef.
2521 1565 2592 1618 ad

1378 1651 1592 1700 ert-amq

1595 1652 1661 1687 ue
1696 1633 1856 1686 Goth.
1888 1651 1972 1702 pr.
2007 1636 2245 1686 moriens
2269 1632 2415 1704 ferit
2451 1635 2587 1689 coni.

1557 1703 1646 1756 88.
1715 1701 1953 1754 caussam
1987 1703 2283 1756 mutationi·
2319 1720 2425 1754 non
2459 1703 2590 1756 satis

350 1771 645 1840 perspici03
678 1789 797 1825 nam
832 1773 945 1842 ipse
972 1772 1155 1826 laudat
1180 1771 1418 1839 exempla
1441 1771 1558 1824 Silii
1584 1773 1648 1836 V,
1681 1771 1800 1836 526,
1837 1781 1891 1822 et
1915 1773 2014 1836 IX,
2049 1772 2166 1837 883,
2213 1772 2305 1825 ubi
2333 1786 2592 1844 appetere

352 1859 475 1904 ore,
510 1859 723 1906 morsu,
769 1854 975 1894 terram
1002 1844 1055 1892 in
1093 1840 1251 1894 simili
1290 1860 1349 1894 re
1390 1841 1642 1893 occurrit:
1694 1842 1941 1894 mordere
1985 1851 2040 1892 et
2075 1843 2332 1893 mandere
2370 1842 2590 1894 humum

350 1909 445 1962 inf.
480 1909 577 1976 x1,
608 1911 729 1966 418.
762 1911 881 1964 669.
951 1911 1279 1963 Homericum
1324 1905 1467 1975 daug
1509 1907 1650 1963 ἑλεῖν
1693 1899 1906 1978 οὖδας,
1955 1909 2082 1979 qnid
2123 1911 2224 1962 hoo
2266 1910 2408 1962 aliud
2437 1929 2590 1980 quam

350 1995 571 2062 capere,
606 1989 809 2048 petere.
876 1980 987 2032 Sed
1016 1981 1157 2032 aliud
1188 1989 1297 2043 est,
1340 1981 1495 2064 quod
1513 1979 1749 2065 ambigO.
1785 1997 1852 2032 an
1883 1989 2046 2048 poeta
2088 1979 2227 2032 huno
2263 1981 2432 2048 ipsum
2469 1997 2590 2034 mo—

347 2045 593 2100 rientium
618 2066 869 2118 angorem
896 2067 958 2102 ex
984 2050 1185 2102 doloris
1208 2050 1565 2132 impatientia,
1609 2050 1688 2102 ira
1724 2068 1787 2102 ao
1821 2049 2002 2115 rabie,
2037 2049 2287 2101 exhibere
2331 2051 2386 2100 h.
2415 2050 2451 2101 1.
2487 2067 2590 2103 vo·-

348 2117 521 2170 luerit.
585 2121 853 2182 Quantum
880 2119 1057 2186 video,
1092 2118 1400 2187 simpliciter
1424 2131 1600 2172 narrat
1631 2137 1746 2171 eum
1807 2136 1990 2171 renum
2013 2127 2208 2170 terram
2233 2136 2328 2171 ore
2356 2119 2590 2187 petiisse,

348 2187 402 2238 h.
435 2204 481 2238 ο.
510 2189 829 2272 procidisse:
875 2205 972 2241 ore
1011 2202 1267 2241 cruento:
1313 2206 1431 2240 nam
1464 2189 1681 2241 vulnere
1721 2188 1812 2240 ta‘

964 2259 1071 2312 490
1112 2259 1191 2312 sic
1218 2276 1312 2310 ore
1342 2257 1638 2330 profatur.
1683 2255 2058 2310 hemistichium
2098 2257 2154 2308 in
2185 2259 2342 2310 Rom.
2381 2267 2438 2308 et
2474 2257 2590 2311 aliis

350 2327 622 2394 expletur:
655 2326 712 2378 in
736 2325 855 2379 alii·
876 2326 1045 2380 aliter.
1116 2345 1234 2378 cum
1268 2345 1401 2378 voce
1436 2326 1674 2397 superba
1708 2327 1859 2378 Leid.

349 2257 558 2324 unguis
592 2257 835 2340 erumpit.

349 2411 435 2462 pr.
463 2394 647 2446 Hamb.

351 2478 545 2531 posse,
586 2463 794 2514 Servius

1865 2200 2112 2272 accepto,
2160 2206 2252 2241 ore
2293 2199 2349 2240 et
2377 2190 2590 2241 naribus

1995 2327 2096 2380 491
2135 2345 2392 2380 memores
2413 2327 2592 2410 inquit

783 2395 889 2449 492
912 2401 1016 2448 Ant
1041 2395 1118 2447 sie
1144 2403 1203 2446 ut
1226 2411 1360 2446 nune
1386 2393 1475 2458 fit,
1511 2404 1632 2446 aut:
1683 2395 1916 2447 Euandr
1887 2413 1950 2448 ro
1985 2395 2200 2477 qqalem
2236 2415 2304 2448 m.
2339 2395 2592 2464 distingui

870 2465 1068 2516 tutabat.
1120 2464 1265 2531 (post
1305 2465 1572 2516 Euandro
1615 2465 1998 2533 intes-pungitur
2040 2464 2094 2514 in
2145 2465 2401 2516 Mediceo.
2445 2467 2592 2532 Wr.)

351 2478 457 2585 498
492 2533 554 2583 Si
592 2532 721 2599 quid
775 2481 867 2583 νοῒ
900 2538 963 2586 Si
994 2536 1118 2600 quis
1154 2532 1207 2583 in
1246 2532 1380 2583 Gud.
1413 2552 1445 2584 a
1480 2550 1551 2585 m.
1562 2550 1670 2615 pr.
1736 2533 1915 2585 honor
1939 2532 2045 2585 duo
2074 2536 2346 2587 Burmann.
2412 2536 2592 2588 honos

353 2599 535 2651 rutuli
562 2599 726 2651 Goth.
760 2618 862 2669 pr„
904 2619 1003 2653 neo
1042 2602 1174 2653 tanti
1213 2612 1319 2664 est,
1364 2611 1420 2652 nt
1458 2601 1707 2653 eoniletas
1745 2602 1950 2669 Itonos,
2014 2604 2228 2656 Rutuli.
2296 2617 2382 2657 cst
2411 2604 2594 2657 itidem

354 2670 461 2721 dno
496 2667 761 2721 omittunt.

354 2824 503 2890 487.
554 2826 801 2885 anm
824 2846 945 2906 pro
986 2828 1201 2903 anima,
1226 2822 1432 2907 θυμὸς

352 2930 461 2991 ιπο
490 2904 683 2990 ψυχή-
766 2912 913 2977 488
942 2933 1010 2969 m
1036 2912 1291 2989 adm,
1319 2912 1431 2971 ha-

352 3006 476 3055 stae
548 2997 715 3074 gravi
770 2996 1050 3077 pondere.
1194 2998 1315 3059 Sed
1372 3010 1433 3060 et

352 3083 597 3141 omnino
626 3102 765 3141 oum
803 3086 1076 3143 Lucretio
1115 3083 1432 3159 lv,1o42

354 3166 644 3247 Namque
694 3186 897 3227 omnes
926 3168 1286 3249 plerumque
1324 3189 1433 3227 ea-

353 3252 512 3313 dunt
538 3253 885 3328 invulnm;
912 3256 1134 3336 reliqua
1153 3266 1289 3315 sunt
1302 3259 1431 3314 Ho-

352 3341 639 3397 met-icum
684 3342 1081 3401 notissimum.
1158 3333 1431 3421 ἀράβησε

355 3420 425 3486 δὲ
472 3418 666 3524 τεύχε’
706 3418 808 3487 ἐπ’
840 3420 1005 3511 αυτῷ
1040 3428 1135 3487 vel
1176 3423 1334 3507 ἀμφὶ
1362 3424 1431 3488 δέ

355 3508 421 3571 οἱ
461 3504 645 3590 βράχε
682 3504 891 3590 τεύχεα
925 3514 1173 3575 ποικίλα
1210 3516 1431 3595 χαλκῷ.

353 3596 645 3655 Monenda
656 3593 804 3654 haee
818 3608 970 3671 sunt,
986 3618 1063 3655 ne
1077 3600 1431 3678 praeteriisse

355 3678 570 3740 videar.
652 3684 1068 3761 Expressa-ant
1109 3686 1434 3743 Homerum

354 3767 477 3823 iam
518 3776 653 3823 ante
700 3770 1005 3828 Maronem
1062 3770 1285 3829 Ennius
1300 3814 1317 3845 ,
1374 3780 1435 3829 et

356 3850 563 3909 Furius
602 3852 805 3913 Antias
850 3852 1007 3934 apud
1046 3855 1305 3914 Macrob-
1334 3856 1431 3929 vl,

361 3940 417 4010 l,
439 3956 501 4015 p.
528 3935 653 3999 674
683 3936 975 4019 ‹sd-Lips„
998 3950 1055 3999 et
1065 3942 1256 3999 Ursin.
1285 3938 1435 4005 489.

356 4030 581 4079 tetram
631 4025 789 4100 petit
809 4067 836 4095 ,
891 4036 1035 4105 puto
1104 4026 1435 4105 simpliciter

355 4126 479 4167 esse
496 4146 525 4177 ,
582 4126 689 4185 pro
722 4110 936 4169 labitur
974 4130 1075 4170 ore
1120 4109 1291 4170 humi
1332 4112 1434 4169 ‘af-

354 4192 535 4251 flicto.
562 4193 639 4251 of.
668 4194 803 4253 Var.
829 4197 993 4255 Leot.
1077 4194 1225 4261 490.
1252 4198 1435 4255 Fero-

353 4280 497 4337 citas
521 4281 727 4337 veteris
756 4282 885 4339 aevi
924 4302 1001 4340 ex
1041 4284 1299 4341 Homero
1327 4279 1436 4340 ad-

352 4364 637 4439 umbrata,
666 4376 735 4424 ut
760 4366 994 4425 insultet
1021 4386 1187 4427 caeso
1214 4369 1431 4427 victor:

354 4448 469 4513 hoo
496 4452 627 4511 loco
656 4462 855 4511 tamen
900 4450 1179 4514 haotmus
1206 4464 1437 4535 tempe-

897 2666 1003 2723 494
1034 2681 1290 2723 constans
1321 2672 1533 2722 Aeneia
1561 2675 1742 2737 sprot.

1513 2838 1639 2887 rata
1681 2838 1740 2886 et
1781 2828 2046 2907 mifigata
2063 2872 2080 2903 ,
2139 2828 2300 2911 quod
2355 2832 2594 2892 Turnus

1515 2932 1722 2992 eorpus
1763 2912 2132 2974 humandmn
2174 2914 2440 2975 concedit
2477 2918 2596 2975 Ar·-

1515 2998 1785 3075 oadibus3
1833 3010 1893 3059 at
1937 3020 2118 3079 super
2163 3000 2462 3059 adsistens
2511 3014 2596 3063 est

1514 3086 1704 3189 simpl.
1749 3084 2011 3161 adstans,
2053 3089 2177 3189 ipse
2203 3098 2358 3152 stans
2371 3132 2388 3163 ,
2432 3090 2597 3147 alteri

1513 3172 1754 3245 iacenti3
1809 3192 1920 3230 neo
1976 3174 2086 3231 nisi
2121 3168 2280 3232 infra
2320 3192 2406 3233 vs-
2468 3173 2595 3241 495

1515 3256 1686 3316 laevo
1707 3259 1928 3335 pressit
1936 3258 2136 3335 pede,
2163 3254 2273 3333 λὰξ
2301 3256 2594 3340 προςβας,

1513 3338 1626 3416 λὰξ
1653 3341 1721 3404 ἐν
1757 3337 2010 3422 amfleot
2044 3345 2276 3423 βαίνων
2291 3386 2318 3416 ,
2361 3348 2464 3426 qui
2511 3356 2598 3405 est

1511 3428 1890 3507 spoliantium
1916 3449 2122 3509 eorpus
2149 3450 2313 3506 mos,
2341 3442 2410 3490 ut
2435 3450 2598 3491 arma

1517 3524 1766 3573 exuant·
1749 3558 1767 3585 ,
1811 3518 1938 3575 etsi.
1957 3514 2022 3574 h.
2048 3517 2092 3574 Ι.
2133 3536 2322 3589 unum
2363 3528 2596 3576 tantum

1515 3610 1872 3658 memoratur
1891 3598 2025 3675 hoc,
2047 3612 2114 3659 ut
2139 3602 2398 3661 balteum
2411 3624 2598 3663 exue-

1517 3696 1624 3745 ret.
1708 3684 1854 3751 492.
1925 3686 2184 3763 Qualem
2228 3691 2476 3767 meruit,
2546 3710 2596 3750 s.

1517 3772 1754 3853 qualem
1793 3771 2070 3831 Euander
2123 3776 2338 3833 meruit
2380 3786 2444 3833 ut
2487 3776 2596 3834 sibi

1515 3858 1870 3917 remitterem
1895 3857 2100 3933 filium,
2127 3880 2178 3918 s.
2205 3862 2440 3942 qualem
2456 3863 2596 3920 Pal·—

1515 3942 1600 4001 las
1637 3944 1848 4001 virtute
1887 3956 1946 4003 et
1986 3944 2226 4005 audacia
2253 3966 2358 4005 sua
2382 3949 2598 4005 meruit

1517 4038 1586 4087 ut
1623 4048 1686 4086 se
1727 4030 2108 4107 remitterem,
2163 4052 2433 4108 caesum,
2492 4030 2598 4091 sed

1516 4114 1678 4171 nulla
1719 4118 2074 4175 contumelia
2131 4120 2386 4198 corporis
2448 4116 2598 4175 affe-

1519 4209 1712 4274 etum3
1768 4198 1833 4259 h.
1873 4212 1942 4260 ut
1987 4202 2196 4281 dignus
2237 4214 2362 4262 erat
2403 4201 2598 4260 audax

1519 4283 1870 4345 adolescens.
1981 4290 2109 4346 Hoc
2141 4332 2158 4362 ,
2223 4288 2596 4369 sequentibus

1519 4380 1992 4445 consentaneum,
2012 4392 2118 4452 pro
2133 4374 2360 4451 vulgari
2375 4370 2596 4431 dietum

1520 4466 1638 4517 est:
1667 4459 1898 4517 remitto
1925 4458 2268 4531 Pallantem,
2298 4456 2596 4538 quomodo
