3009 5050
43 663 50 746 -..-
43 569 48 614 ἢ

44 1441 46 1470 v-
43 1351 47 1388 -—
44 1245 49 1302 ὴ.-
43 1159 48 1216 ———
43 1007 50 1132 .-“-
43 919 50 958 -υ

69 1131 77 1142 ο

43 4312 48 4347 ³

777 393 958 467 AD
1059 391 1713 469 LIBRUM
1814 391 1998 470 VII
2358 331 2588 472 173,

263 585 365 644 lib.
393 583 528 658 XII,
555 587 658 650 93.
688 583 772 650 94
813 585 1050 642 Turnus
1077 579 1304 644 hastam
1331 585 1593 664 gestabat
1620 585 1867 643 Actoris
1894 583 2187 642 Aurunci
2206 582 2499 662 spolium:

260 679 319 728 et
368 669 594 748 oppida
634 668 830 728 mulla
881 679 1064 746 copta
1110 690 1299 728 manu
1355 671 1477 728 iam
1521 680 1656 728 ante
1702 691 1760 732 v.
1803 675 1887 735 22
1931 679 2505 730 commemoraverat.

259 755 412 828 Quid
469 755 629 837 quod
683 757 860 812 etiam
914 755 1220 813 Auruncos
1277 757 1637 836 Rutulosque
1700 775 1897 814 versus
1958 755 2305 815 Sicanorum
2360 753 2507 815 fines

258 861 380 899 non
409 842 584 918 longe
613 861 648 898 a
675 841 878 900 Tiberi
905 841 1150 898 collocat
1188 851 1362 920 poeta
1403 841 1505 899 lib.
1556 843 1661 916 xl,
1704 845 1849 906 316.
1893 844 2052 914 8183
2106 858 2223 922 quo
2264 841 2503 915 factum,
2615 906 2633 926 ,

259 932 324 985 ut
363 929 511 984 inter
551 941 649 985 eos
695 925 841 985 adeo
857 971 874 1000 ,
937 927 1041 1007 qui
1083 927 1358 984 Tumum
1396 937 1748 1008 sequuntur,
1806 926 1910 984 lib.
1954 927 2076 1001 VII,
2116 925 2242 992 795
2293 926 2510 984 Sicani

257 1021 574 1092 ponantur:
617 1009 1074 1090 Auruncaeque
1101 1029 1347 1081 manus,
1395 1009 1625 1068 Rutula·
1647 1021 1979 1090 veteresque
2019 1011 2253 1069 Sicani.
2342 1013 2503 1070 Inter

259 1098 541 1155 Oscorum
566 1097 813 1177 populos
857 1097 1033 1154 etiam
1084 1094 1344 1154 Sidicina·
1383 1097 1637 1155 fuerunt.
1696 1094 1813 1156 vid.
1858 1096 2067 1155 Strabo
2110 1097 2211 1155 lib.
2253 1095 2324 1170 V,
2366 1115 2505 1175 pag.

258 1186 382 1246 257
432 1183 499 1240 C.
515 1226 532 1256 ,
584 1203 618 1241 a
661 1183 868 1262 quibus
910 1183 1184 1240 Teanum
1225 1181 1557 1243 Sidicinum
1595 1201 1815 1240 nomen
1857 1183 2109 1240 retinuit.
2194 1181 2276 1238 At
2326 1179 2503 1240 Galea

256 1277 420 1328 vetus
447 1259 786 1341 Ausonum,
821 1277 949 1326 tum
979 1267 1328 1346 Campaniae
1357 1267 1490 1326 urbs
1536 1269 1664 1326 Liv.
1708 1267 1859 1340 VIII,
1911 1271 2011 1330 16.
2094 1267 2291 1324 Etiam
2330 1263 2505 1326 huius

255 1354 413 1411 urbis
441 1354 730 1432 originem
758 1355 1041 1410 Graecam
1070 1355 1296 1412 effinxit
1321 1353 1496 1412 Silius
1524 1338 1675 1427 vm’,
1706 1350 1831 1418 514
1858 1371 1986 1434 sqq.
2040 1370 2097 1411 v.
2127 1353 2251 1416 729
2290 1351 2507 1408 vadosi

267 1437 554 1499 Volturni
567 1480 594 1509 ,
637 1439 740 1519 qni
768 1439 890 1496 aliis
917 1439 1102 1518 poetis
1127 1459 1364 1516 rapax,
1395 1435 1586 1510 celer,
1626 1457 1875 1496 sonorus
1889 1479 1913 1507 ,
1956 1455 2135 1518 quam
2184 1435 2347 1494 fluvii
2388 1456 2501 1494 na-

255 1535 452 1582 turam
493 1525 686 1604 ipsum
726 1543 944 1581 nomen
960 1569 977 1598 ,
1033 1543 1068 1582 a
1119 1525 1346 1582 vulture
1391 1521 1631 1582 ductum
1648 1569 1663 1598 ‚
1724 1525 2007 1602 respicere
2046 1521 2293 1580 videtur.
2380 1519 2501 1582 Sed

256 1606 428 1667 idem.
459 1608 668 1668 fluvius
707 1629 814 1688 pro
859 1608 1090 1690 diversis
1132 1609 1272 1667 locis
1287 1653 1304 1684 ,
1374 1629 1481 1689 per
1520 1629 1673 1692 quae
1718 1627 1951 1667 cursum
1990 1608 2127 1666 facit
2141 1652 2158 1680 ,
2216 1605 2501 1666 diversam

257 1695 410 1753 alvei
452 1703 510 1753 et
553 1713 749 1753 cursus
792 1705 1063 1752 naturam
1100 1691 1316 1752 habere
1351 1705 1561 1773 potest.
1617 1695 1771 1754 conf.
1812 1696 2183 1752 Burmannus
2239 1690 2314 1750 ad
2352 1691 2415 1751 h.
2456 1693 2500 1754 l.
2542 1689 2557 1700 ’

167 1773 172 1777 ’
255 1779 520 1840 vadosus
549 1789 636 1838 est
658 1799 846 1858 prope
875 1801 1076 1850 mare,
1106 1783 1186 1839 ait
1215 1781 1390 1838 etiam
1419 1781 1809 1858 Pomponius:
1866 1777 1968 1838 sed
2012 1779 2155 1838 falso
2201 1776 2497 1836 adiicitur:

253 1863 368 1926 ubi
397 1873 486 1923 eet
501 1865 884 1923 Linternum.
981 1863 1259 1923 Saticula
1273 1887 1298 1938 ;
1345 1865 1697 1944 Campaniae
1735 1865 1904 1940 urba,
1946 1861 2105 1922 unde
2151 1863 2499 1938 Saticulani3

251 1953 452 2032 priscis
480 1951 832 2030 temporibus
863 1951 1149 2010 Saticulus
1165 1995 1182 2025 ,
1227 1951 1300 2008 ab
1347 1950 1656 2014 Ausonum
1694 1952 1865 2030 stirpe
1880 1993 1898 2025 ,
1956 1951 2191 2008 colonos
2234 1947 2501 2008 babuisse

249 2035 502 2097 videtur.
587 2035 904 2116 Epitheton
921 2081 938 2112 ,
999 2057 1179 2114 asper
1192 2078 1221 2107 ,
1276 2031 1350 2094 ad
1400 2037 1665 2096 locorum
1706 2037 1883 2094 situm
1924 2035 2134 2093 Tifatis
2176 2035 2501 2095 subiectum

247 2132 512 2202 spectare
541 2122 813 2198 arbitror-3
870 2120 1058 2181 Iidem
1107 2121 1279 2180 colles
1296 2166 1314 2196 ,
1370 2121 1569 2180 Tifata
1587 2166 1604 2197 ,
1669 2123 1901 2201 Capuae
1936 2121 2324 2178 imminebant
2367 2121 2499 2180 Liv-

247 2209 381 2281 VH,
423 2211 526 2283 29,
584 2209 757 2266 Silius
814 2209 945 2282 XII,
1003 2205 1151 2273 487.
1247 2205 1537 2265 Oscorum
1582 2227 1819 2266 manua.
1914 2207 2109 2287 Opici,
2172 2205 2376 2285 Opsci,
2442 2215 2503 2264 et

247 2295 419 2366 Osci,
461 2303 626 2353 vetus
654 2295 960 2352 Ausonum
1002 2311 1174 2370 gens,
1219 2312 1370 2374 quae
1407 2305 1605 2351 tamen
1646 2294 1919 2372 temporis
1963 2309 2259 2366 successu,
2301 2301 2371 2349 ut
2413 2289 2498 2366 fit,

245 2399 284 2437 a
316 2381 622 2437 communi
644 2383 819 2458 stirpe
845 2381 926 2438 ita
953 2379 1276 2436 abalienata
1301 2376 1410 2434 fuit
1424 2423 1439 2452 ,
1489 2389 1559 2436 ut
1601 2397 1709 2459 pro
1760 2378 1992 2436 diversis
2032 2375 2259 2458 populis
2298 2373 2500 2436 haberi

243 2473 488 2547 possent
513 2466 774 2521 Ausones
807 2474 864 2522 et
893 2465 1057 2537 Osci,
1099 2460 1254 2521 conf.
1285 2463 1494 2522 Strabo
1523 2465 1593 2538 V,
1622 2483 1758 2545 pag.
1787 2463 1915 2529 242
1957 2463 2022 2539 C,
2065 2463 2377 2543 antiquitus
2419 2463 2501 2522 cis

247 2559 314 2608 et
362 2549 515 2606 ultra
561 2550 746 2606 Lirim
793 2547 1143 2607 habitarunt.
1229 2548 1354 2609 Sed
1406 2552 1471 2605 in
1529 2553 1695 2611 Latio
1740 2560 1965 2607 mature
2006 2568 2227 2607 nomen
2270 2546 2497 2624 defecit,

245 2636 438 2694 serius
466 2634 781 2712 permansit
806 2636 867 2690 in
897 2634 1233 2711 Campania.
1318 2634 1502 2690 Primi
1527 2634 1590 2691 in
1622 2654 1825 2693 eorum
1864 2636 2029 2693 terris
2074 2630 2333 2693 advenae
2376 2634 2500 2692 Cu·-

242 2739 384 2780 mas
413 2716 726 2777 condidere
753 2715 1156 2776 Chalcidenses
1199 2736 1273 2775 ex
1312 2718 1587 2793 Euboea,
1648 2738 1792 2777 mox
1832 2720 2210 2777 Etruscorum
2246 2721 2395 2778 vires
2432 2722 2499 2776 in

241 2808 320 2865 iis
351 2806 494 2863 locis
521 2804 856 2862 increbuere
872 2847 888 2878 ,
934 2800 1176 2861 tandem
1205 2822 1240 2859 a
1269 2802 1623 2861 Samnitibus
1655 2814 1713 2861 et
1750 2805 2025 2861 Romanis
2066 2804 2307 2880 vestigia
2347 2818 2499 2883 quo-

243 2912 372 2977 que
401 2894 592 2970 gentis
621 2890 812 2949 excisa
838 2898 1002 2964 sunt,
1047 2908 1197 2970 quae
1223 2898 1559 2967 supererant
1584 2890 1843 2946 maxime
1871 2888 2022 2945 circa
2048 2888 2285 2947 Atellas.

335 2974 721 3043 733—743.
777 2977 998 3034 Iterum
1057 2975 1202 3033 aliae
1250 2973 1324 3033 de
1369 2974 1591 3033 Graeca
1629 2974 1961 3033 Italicarum
2000 2974 2235 3031 urbium
2277 2972 2499 3050 origine

237 3064 506 3125 fabulae.
606 3058 888 3118 Teleboae
929 3058 1211 3139 'Paphum
1225 3104 1240 3135 ‚
1293 3078 1474 3118 unam
1514 3078 1591 3117 ex
1631 3056 2056 3135 Echinadibus,
2115 3058 2499 3134 incoluerunt,

236 3153 308 3209 in
358 3133 545 3229 qnam
587 3167 664 3207 ex
703 3148 962 3227 opposita
1001 3146 1330 3205 Acarnania
1370 3149 1730 3206 transierant.
1814 3147 2037 3204 Relicta
2082 3140 2293 3223 Tapho
2308 3189 2324 3219 ,
2382 3143 2499 3203 Ca-

235 3234 718 3381 {ffsssemffff
727 3229 1995 3377 zxsfflffliaftmssssff'ssirssimfflffi
2038 3229 2499 3375 2ῗὲΐᾴἐὲ

485 3362 502 3393 ,
1243 3359 1260 3376 .

236 3400 521 3489 nympha
535 3448 552 3480 ,
593 3403 832 3463 Sebethi
857 3404 1020 3462 fluvii
1060 3400 1136 3462 ad
1175 3404 1480 3485 Neapolim
1522 3402 1671 3478 filia,
1728 3404 1977 3483 suscepit
2018 3402 2301 3463 Oebalum
2317 3444 2335 3477 ,
2396 3400 2499 3482 qul

235 3498 306 3553 in
339 3490 680 3551 continente
708 3490 906 3551 Italiae
922 3532 939 3560 ,
985 3508 1060 3547 ex
1087 3488 1326 3549 adverso
1357 3490 1654 3569 opposite,
1713 3508 2019 3569 occupasse
2060 3498 2325 3547 narratur
2368 3488 2499 3545 loca

235 3581 406 3640 circa
437 3574 727 3650 Samum,
769 3576 830 3631 in
873 3576 1127 3654 Hirpinis
1165 3586 1223 3633 et
1261 3576 1324 3633 in
1368 3586 1629 3636 exn-ama
1674 3575 2013 3655 Campania.
2092 3574 2380 3633 Fabulam
2422 3592 2500 3631 ex

233 3664 465 3725 nostris
490 3662 782 3742 petierunt
809 3660 983 3719 Silius
1013 3671 1071 3717 et
1098 3660 1344 3738 Statius3
1389 3662 1519 3741 quis
1544 3661 1783 3741 Virgilio
1811 3662 2115 3741 praeiverit
2128 3703 2146 3733 ,
2189 3678 2312 3717 non
2351 3676 2500 3717 con-

235 3761 383 3811 stat.
481 3742 864 3804 San-astibus
885 3788 903 3815 ‚
947 3746 1120 3805 Sarni
1159 3746 1220 3803 fl.
1273 3746 1510 3819 accolis,
1556 3746 1841 3805 Graecam
1880 3747 2022 3805 olim
2066 3744 2348 3823 originem
2392 3745 2501 3801 tri-

236 3840 464 3896 butam
491 3850 526 3889 a
547 3832 846 3893 nonnullis
871 3832 1046 3890 filisse
1060 3875 1078 3904 ,
1121 3851 1198 3888 ex
1225 3831 1429 3891 Servio
1459 3842 1711 3890 constat:
1778 3830 1982 3889 Conon
2030 3828 2288 3907 (videtur
2325 3828 2499 3887 fabu-

233 3925 516 3982 losarum
555 3918 955 3975 narrationum
999 3927 1199 3974 auctor
1245 3914 1447 3995 fuisse)
1503 3918 1573 3975 in
1626 3936 1689 3974 eo
1744 3912 1897 3974 libro
1912 3958 1940 3989 ,
1999 3936 2177 3995 quem
2218 3914 2293 3975 de
2334 3916 2501 3975 Italia

233 4001 502 4081 sempsit
515 4042 542 4071 ,
604 4000 897 4081 quoadam
938 3997 1230 4081 Pelasgos
1276 4000 1547 4082 aliosque
1599 4022 1670 4059 ex
1725 4000 2133 4079 Peloponneso
2177 4019 2499 4069 convenae,

231 4091 336 4153 ad
393 4104 538 4144 eum
599 4086 800 4143 locum
845 4086 1064 4144 Italiae
1114 4087 1339 4143 venisse
1395 4086 1545 4144 dicit
1553 4130 1579 4158 ,
1639 4088 1740 4144 cui
1782 4086 2025 4145 nullum
2062 4096 2244 4144 antea
2287 4102 2501 4143 nomen

209 4174 444 4261 suerit
455 4190 486 4243 ;
541 4180 600 4227 et
636 4172 900 4248 flamini
913 4214 940 4242 ,
999 4190 1175 4251 quem
1209 4170 1529 4231 incolerent
1568 4163 1639 4249 (Γ.
1664 4170 1827 4254 quod
1854 4171 2237 4249 accelerent),
2298 4170 2499 4227 Samo

229 4277 474 4324 nomen
504 4256 854 4333 imposuisse
894 4276 964 4313 ex
1003 4252 1407 4333 appellatione
1437 4259 1637 4337 patrii
1656 4259 1948 4335 fluminis
1994 4254 2097 4329 (de
2140 4275 2257 4336 quo
2304 4253 2501 4310 nescio

227 4370 318 4411 an
349 4338 604 4403 aliunde
631 4342 884 4419 constet)
927 4350 986 4399 et
1019 4360 1082 4397 se
1134 4338 1480 4399 sav-rhaetea
1529 4342 1883 4418 appellasse.
1975 4342 2076 4398 Ha·
2114 4343 2269 4397 inter
2304 4334 2503 4393 multa

223 4426 488 4518 oppida
535 4424 872 4483 Nuceriam
928 4419 1340 4485 condiderunt.
1433 4426 1669 4486 Scilicet
1729 4426 1997 4486 Samum
2052 4426 2196 4485 olim
2210 4421 2511 4518 ‘Sarrum
