3009 5050
615 415 766 490 ίῳ
1152 346 2281 505 Excunsnslv

787 600 983 657 Altera
1012 597 1390 676 Pelasgorum
1413 595 1645 654 colonia
1660 637 1678 670 ,
1722 596 1829 654 sub
1852 593 2243 655 Deucalionea
2284 603 2553 674 tempora
2592 589 2858 666 deducta,

615 705 685 742 ea
713 696 827 759 est,
871 703 905 740 a
945 703 1060 764 qua
1099 681 1486 762 Aboriginum
1528 699 1669 738 cum
1708 681 1961 759 Pelasgis
2002 681 2065 736 in
2108 697 2298 736 unum
2338 677 2629 758 populum
2670 679 2861 736 coale-

613 774 901 831 scentium
931 771 1092 847 origo
1135 767 1447 846 repetenda
1494 763 1742 825 videtur.
1826 767 1925 824 Ex
1970 762 2271 824 Thessalia
2312 765 2399 822 illi
2438 764 2611 820 eiecti
2663 765 2762 822 alii
2800 765 2859 822 in

615 857 752 917 alias
792 865 1002 928 terras,
1057 873 1190 934 pars
1243 873 1351 932 per
1409 853 1655 930 Epirum
1674 895 1692 924 ,
1752 851 1985 910 oractsso
2038 847 2323 908 Dodonae
2366 859 2605 929 accepto
2623 893 2641 923 ,
2704 847 2857 930 quod

615 943 790 1001 etiam
816 941 1069 998 Macrob.
1099 942 1126 995 1
1157 937 1279 997 Sat.
1326 941 1386 1001 7.
1430 939 1659 1008 recitat,
1714 937 1948 994 Ionium
1989 937 2329 995 traiecerant
2346 979 2362 1010 ,
2420 944 2479 993 et
2518 944 2857 1014 tempestate

611 1028 808 1085 vexati
845 1024 922 1084 ad
971 1027 1182 1084 ostium
1221 1022 1368 1082 Padi
1409 1023 1774 1102 Spineticum
1816 1023 2175 1102 appulerant.
2266 1021 2358 1078 Ibi
2398 1039 2529 1099 pars
2574 1031 2764 1078 castra
2806 1031 2857 1078 et

613 1113 823 1170 urbem
857 1112 1160 1184 muniunt,
1223 1111 1320 1166 aiii
1362 1107 1436 1165 ad
1477 1093 1751 1166 interiora
1790 1117 1977 1166 ten-ae
2019 1116 2270 1186 pergunt
2290 1151 2307 1180 ,
2363 1117 2421 1164 et
2460 1105 2699 1164 Umbris
2737 1111 2857 1185 pri-

609 1217 777 1256 mum
791 1242 810 1272 ‚
855 1207 984 1254 tum
1011 1193 1420 1273 Aboriginibus
1445 1193 1718 1251 lacessitis
1732 1237 1747 1266 ‚
1790 1193 1895 1250 ubi
1922 1191 1998 1251 ad
2026 1194 2295 1252 Cutinam
2326 1201 2600 1250 eventum
2644 1189 2858 1250 haben

609 1282 806 1342 vident
847 1280 998 1342 Iovis
1043 1280 1346 1350 Dodonaei
1385 1297 1727 1357 responsum
1782 1275 1927 1336 illud
1943 1324 1959 1352 ,
2016 1297 2157 1338 cum
2216 1275 2305 1336 his
2356 1275 2563 1335 foedus
2616 1275 2857 1351 faciunt,

607 1371 848 1449 agrique
875 1377 1038 1446 parte
1061 1376 1302 1446 accepta
1331 1363 1601 1422 adversus
1646 1363 1873 1422 Siculos
1916 1362 2053 1422 belli
2094 1366 2425 1422 societatem
2466 1364 2677 1420 ineunt
2720 1361 2857 1422 hos-

607 1474 722 1535 que
751 1452 992 1512 tandem
1021 1452 1094 1509 ab
1121 1461 1366 1532 utraque
1391 1449 1622 1508 Tiberis
1650 1460 1811 1530 parte
1852 1447 2080 1507 sedibus
2122 1451 2377 1510 efficiunt.
2418 1467 2477 1506 v.
2516 1449 2767 1529 Dionys.
2812 1453 2855 1523 1,

609 1541 690 1606 18
719 1542 940 1604 -’21.
1026 1535 1148 1594 Sed
1186 1535 1450 1612 Pelasgi,
1521 1535 1593 1593 ab
1653 1535 1885 1613 egregio
1940 1555 2137 1592 rerum
2188 1532 2617 1614 hominumque
2663 1547 2856 1606 auctu,

605 1625 901 1704 aliquanto
929 1633 1060 1701 post
1101 1623 1272 1680 variis
1317 1621 1731 1681 calamitatibus
1776 1631 1833 1680 et
1876 1619 2316 1678 dissensionibus
2356 1618 2688 1678 domesticis
2732 1623 2857 1700 agi-
2947 1609 2950 1622 ’

606 1710 746 1782 tati,
785 1710 850 1766 in
874 1709 1058 1767 varias
1087 1717 1276 1786 partes
1317 1705 1556 1786 dispersi
1594 1717 1747 1764 sunt.
1832 1707 2045 1780 Pauci,
2104 1708 2203 1786 qui
2244 1715 2675 1780 remanserant,
2731 1708 2855 1764 Ab·

608 1795 900 1870 originum
937 1795 1167 1850 nomini
1211 1810 1384 1850 snum
1421 1792 1724 1870 paullatim
1764 1793 2171 1850 submiserunt.
2224 1810 2283 1849 v.
2324 1789 2466 1850 ibid.
2516 1787 2595 1848 ad
2638 1811 2695 1850 c.
2751 1795 2855 1856 80.
2948 1803 2950 1880 ξ

606 1878 984 1937 Αοοεεεεηηιῒ
1011 1897 1160 1938 mox
1179 1877 1410 1956 Pelasgi
1447 1898 1525 1934 ex
1566 1873 1815 1936 Arcadia
1860 1878 1966 1935 sub
2006 1875 2315 1952 Evandro,
2368 1875 2441 1935 de
2486 1875 2701 1958 quibus
2744 1879 2855 1934 alio

605 1961 736 2022 loco
763 1961 1122 2036 videbhnm3
1163 1974 1296 2020 tum
1323 1965 1533 2020 Graeci
1560 1983 1700 2022 cum
1739 1963 1989 2022 Hercule
2032 1964 2261 2043 aliique.
2348 1962 2615 2019 Dubitari
2658 1964 2857 2044 itaque

605 2067 728 2106 non
771 2057 959 2128 potest
977 2092 993 2121 ‚
1049 2050 1111 2104 in
1161 2047 1358 2108 media
1401 2045 1513 2106 hac
1560 2049 1724 2106 Italia
1775 2047 1943 2124 (nam
1986 2047 2061 2106 de
2104 2059 2369 2107 extrema
2410 2049 2577 2106 ltalia
2614 2049 2857 2106 coloniis

605 2137 962 2195 Graecorum
987 2135 1155 2190 variis
1183 2135 1539 2212 temporibus
1567 2145 1843 2213 occupata
1874 2153 1995 2192 non
2024 2135 2276 2212 agimus)
2318 2151 2601 2212 magnam
2636 2135 2857 2192 Abori-

601 2219 809 2298 ginum
851 2229 1078 2298 partem
1116 2219 1189 2277 ab
1234 2239 1302 2277 eo
1347 2217 1484 2278 inde
1528 2229 1792 2299 tempore
1830 2221 2164 2298 Pelasgicae
2204 2231 2263 2278 et
2304 2219 2639 2278 Helle-nicae
2684 2221 2857 2278 fiiisse

603 2304 789 2383 stirpis
807 2349 824 2378 ‚
867 2305 1164 2384 multaque
1196 2325 1270 2362 ex
1295 2302 1511 2364 horum
1538 2324 1804 2364 sannone
1850 2316 1908 2365 et
1950 2304 2322 2386 religiom'bus
2358 2306 2485 2364 illos
2528 2303 2855 2364 adscivisse.

605 2389 734 2463 Quo
762 2393 886 2468 ipso
915 2393 1086 2468 po‘eta
1111 2401 1374 2468 paratam
1401 2388 1579 2450 lrabet
1606 2391 2069 2465 excusationem,
2117 2389 2277 2474 quod
2303 2391 2486 2452 multa
2514 2391 2579 2448 in
2619 2388 2717 2450 his
2764 2393 2855 2450 lo-

603 2477 684 2535 cis
723 2471 802 2533 ad
841 2475 1256 2534 Graecanicam
1301 2475 1644 2555 religionem
1685 2474 1947 2551 deflexit3
1993 2477 2115 2537 eius
2158 2479 2318 2537 enim
2360 2477 2602 2556 vestigia
2641 2481 2857 2556 passim

604 2563 779 2619 etiam
805 2562 1116 2640 Dionysius
1145 2564 1496 2641 agnoscebat
1525 2564 1787 2643 inprimis
1812 2564 2048 2621 Faleriis
2075 2584 2127 2622 c.
2157 2566 2262 2629 21.

516 2705 530 2715 ,
774 2648 895 2705 Nec
935 2656 1136 2705 tamen
1177 2648 1523 2726 Aborigines
1562 2658 1867 2728 propterea
1919 2648 2249 2727 Pelasgicae
2306 2648 2493 2727 stirpis
2548 2645 2857 2709 habendos

577 2729 782 2791 ‚videri
825 2734 1346 2813 pronuntiavimus·
1433 2736 1613 2793 Recte
1636 2779 1651 2809 ‚
1708 2736 1757 2793 si
1824 2733 1965 2817 quid
2013 2733 2317 2806 videmus3
2389 2735 2639 2791 Faciunt
2698 2737 2856 2793 enim
2945 2792 2946 2815 ἶ

597 2819 784 2877 multa
803 2863 818 2893 ,
880 2837 1027 2901 quae
1079 2817 1173 2875 hic
1223 2822 1476 2879 enarrari
1530 2830 1862 2902 nequeunt,
1918 2821 2293 2879 manifestum
2312 2865 2327 2895 ‚
2382 2820 2737 2898 Aborigines
2784 2820 2859 2878 ad

547 2927 555 2936 ·
595 2902 922 2960 Ausonum
963 2922 1185 2963 nomen
1238 2904 1609 2983 pertinuisse,
1694 2904 1853 2987 quod
1888 2906 2005 2963 late
2045 2926 2151 2985 per
2190 2915 2374 2963 totam
2416 2906 2645 2965 Italiam
2690 2906 2859 2965 sedes

595 3007 720 3046 non
743 3008 865 3046 nno
893 2992 1134 3047 nomine
1162 2986 1394 3063 habuit,
1439 3000 1512 3047 ut·
1534 3000 1733 3047 tamen
1758 2990 2105 3069 Aborigines
2148 2990 2223 3049 ad
2265 2992 2514 3051 Circeios
2555 3002 2665 3049 aut
2706 2993 2859 3051 forte

597 3072 674 3131 ad
696 3074 886 3131 Lirim
913 3092 1096 3153 usque
1125 3072 1484 3133 habitarent:
1516 3069 2010 3157 ‘quandoquidem
2050 3078 2329 3137 Latinum
2370 3096 2623 3148 nomen,
2692 3076 2859 3159 quod

554 3160 660 3234 ⁸,in
697 3158 850 3215 illius
889 3157 1090 3215 locum
1129 3160 1427 3233 successit,
1487 3178 1558 3217 eo
1612 3178 1796 3241 usque
1847 3164 2157 3240 pertinuit3
2212 3160 2351 3221 hino
2408 3182 2547 3221 vero
2590 3164 2699 3243 qui
2750 3184 2861 3243 per

599 3241 978 3319 Campaniam
1007 3253 1064 3301 et
1091 3244 1374 3327 reliquam
1401 3246 1629 3304 Italiam
1670 3248 2007 3305 inferiorem
2051 3246 2415 3324 habitarunt,
2456 3249 2677 3329 passim
2723 3250 2861 3309 An·

597 3344 807 3383 sonum
859 3343 1077 3387 nomen
1131 3341 1462 3407 servarunt3
1532 3330 1693 3391 unde
1750 3331 1907 3412 apud
1958 3336 2194 3391 Festum
2213 3379 2229 3409 ,
2284 3337 2346 3391 in
2388 3334 2685 3393 Ausonia
2702 3376 2729 3405 ,
2790 3356 2859 3395 ea

597 3428 726 3489 pars
767 3411 996 3485 Italiae,
1052 3416 1116 3471 in
1163 3434 1281 3495 qua
1319 3426 1453 3473 sunt
1498 3416 1662 3477 Cales
1708 3429 1765 3476 et
1798 3420 2237 3494 Beneventum,
2296 3422 2484 3499 prima
2530 3420 2859 3479 Ausonum

597 3492 760 3553 sedes
803 3496 978 3553 fuisse
1015 3496 1276 3559 traditur.
1364 3500 1460 3557 Ad
1499 3504 1684 3560 Lirim
1734 3506 1871 3563 urbs
1910 3506 2145 3563 Ausona
2188 3504 2379 3564 adhuc
2419 3506 2525 3562 sub
2564 3506 2859 3567 Romanis

549 3615 559 3624 -
595 3581 740 3653 suit,
783 3598 923 3639 nam
949 3582 1022 3640 V.
1052 3583 1119 3640 c.
1147 3582 1275 3648 440
1305 3607 1374 3645 ea
1403 3602 1545 3645 cum
1568 3588 1875 3647 Minturnis
1920 3600 1978 3647 et
2019 3592 2223 3649 Vescia
2270 3592 2341 3649 ab
2382 3591 2449 3648 iis
2490 3602 2698 3671 capta,
2746 3594 2859 3649 de-

596 3664 833 3743 letaque
856 3665 1182 3725 Ausonum
1203 3688 1358 3749 gens
1375 3694 1396 3729 .·
1439 3672 1568 3731 Liv.
1600 3676 1705 3747 lx,
1734 3674 1839 3739 25.
1922 3678 2019 3734 Ex
2062 3674 2273 3735 eodem
2314 3691 2527 3755 genere
2568 3674 2859 3737 homines

593 3751 766 3809 fuisse
807 3770 1040 3839 necesse
1085 3765 1197 3827 ost,
1255 3758 1356 3839 qui
1394 3756 1526 3815 loca
1566 3759 1719 3817 intra
1756 3762 2128 3821 Lametinnm
2172 3772 2231 3819 et
2268 3762 2605 3843 Scylaeium
2648 3766 2861 3821 simun

592 3846 834 3895 tenuere
848 3881 865 3910 ‚
923 3848 1237 3919 antequam
1287 3840 1521 3921 Pelasgi
1560 3844 1821 3903 Oenotrii
1862 3866 1933 3903 ea
1982 3858 2361 3927 occuparunt.
2442 3848 2588 3905 Pars
2634 3868 2863 3907 eorum

593 3922 706 3979 alia
763 3921 1087 4010 Opicorflm
1104 3966 1126 3994 ,
1181 3923 1277 3983 vel
1339 3926 1628 3985 Oscorum
1640 3994 1643 3999 ,
1644 3972 1667 3999 ,
1722 3950 1797 3989 ex
1843 3932 2037 4011 Opscis
2052 3978 2069 4006 ,
2128 3952 2347 3991 nomen
2388 3931 2595 3991 habuit
2608 3976 2629 4007 ,
2696 3954 2863 4016 quo-

595 4024 728 4064 rum
753 4019 1036 4085 superstes
1067 4008 1145 4067 ad
1165 4012 1378 4069 seriora
1405 4020 1669 4092 tempora
1694 4016 1805 4075 fult
1843 4036 2120 4077 muneras
2162 4038 2269 4099 per
2306 4020 2435 4077 loca
2482 4018 2867 4098 Campaniae

506 4107 517 4116 ·
591 4094 858 4173 proxima
883 4094 1086 4153 Atellis
1100 4140 1116 4169 ‚
1157 4096 1318 4155 unde
1344 4108 1402 4155 et
1429 4096 1679 4178 linguae
1716 4100 1907 4159 Oscae
1942 4122 2162 4161 nomen
2202 4106 2415 4163 mansit
2429 4148 2446 4178 ,
2490 4122 2681 4184 quam
2722 4108 2866 4165 Ab-

593 4176 906 4256 originibus
948 4188 1006 4237 et
1045 4181 1373 4241 Ausonibus
1419 4202 1797 4243 communem
1838 4186 2012 4247 fuisse
2052 4188 2317 4269 adeoque
2356 4190 2599 4247 Latinae
2646 4202 2863 4251 ortum

593 4262 814 4327 dedisse
839 4282 1071 4323 necesse
1100 4278 1203 4325 est.
1284 4269 1428 4327 Pars
1455 4270 1763 4329 Ausonum
1788 4273 1849 4329 in
1888 4272 2147 4331 Sabinos
2188 4276 2358 4347 abiit,
2401 4292 2533 4353 pars
2574 4276 2651 4333 in
2704 4280 2865 4335 Au—

590 4370 808 4419 runcos
819 4388 844 4419 ,
887 4351 1046 4411 cultu
1086 4352 1186 4411 illa
1224 4350 1551 4429 horridior3
1593 4356 1745 4415 sacta
1786 4357 2002 4416 scilicet
2046 4376 2267 4438 magna
2306 4361 2459 4419 vitae
2504 4370 2563 4417 et
2602 4380 2867 4423 mamm

591 4438 912 4497 nutatione
925 4480 944 4509 ,
985 4436 1080 4494 alii
1106 4448 1364 4497 veterem
1389 4440 1757 4519 asperitatem
1784 4446 2111 4519 retinuere3
2174 4446 2299 4505 aliis
2344 4446 2729 4509 Graecarum
2754 4470 2869 4509 oo—
