3009 5050
739 377 929 459 AI)
1033 377 1690 462 L·1BR.UM
1791 381 1970 463 Vll
2164 419 2171 426 ·
2332 393 2473 468 131

237 571 406 635 niba&
427 571 599 630 'molti
618 573 1008 654 revolutaque
1021 591 1220 654 penca
1232 615 1260 646 ,
1304 573 1466 656 quod
1489 593 1725 634 versum
1753 585 1839 634 est
1867 595 1945 634 ex
1968 577 2279 638 Homerico
2298 575 2477 660 'supra

237 670 550 718 memorato
566 705 584 735 ,
627 661 735 720 ubi.
767 661 970 742 κερκὶς
1012 670 1152 719 erat.
1237 661 1398 740 Ergo
1429 671 1685 738 pecten,
1728 661 1939 718 radius
1952 703 1977 733 ,
2030 661 2235 744 κερκὶς
2246 708 2264 739 ,
2323 665 2477 724 (1ροὶ-

237 757 412 826 gnant
439 744 686 804 eandem
714 765 820 805 seu
845 747 1096 804 similem
1123 763 1270 804 rem.
1355 747 1552 805 Etiam
1578 747 1753 804 radio
1777 747 2079 825 pulsantur
2112 747 2255 807 fides
2297 750 2475 831 lyrae,

236 841 300 890 ut
325 842 382 889 et
397 834 638 908 pectine
655 854 675 889 .-
721 830 936 891 doeent
962 843 1160 890 mitem
1199 843 1585 892 monumenta
1601 877 1618 908 ‚
1662 830 1823 898 huno
1862 833 2037 892 fuisse
2076 844 2318 892 tenuem
2366 837 2477 894 ba-

238 917 430 976 offlum
453 919 550 979 vel
577 919 808 998 virgam
831 920 1003 978 variis
1029 919 1230 976 fonnis
1259 917 1533 978 effictam.

400 1003 466 1062 Si
493 1003 691 1086 itaque
719 1006 1016 1085 quaeritur
1030 1047 1047 1078 ,
1089 1005 1192 1088 qui
1219 1004 1294 1061 sit
1317 1014 1541 1080 pecten
1579 1013 1637 1062 et
1686 1001 1887 1086 κερκὶς
1924 1006 1989 1061 in
2030 1006 2280 1065 textrina
2324 1009 2477 1066 anti·-

237 1090 431 1170 quiore
447 1133 464 1164 ‚
513 1109 747 1150 necesse
775 1101 862 1148 est
887 1109 1064 1148 usum
1091 1092 1212 1147 eius
1236 1089 1412 1147 fuisse
1453 1092 1518 1147 in
1562 1087 2019 1148 discriminandis
2059 1089 2171 1149 filis
2212 1111 2315 1150 seu
2357 1103 2477 1151 sta·-

235 1176 481 1244 minibus
499 1219 515 1248 ‚
559 1178 680 1235 sive
705 1185 774 1233 ut
798 1178 894 1234 via
921 1185 1143 1255 pateret
1168 1173 1539 1233 immittendo
1568 1176 1878 1233 subtemini
1894 1219 1910 1249 ‚
1953 1177 2073 1234 sive
2102 1186 2167 1235 ut
2206 1179 2262 1234 ei
2304 1180 2477 1237 invo-

233 1261 420 1326 lutum
446 1261 542 1318 vel
572 1263 1058 1320 circumvolutum
1087 1260 1404 1320 affixumve
1449 1271 1595 1319 esset
1632 1262 1826 1340 ipsum
1864 1260 2171 1319 subtemen
2220 1260 2327 1338 (an
2366 1285 2477 1325 κα-

235 1341 358 1408 νὼν
375 1393 394 1422 ,
450 1347 546 1404 cui
587 1348 930 1408 obvolutum
967 1343 1034 1409 τὸ
1081 1346 1337 1427 πηνίον,
1393 1357 1584 1404 trama
1624 1345 1765 1404 inde
1815 1344 2155 1406 deducenda
2191 1347 2359 1406 Iliad.
2400 1361 2473 1424 ψ,

235 1435 378 1495 761.
407 1431 478 1511 2)
505 1431 1012 1490 transmittendum
1036 1453 1144 1511 per
1169 1434 1448 1490 stamina:
1491 1430 1609 1490 hoc
1649 1433 1893 1490 aiterum
1918 1432 2067 1490 forte
2096 1431 2307 1492 dixeris
2334 1453 2477 1512 pro·-

237 1517 478 1576 babilius
491 1562 507 1591 ,
553 1520 690 1598 quia
717 1529 974 1597 argutus
987 1529 1206 1596 pecten
1231 1521 1292 1575 in
1319 1528 1517 1576 nostro
1562 1516 1747 1576 dictus
1797 1528 1913 1591 est,
1958 1527 2017 1575 et
2058 1519 2197 1576 alibi
2236 1521 2292 1576 ei
2330 1531 2479 1577 sue-

235 1603 385 1681 pitus
412 1603 713 1682 tribuitur:
755 1624 814 1663 v.
845 1605 952 1661 Ge.
993 1606 1042 1678 1,
1088 1601 1231 1668 294·
1281 1601 1415 1661 add.
1460 1604 1659 1661 locum
1696 1623 1755 1662 v.
1796 1599 2079 1668 46-48
2116 1605 2182 1661 in
2220 1603 2477 1683 Epithnl.

168 1755 173 1760 ¹
234 1691 528 1746 Laurentii
556 1699 614 1746 et
638 1691 854 1748 Man‘ae
881 1691 945 1754 in
970 1688 1337 1749 Wernsdorf.
1368 1691 1533 1746 Poet.
1558 1691 1687 1746 Lat.
1731 1690 1877 1746 min.
1920 1689 2099 1746 Tom.
2148 1690 2248 1748 Iv.
2286 1691 2356 1748 P.
2400 1693 2477 1748 Π.

236 1791 294 1854 p.
325 1773 473 1838 495·
502 1776 722 1854 passim
747 1777 810 1832 in
835 1773 1074 1834 Anthol.
1105 1785 1173 1832 ut
1209 1775 1274 1832 in
1299 1775 1591 1854 Antipatri
1618 1775 1811 1832 Carm.
1854 1775 2029 1831 XXII
2066 1793 2181 1833 seo.
2217 1774 2477 1834 Brunok.

232 1857 479 1921 Archiae
525 1862 718 1919 Canu.
759 1863 867 1920 XI.
950 1862 1032 1922 Ut
1072 1862 1377 1919 subtemen
1418 1862 1597 1918 eoiret
1640 1869 1697 1917 et
1740 1857 2185 1919 conden'saretur
2199 1904 2217 1935 ,
2259 1859 2479 1938 spatha

235 1956 354 2003 erat
369 1989 388 2020 ‚
427 1944 616 2004 forma
641 1958 838 2004 tamen
866 1967 1098 2026 prorsus
1124 1945 1347 2005 diversa
1376 1965 1412 2004 a
1437 1956 1633 2003 nostro
1674 1945 2058 2004 instrumento
2071 1989 2088 2018 ,
2132 1965 2250 2026 quo
2290 1956 2479 2004 trama

235 2030 520 2093 densetur.
605 2033 800 2113 Atque
827 2031 974 2092 haec
991 2078 1009 2107 ‚
1049 2035 1115 2090 in
1145 2030 1396 2090 editione
1423 2031 1615 2110 priore
1645 2027 1721 2088 ad
1746 2028 1806 2089 h.
1837 2030 1877 2088 Ι.
1910 2041 1968 2088 et
1994 2050 2121 2109 sup.
2153 2030 2226 2089 ad
2275 2031 2385 2089 Ge.
2427 2033 2477 2104 1,

233 2116 360 2182 294-
395 2127 550 2175 reete
596 2120 856 2198 exposita
870 2165 888 2195 ,
929 2130 996 2178 ut
1033 2120 1095 2176 in
1135 2120 1315 2177 altera
1364 2114 1619 2176 editione
1664 2114 1986 2176 desererem
2002 2161 2018 2191 ,
2060 2117 2223 2174 nullo
2267 2113 2479 2176 adduci

86 2217 92 2224 ·
205 2245 209 2250 ,
229 2200 408 2260 modo
439 2201 744 2264 debebam.

399 2288 688 2348 Videntur
707 2307 850 2349 sane
887 2289 952 2346 in
989 2283 1233 2345 texendi
1275 2295 1396 2344 arte
1439 2297 1498 2345 et
1534 2285 1927 2344 instrumentis
1964 2287 2246 2344 nonnulla
2286 2283 2481 2346 diver-

230 2389 363 2430 sum
387 2374 452 2432 in
475 2373 724 2434 modum
753 2395 816 2434 se
843 2373 1110 2433 habuisse
1135 2373 1492 2454 sequioribus
1520 2373 1911 2451 temporibusr,
1946 2391 2091 2429 nam
2132 2374 2292 2431 loeus
2323 2370 2481 2454 apud

232 2457 509 2516 Ovidium
563 2461 706 2518 Met.
761 2461 862 2536 VI,
911 2457 994 2524 54
1044 2473 1173 2541 sqq.
1225 2467 1559 2517 nostrorum
1605 2468 1939 2537 temporum
1986 2467 2250 2516 texturae
2293 2460 2481 2538 magis

101 2560 104 2565 ·
145 2628 153 2635 ἡ
232 2548 543 2603 convenire
569 2546 831 2608 videtur:
878 2564 1028 2628 quae
1053 2556 1254 2603 tamen
1282 2555 1340 2603 et
1365 2542 1492 2624 ipsa
1528 2554 1613 2603 est
1654 2540 1974 2602 admodum
2014 2542 2236 2603 diversa
2280 2546 2345 2602 in
2388 2544 2481 2609 di-

230 2632 410 2691 versis
439 2632 777 2708 generibus:
823 2648 894 2687 ea
912 2674 929 2705 ‚
971 2648 1088 2711 qua
1127 2628 1392 2687 homines
1437 2633 1498 2687 in
1543 2648 1615 2687 eo
1655 2648 1869 2708 genere
1882 2673 1899 2703 ,
1942 2626 2117 2709 quod
2160 2628 2483 2687 hamelisee

232 2716 589 2795 appessatur‚
631 2724 876 2773 utuntur
897 2757 914 2788 ‚
957 2715 1225 2792 proxime
1267 2714 1486 2773 accedit
1532 2712 1611 2773 ad
1664 2716 2058 2795 antiquiorum
2113 2732 2371 2772 morem:
2414 2725 2482 2773 ut

230 2812 462 2860 taceam
489 2820 719 2859 morem
747 2796 985 2859 texendi
997 2796 1322 2873 hdonnrt,
1361 2798 1731 2859 Islandorum
1772 2800 2135 2878 aliorumque
2180 2797 2481 2857 mdiorum

229 2889 586 2967 populorum
600 2932 616 2962 ,
660 2888 763 2968 qui
793 2885 1104 2965 antiquiori
1127 2882 1366 2942 texendi
1391 2886 1600 2943 rationi
1624 2887 1885 2942 maxime
1924 2881 2271 2962 respondere
2312 2881 2481 2941 vide·-

227 2984 345 3033 tur.
431 2974 652 3031 Verum
678 2970 776 3031 hio
805 2969 880 3030 de
905 2970 1160 3031 textrina
1187 2966 1342 3048 apud
1382 2972 1689 3049 Virgilium
1730 2968 1807 3029 ad
1853 2968 2232 3027 Homericum
2275 2988 2480 3027 exem-

227 3058 398 3139 plum
427 3069 759 3139 comparata
787 3058 1083 3135 agebatur.

1155 3282 1566 3293 Μ

727 3468 1998 3587 EXGURSUSII

506 3649 632 3707 De
701 3667 1102 3705 aeeeeeu
1169 3647 1542 3706 Aeneae
1608 3642 1728 3701 ad
1788 3641 2229 3701 Italiam.

403 3820 530 3894 VII,
557 3823 642 3884 29
685 3840 815 3902 sqq.
870 3816 1082 3896 Atque
1113 3816 1236 3893 hic·
1257 3814 1506 3873 Aeneae
1543 3815 1847 3894 ingentem
1878 3830 1947 3867 ex
1984 3828 2239 3887 aequore
2274 3807 2483 3865 lucum

227 3906 542 3981 Respicit
583 3916 693 3964 eto.
779 3904 1100 3984 Appellunt
1151 3900 1393 3960 tandem
1444 3902 1689 3959 Troiani
1744 3896 1819 3957 ad
1860 3896 2089 3953 Italiam
2102 3938 2120 3968 ‚
2162 3891 2483 3953 secundum

223 3991 544 4069 Virgilium
569 3992 694 4070 ipsa
721 3990 950 4049 Tiberis
979 3990 1124 4047 ostia
1149 3989 1424 4065 ingressi:
1463 3996 1525 4041 et
1567 3984 1761 4042 laetus
1786 3982 1993 4059 flum'o
2028 3979 2295 4037 succedit
2332 3976 2485 4053 (Ae-

223 4076 402 4155 neae)
457 4094 644 4153 opaco
661 4098 686 4149 ,·
759 4074 832 4134 ef.
882 4079 1002 4139 201
1047 4072 1354 4131 Flammis
1411 4070 1681 4127 inv-aetio
1738 4069 1908 4145 ripas
1921 4088 1949 4141 ,·
2004 4067 2073 4124 it.
2114 4068 2241 4129 303
2282 4071 2484 4138 optato

225 4162 581 4219 conduntur
631 4159 952 4239 1½ybridie
989 4158 1162 4216 alveo
1179 4198 1202 4227 ,
1259 4174 1430 4235 super
1483 4156 1693 4235 quibus
1749 4154 1891 4211 locis
1931 4151 2143 4210 flustra
2186 4154 2487 4224 argutatur

225 4248 469 4311 Cluver.
495 4266 556 4327 p.
587 4248 732 4311 880.
765 4251 920 4319 881;
963 4244 1118 4303 faeta
1143 4234 1344 4300 tamen
1357 4282 1376 4313 ‚
1419 4238 1580 4321 quod
1608 4240 1877 4297 omnium
1914 4253 2154 4318 quoque
2202 4246 2489 4291 consensu

221 4330 483 4393 traditur
499 4376 515 4407 ‚
559 4334 814 4394 escensio
843 4331 920 4389 ad
947 4328 1225 4389 orientale
1251 4328 1410 4383 lium
1449 4329 1515 4383 in
1554 4327 1915 4383 Laurentum
1950 4340 2111 4401 agro.
2196 4319 2488 4375 Looomm

221 4420 491 4479 formam
519 4418 668 4477 Bne.
693 4420 780 4475 ΙΙΙ
807 4418 1017 4475 animis
1043 4414 1429 4475 subfioiemm.

1956 4506 2073 4575 9*
