<?xml version="1.0" encoding="UTF-8"?>
<!DOCTYPE html PUBLIC "-//W3C//DTD XHTML 1.0 Transitional//EN"
    "http://www.w3.org/TR/xhtml1/DTD/xhtml1-transitional.dtd">
<html xmlns="http://www.w3.org/1999/xhtml" xml:lang="en" lang="en">
 <head>
  <title>
</title>
<meta http-equiv="Content-Type" content="text/html;charset=utf-8" />
  <meta name='ocr-system' content='tesseract 3.04.00' />
  <meta name='ocr-capabilities' content='ocr_page ocr_carea ocr_par ocr_line ocrx_word'/>
</head>
<body>
  <div class='ocr_page' id='page_1' title='image "./pvblivsvirgiliv00unkngoog_0663.png"; bbox 0 0 3009 5050; ppageno 0'>
   <div class='ocr_carea' id='block_1_1' title="bbox 458 417 611 492">
    <p class='ocr_par' dir='ltr' id='par_1_1' title="bbox 458 417 611 492">
     <span class='ocr_line' id='line_1_1' title="bbox 458 417 611 492; baseline -0.007 0"><span class='ocrx_word' id='word_1_1' title='bbox 458 417 611 492; x_wconf 80' lang='lat'><strong>694</strong></span> 
     </span>
    </p>
   </div>
   <div class='ocr_carea' id='block_1_2' title="bbox 937 407 2228 491">
    <p class='ocr_par' dir='ltr' id='par_1_2' title="bbox 937 407 2228 491">
     <span class='ocr_line' id='line_1_2' title="bbox 937 407 2228 491; baseline -0.001 -5"><span class='ocrx_word' id='word_1_2' title='bbox 937 413 1021 488; x_wconf 88' lang='grc' dir='ltr'><strong>Ρ.</strong></span> <span class='ocrx_word' id='word_1_3' title='bbox 1072 409 1610 491; x_wconf 82' lang='lat' dir='ltr'>VIRGILII</span> <span class='ocrx_word' id='word_1_4' title='bbox 1667 407 2228 488; x_wconf 76' lang='lat' dir='ltr'><strong>MARONIS</strong></span> 
     </span>
    </p>
   </div>
   <div class='ocr_carea' id='block_1_3' title="bbox 460 595 2714 908">
    <p class='ocr_par' dir='ltr' id='par_1_3' title="bbox 460 595 2714 908">
     <span class='ocr_line' id='line_1_3' title="bbox 462 595 2708 700; baseline -0 -23"><span class='ocrx_word' id='word_1_5' title='bbox 462 595 855 700; x_wconf 83' lang='lat' dir='ltr'><strong>Adcipere</strong></span> <span class='ocrx_word' id='word_1_6' title='bbox 890 595 1221 690; x_wconf 78' lang='lat' dir='ltr'><strong>orantis3</strong></span> <span class='ocrx_word' id='word_1_7' title='bbox 1266 595 1688 698; x_wconf 81' lang='lat' dir='ltr'><strong>oriturque</strong></span> <span class='ocrx_word' id='word_1_8' title='bbox 1715 595 2164 673; x_wconf 84' lang='lat' dir='ltr'><strong>miserrima</strong></span> <span class='ocrx_word' id='word_1_9' title='bbox 2187 595 2470 674; x_wconf 84' lang='lat' dir='ltr'><strong>caedes</strong></span> <span class='ocrx_word' id='word_1_10' title='bbox 2557 605 2708 676; x_wconf 86' lang='grc'><strong>885</strong></span> 
     </span>
     <span class='ocr_line' id='line_1_4' title="bbox 460 699 2714 804; baseline -0.002 -24"><span class='ocrx_word' id='word_1_11' title='bbox 460 700 1069 780; x_wconf 87' lang='lat' dir='ltr'><strong>Defendentum</strong></span> <span class='ocrx_word' id='word_1_12' title='bbox 1121 702 1359 776; x_wconf 82' lang='lat' dir='ltr'><strong>armis</strong></span> <span class='ocrx_word' id='word_1_13' title='bbox 1408 699 1700 797; x_wconf 85' lang='lat' dir='ltr'><strong>aditus,</strong></span> <span class='ocrx_word' id='word_1_14' title='bbox 1755 700 2002 804; x_wconf 86' lang='lat' dir='ltr'><strong>inque</strong></span> <span class='ocrx_word' id='word_1_15' title='bbox 2047 725 2264 776; x_wconf 86' lang='lat' dir='ltr'><strong>arma</strong></span> <span class='ocrx_word' id='word_1_16' title='bbox 2307 713 2714 778; x_wconf 85' lang='lat' dir='ltr'><strong>ruentum.</strong></span> 
     </span>
     <span class='ocr_line' id='line_1_5' title="bbox 460 803 2714 908; baseline -0.002 -24"><span class='ocrx_word' id='word_1_17' title='bbox 460 805 803 904; x_wconf 86' lang='lat' dir='ltr'>Exclusi,</span> <span class='ocrx_word' id='word_1_18' title='bbox 867 818 1051 882; x_wconf 83' lang='lat' dir='ltr'><strong>ante</strong></span> <span class='ocrx_word' id='word_1_19' title='bbox 1111 805 1393 882; x_wconf 86' lang='lat' dir='ltr'><strong>oculos</strong></span> <span class='ocrx_word' id='word_1_20' title='bbox 1446 803 2169 907; x_wconf 84' lang='lat' dir='ltr'><strong>lacrimantumque</strong></span> <span class='ocrx_word' id='word_1_21' title='bbox 2230 828 2372 882; x_wconf 84' lang='lat' dir='ltr'><strong>ora</strong></span> <span class='ocrx_word' id='word_1_22' title='bbox 2419 829 2714 908; x_wconf 85' lang='lat' dir='ltr'><strong>paren-</strong></span> 
     </span>
    </p>
   </div>
   <div class='ocr_carea' id='block_1_4' title="bbox 1626 922 1826 1004">
    <p class='ocr_par' dir='ltr' id='par_1_4' title="bbox 1626 922 1826 1004">
     <span class='ocr_line' id='line_1_6' title="bbox 1626 922 1826 1004; baseline 0 -21"><span class='ocrx_word' id='word_1_23' title='bbox 1626 922 1826 1004; x_wconf 86' lang='lat' dir='ltr'><strong>tum,</strong></span> 
     </span>
    </p>
   </div>
   <div class='ocr_carea' id='block_1_5' title="bbox 463 1007 2249 1116">
    <p class='ocr_par' dir='ltr' id='par_1_5' title="bbox 463 1007 2249 1116">
     <span class='ocr_line' id='line_1_7' title="bbox 463 1007 2249 1116; baseline -0.001 -27"><span class='ocrx_word' id='word_1_24' title='bbox 463 1017 649 1090; x_wconf 85' lang='lat' dir='ltr'><strong>Pars</strong></span> <span class='ocrx_word' id='word_1_25' title='bbox 682 1013 764 1089; x_wconf 90' lang='lat' dir='ltr'><strong>in</strong></span> <span class='ocrx_word' id='word_1_26' title='bbox 809 1012 1255 1116; x_wconf 82' lang='lat' dir='ltr'><strong>praecipitis</strong></span> <span class='ocrx_word' id='word_1_27' title='bbox 1286 1007 1571 1107; x_wconf 70' lang='lat' dir='ltr'><strong>fossae,</strong></span> <span class='ocrx_word' id='word_1_28' title='bbox 1627 1023 1969 1110; x_wconf 85' lang='lat' dir='ltr'><strong>urgente</strong></span> <span class='ocrx_word' id='word_1_29' title='bbox 1999 1012 2249 1104; x_wconf 85' lang='lat' dir='ltr'><strong>ruina,</strong></span> 
     </span>
    </p>
   </div>
   <div class='ocr_carea' id='block_1_6' title="bbox 462 1114 2474 1322">
    <p class='ocr_par' dir='ltr' id='par_1_6' title="bbox 462 1114 2474 1322">
     <span class='ocr_line' id='line_1_8' title="bbox 464 1114 2474 1216; baseline -0.002 -20"><span class='ocrx_word' id='word_1_30' title='bbox 464 1116 870 1207; x_wconf 86' lang='lat' dir='ltr'><strong>Volvitur;</strong></span> <span class='ocrx_word' id='word_1_31' title='bbox 924 1115 1262 1191; x_wconf 83' lang='lat' dir='ltr'><strong>inmissis</strong></span> <span class='ocrx_word' id='word_1_32' title='bbox 1292 1138 1471 1216; x_wconf 82' lang='lat' dir='ltr'><strong>pars</strong></span> <span class='ocrx_word' id='word_1_33' title='bbox 1500 1139 1731 1192; x_wconf 84' lang='lat' dir='ltr'><strong>caeca</strong></span> <span class='ocrx_word' id='word_1_34' title='bbox 1765 1129 1848 1192; x_wconf 87' lang='lat' dir='ltr'><strong>et</strong></span> <span class='ocrx_word' id='word_1_35' title='bbox 1876 1116 2180 1191; x_wconf 85' lang='lat' dir='ltr'><strong>concita</strong></span> <span class='ocrx_word' id='word_1_36' title='bbox 2225 1114 2474 1192; x_wconf 87' lang='lat' dir='ltr'><strong>frenis</strong></span> 
     </span>
     <span class='ocr_line' id='line_1_9' title="bbox 462 1219 2196 1322; baseline 0 -24"><span class='ocrx_word' id='word_1_37' title='bbox 462 1220 761 1298; x_wconf 78' lang='lat' dir='ltr'><strong>Arietat</strong></span> <span class='ocrx_word' id='word_1_38' title='bbox 786 1221 869 1298; x_wconf 90' lang='lat' dir='ltr'><strong>in</strong></span> <span class='ocrx_word' id='word_1_39' title='bbox 899 1233 1284 1322; x_wconf 83' lang='lat' dir='ltr'><strong>portaset</strong></span> <span class='ocrx_word' id='word_1_40' title='bbox 1328 1219 1574 1296; x_wconf 89' lang='lat' dir='ltr'><strong>duros</strong></span> <span class='ocrx_word' id='word_1_41' title='bbox 1619 1219 1878 1298; x_wconf 87' lang='lat' dir='ltr'><strong>obiice</strong></span> <span class='ocrx_word' id='word_1_42' title='bbox 1907 1232 2196 1321; x_wconf 75' lang='lat' dir='ltr'><strong>postes,</strong></span> 
     </span>
    </p>
   </div>
   <div class='ocr_carea' id='block_1_7' title="bbox 2563 1178 2724 1299">
    <p class='ocr_par' dir='ltr' id='par_1_7' title="bbox 2563 1178 2724 1299">
     <span class='ocr_line' id='line_1_10' title="bbox 2563 1178 2724 1299; baseline -0.006 0"><span class='ocrx_word' id='word_1_43' title='bbox 2563 1178 2724 1299; x_wconf 33' lang='lat'><strong>890·</strong></span> 
     </span>
    </p>
   </div>
   <div class='ocr_carea' id='block_1_8' title="bbox 462 1384 2720 1569">
    <p class='ocr_par' dir='ltr' id='par_1_8' title="bbox 462 1384 2720 1569">
     <span class='ocr_line' id='line_1_11' title="bbox 532 1384 2720 1500; baseline -0.003 -16"><span class='ocrx_word' id='word_1_44' title='bbox 532 1430 637 1498; x_wconf 83' lang='lat'><strong>(-—</strong></span> <span class='ocrx_word' id='word_1_45' title='bbox 656 1427 779 1484; x_wconf 79' lang='lat'><strong>885.</strong></span> <span class='ocrx_word' id='word_1_46' title='bbox 815 1439 1057 1482; x_wconf 74' lang='lat' dir='ltr'><strong>omnen.</strong></span> <span class='ocrx_word' id='word_1_47' title='bbox 1090 1427 1279 1481; x_wconf 84' lang='lat' dir='ltr'><strong>Medic.</strong></span> <span class='ocrx_word' id='word_1_48' title='bbox 1323 1384 1473 1498; x_wconf 60' lang='lat' dir='ltr'><strong>Wr.)</strong></span> <span class='ocrx_word' id='word_1_49' title='bbox 1539 1431 1645 1484; x_wconf 89' lang='grc'><strong>886</strong></span> <span class='ocrx_word' id='word_1_50' title='bbox 1676 1427 1994 1500; x_wconf 66' lang='lat' dir='ltr'><strong>Defendens</strong></span> <span class='ocrx_word' id='word_1_51' title='bbox 2031 1445 2149 1482; x_wconf 77' lang='lat' dir='ltr'><strong>cum</strong></span> <span class='ocrx_word' id='word_1_52' title='bbox 2175 1425 2340 1480; x_wconf 70' lang='lat' dir='ltr'><strong>litun</strong></span> <span class='ocrx_word' id='word_1_53' title='bbox 2377 1423 2576 1478; x_wconf 70' lang='lat' dir='ltr'><strong>Hedic-</strong></span> <span class='ocrx_word' id='word_1_54' title='bbox 2609 1424 2720 1478; x_wconf 72' lang='lat' dir='ltr'><strong>ad-</strong></span> 
     </span>
     <span class='ocr_line' id='line_1_12' title="bbox 462 1494 2719 1569; baseline -0.002 -19"><span class='ocrx_word' id='word_1_55' title='bbox 462 1499 683 1569; x_wconf 67' lang='lat' dir='ltr'><strong>imoque</strong></span> <span class='ocrx_word' id='word_1_56' title='bbox 730 1501 895 1569; x_wconf 77' lang='lat' dir='ltr'><strong>inque</strong></span> <span class='ocrx_word' id='word_1_57' title='bbox 940 1498 1124 1550; x_wconf 85' lang='lat' dir='ltr'><strong>Frauc.</strong></span> <span class='ocrx_word' id='word_1_58' title='bbox 1192 1511 1362 1567; x_wconf 68' lang='lat' dir='ltr'><strong>aeque</strong></span> <span class='ocrx_word' id='word_1_59' title='bbox 1394 1519 1451 1552; x_wconf 82' lang='lat' dir='ltr'><strong>a.</strong></span> <span class='ocrx_word' id='word_1_60' title='bbox 1486 1519 1535 1553; x_wconf 87' lang='lat' dir='ltr'><strong>r.</strong></span> <span class='ocrx_word' id='word_1_61' title='bbox 1583 1500 1722 1552; x_wconf 69' lang='lat' dir='ltr'><strong>aad.</strong></span> <span class='ocrx_word' id='word_1_62' title='bbox 1793 1499 1936 1552; x_wconf 78' lang='lat' dir='ltr'><strong>duro</strong></span> <span class='ocrx_word' id='word_1_63' title='bbox 1967 1511 2023 1550; x_wconf 68' lang='lat' dir='ltr'><strong>et</strong></span> <span class='ocrx_word' id='word_1_64' title='bbox 2068 1494 2171 1550; x_wconf 66' lang='lat' dir='ltr'><strong>aab</strong></span> <span class='ocrx_word' id='word_1_65' title='bbox 2205 1498 2395 1548; x_wconf 75' lang='lat' dir='ltr'><strong>Mane</strong></span> <span class='ocrx_word' id='word_1_66' title='bbox 2427 1495 2719 1548; x_wconf 69' lang='lat' dir='ltr'><strong>cadentum</strong></span> 
     </span>
    </p>
   </div>
   <div class='ocr_carea' id='block_1_9' title="bbox 462 1563 2832 1637">
    <p class='ocr_par' dir='ltr' id='par_1_9' title="bbox 462 1563 2832 1637">
     <span class='ocr_line' id='line_1_13' title="bbox 462 1563 2832 1637; baseline -0.001 -18"><span class='ocrx_word' id='word_1_67' title='bbox 462 1567 749 1637; x_wconf 81' lang='lat' dir='ltr'><strong>praefixum</strong></span> <span class='ocrx_word' id='word_1_68' title='bbox 784 1567 937 1620; x_wconf 79' lang='lat' dir='ltr'><strong>video</strong></span> <span class='ocrx_word' id='word_1_69' title='bbox 977 1566 1171 1619; x_wconf 82' lang='lat' dir='ltr'><strong>Donati</strong></span> <span class='ocrx_word' id='word_1_70' title='bbox 1204 1567 1652 1636; x_wconf 72' lang='lat' dir='ltr'><strong>interpretationi.</strong></span> <span class='ocrx_word' id='word_1_71' title='bbox 1688 1570 1778 1637; x_wconf 80' lang='lat' dir='ltr'><strong>(ex</strong></span> <span class='ocrx_word' id='word_1_72' title='bbox 1809 1569 1932 1634; x_wconf 77' lang='grc' dir='ltr'><strong>ΧΠ,</strong></span> <span class='ocrx_word' id='word_1_73' title='bbox 1963 1568 2084 1620; x_wconf 77' lang='lat'><strong>410.</strong></span> <span class='ocrx_word' id='word_1_74' title='bbox 2129 1567 2274 1634; x_wconf 78' lang='lat' dir='ltr'><strong>Wr.)</strong></span> <span class='ocrx_word' id='word_1_75' title='bbox 2343 1563 2524 1618; x_wconf 79' lang='lat' dir='ltr'><strong>lulium</strong></span> <span class='ocrx_word' id='word_1_76' title='bbox 2559 1563 2718 1617; x_wconf 81' lang='lat' dir='ltr'><strong>Sabi-</strong></span> <span class='ocrx_word' id='word_1_77' title='bbox 2827 1597 2832 1600; x_wconf 95' lang='lat'>-</span> 
     </span>
    </p>
   </div>
   <div class='ocr_carea' id='block_1_10' title="bbox 461 1635 2718 1986">
    <p class='ocr_par' dir='ltr' id='par_1_10' title="bbox 461 1635 2718 1986">
     <span class='ocr_line' id='line_1_14' title="bbox 462 1635 2718 1708; baseline -0.001 -19"><span class='ocrx_word' id='word_1_78' title='bbox 462 1653 585 1689; x_wconf 86' lang='lat' dir='ltr'><strong>num</strong></span> <span class='ocrx_word' id='word_1_79' title='bbox 621 1648 921 1708; x_wconf 81' lang='lat' dir='ltr'><strong>corruptum</strong></span> <span class='ocrx_word' id='word_1_80' title='bbox 968 1636 1149 1706; x_wconf 74' lang='lat' dir='ltr'><strong>potius</strong></span> <span class='ocrx_word' id='word_1_81' title='bbox 1203 1654 1319 1690; x_wconf 75' lang='lat' dir='ltr'><strong>esse</strong></span> <span class='ocrx_word' id='word_1_82' title='bbox 1366 1637 1624 1702; x_wconf 79' lang='lat' dir='ltr'><strong>arbitror,</strong></span> <span class='ocrx_word' id='word_1_83' title='bbox 1673 1655 1827 1708; x_wconf 84' lang='lat' dir='ltr'><strong>quam</strong></span> <span class='ocrx_word' id='word_1_84' title='bbox 1875 1638 2158 1690; x_wconf 80' lang='lat' dir='ltr'><strong>lectionem</strong></span> <span class='ocrx_word' id='word_1_85' title='bbox 2205 1635 2428 1688; x_wconf 77' lang='lat' dir='ltr'><strong>variare.</strong></span> <span class='ocrx_word' id='word_1_86' title='bbox 2497 1635 2718 1698; x_wconf 66' lang='grc' dir='ltr'><strong>Βαράκ,</strong></span> 
     </span>
     <span class='ocr_line' id='line_1_15' title="bbox 462 1704 2718 1777; baseline -0.001 -19"><span class='ocrx_word' id='word_1_87' title='bbox 462 1705 559 1771; x_wconf 79' lang='lat' dir='ltr'><strong>ait,</strong></span> <span class='ocrx_word' id='word_1_88' title='bbox 596 1725 759 1777; x_wconf 80' lang='lat' dir='ltr'><strong>quam</strong></span> <span class='ocrx_word' id='word_1_89' title='bbox 778 1704 1068 1777; x_wconf 74' lang='lat' dir='ltr'><strong>faciebam</strong></span> <span class='ocrx_word' id='word_1_90' title='bbox 1108 1708 1355 1760; x_wconf 78' lang='lat' dir='ltr'><strong>Troiani.</strong></span> <span class='ocrx_word' id='word_1_91' title='bbox 1425 1711 1618 1761; x_wconf 71' lang='lat' dir='ltr'><strong>Oritur</strong></span> <span class='ocrx_word' id='word_1_92' title='bbox 1663 1709 1858 1760; x_wconf 70' lang='lat' dir='ltr'><strong>caedes</strong></span> <span class='ocrx_word' id='word_1_93' title='bbox 1890 1707 2332 1760; x_wconf 66' lang='lat' dir='ltr'><strong>descendentium</strong></span> <span class='ocrx_word' id='word_1_94' title='bbox 2363 1723 2464 1776; x_wconf 76' lang='lat' dir='ltr'><strong>per</strong></span> <span class='ocrx_word' id='word_1_95' title='bbox 2493 1705 2718 1773; x_wconf 67' lang='lat' dir='ltr'><strong>ingres-</strong></span> 
     </span>
     <span class='ocr_line' id='line_1_16' title="bbox 461 1773 2718 1847; baseline -0.002 -19"><span class='ocrx_word' id='word_1_96' title='bbox 461 1791 599 1838; x_wconf 69' lang='lat' dir='ltr'><strong>sum,</strong></span> <span class='ocrx_word' id='word_1_97' title='bbox 636 1787 691 1826; x_wconf 77' lang='lat' dir='ltr'><strong>ee</strong></span> <span class='ocrx_word' id='word_1_98' title='bbox 723 1777 998 1827; x_wconf 76' lang='lat' dir='ltr'><strong>ruentium</strong></span> <span class='ocrx_word' id='word_1_99' title='bbox 1032 1775 1109 1828; x_wconf 77' lang='lat' dir='ltr'><strong>ad</strong></span> <span class='ocrx_word' id='word_1_100' title='bbox 1134 1787 1374 1847; x_wconf 71' lang='lat' dir='ltr'><strong>portam.</strong></span> <span class='ocrx_word' id='word_1_101' title='bbox 1513 1779 1616 1833; x_wconf 84' lang='grc'><strong>887</strong></span> <span class='ocrx_word' id='word_1_102' title='bbox 1650 1778 2030 1832; x_wconf 49' lang='lat' dir='ltr'><strong>laetabuntur„</strong></span> <span class='ocrx_word' id='word_1_103' title='bbox 2063 1787 2196 1829; x_wconf 69' lang='lat' dir='ltr'><strong>ante</strong></span> <span class='ocrx_word' id='word_1_104' title='bbox 2231 1793 2333 1828; x_wconf 81' lang='lat' dir='ltr'><strong>om</strong></span> <span class='ocrx_word' id='word_1_105' title='bbox 2358 1793 2418 1846; x_wconf 82' lang='lat' dir='ltr'><strong>p.</strong></span> <span class='ocrx_word' id='word_1_106' title='bbox 2463 1773 2718 1826; x_wconf 79' lang='lat' dir='ltr'><strong>concinna</strong></span> 
     </span>
     <span class='ocr_line' id='line_1_17' title="bbox 461 1837 2716 1915; baseline -0 -19"><span class='ocrx_word' id='word_1_107' title='bbox 461 1843 782 1910; x_wconf 78' lang='lat' dir='ltr'><strong>repetitione</strong></span> <span class='ocrx_word' id='word_1_108' title='bbox 814 1845 1007 1898; x_wconf 80' lang='lat' dir='ltr'><strong>Moret.</strong></span> <span class='ocrx_word' id='word_1_109' title='bbox 1043 1863 1149 1897; x_wconf 76' lang='lat' dir='ltr'><strong>sec.</strong></span> <span class='ocrx_word' id='word_1_110' title='bbox 1196 1854 1252 1896; x_wconf 89' lang='lat' dir='ltr'><strong>et</strong></span> <span class='ocrx_word' id='word_1_111' title='bbox 1300 1847 1588 1914; x_wconf 77' lang='lat' dir='ltr'><strong>Hamburg.</strong></span> <span class='ocrx_word' id='word_1_112' title='bbox 1623 1864 1707 1915; x_wconf 84' lang='lat' dir='ltr'><strong>pr.</strong></span> <span class='ocrx_word' id='word_1_113' title='bbox 1756 1837 1904 1900; x_wconf 62' lang='lat' dir='ltr'><strong>a‘m.</strong></span> <span class='ocrx_word' id='word_1_114' title='bbox 1939 1863 2046 1898; x_wconf 70' lang='lat' dir='ltr'><strong>sec.</strong></span> <span class='ocrx_word' id='word_1_115' title='bbox 2165 1843 2272 1899; x_wconf 89' lang='lat'><strong>890</strong></span> <span class='ocrx_word' id='word_1_116' title='bbox 2303 1846 2522 1898; x_wconf 63' lang='lat' dir='ltr'><strong>Amisos</strong></span> <span class='ocrx_word' id='word_1_117' title='bbox 2553 1841 2716 1896; x_wconf 76' lang='lat' dir='ltr'><strong>Goth.</strong></span> 
     </span>
     <span class='ocr_line' id='line_1_18' title="bbox 462 1913 2718 1986; baseline 0 -21"><span class='ocrx_word' id='word_1_118' title='bbox 462 1929 571 1966; x_wconf 80' lang='lat' dir='ltr'><strong>sec.</strong></span> <span class='ocrx_word' id='word_1_119' title='bbox 636 1917 809 1966; x_wconf 69' lang='lat' dir='ltr'><strong>Areas</strong></span> <span class='ocrx_word' id='word_1_120' title='bbox 838 1925 903 1965; x_wconf 68' lang='lat' dir='ltr'><strong>ae</strong></span> <span class='ocrx_word' id='word_1_121' title='bbox 932 1915 992 1966; x_wconf 81' lang='lat' dir='ltr'><strong>in</strong></span> <span class='ocrx_word' id='word_1_122' title='bbox 1020 1933 1081 1986; x_wconf 80' lang='lat' dir='ltr'><strong>p.</strong></span> <span class='ocrx_word' id='word_1_123' title='bbox 1114 1921 1239 1968; x_wconf 78' lang='lat' dir='ltr'><strong>tert.</strong></span> <span class='ocrx_word' id='word_1_124' title='bbox 1308 1918 1369 1968; x_wconf 81' lang='lat' dir='ltr'><strong>in</strong></span> <span class='ocrx_word' id='word_1_125' title='bbox 1404 1919 1586 1984; x_wconf 72' lang='lat' dir='ltr'><strong>ponis</strong></span> <span class='ocrx_word' id='word_1_126' title='bbox 1625 1916 1762 1969; x_wconf 83' lang='lat' dir='ltr'><strong>Gud.</strong></span> <span class='ocrx_word' id='word_1_127' title='bbox 1797 1934 1914 1969; x_wconf 76' lang='lat' dir='ltr'><strong>cum</strong></span> <span class='ocrx_word' id='word_1_128' title='bbox 1953 1913 2126 1968; x_wconf 66' lang='lat' dir='ltr'><strong>uibus</strong></span> <span class='ocrx_word' id='word_1_129' title='bbox 2170 1913 2308 1968; x_wconf 68' lang='lat' dir='ltr'><strong>aliis.</strong></span> <span class='ocrx_word' id='word_1_130' title='bbox 2367 1914 2566 1986; x_wconf 68' lang='lat' dir='ltr'><strong>(postia</strong></span> <span class='ocrx_word' id='word_1_131' title='bbox 2597 1913 2718 1966; x_wconf 80' lang='grc' dir='ltr'><strong>Μο-</strong></span> 
     </span>
    </p>
   </div>
   <div class='ocr_carea' id='block_1_11' title="bbox 461 1982 743 2050">
    <p class='ocr_par' dir='ltr' id='par_1_11' title="bbox 461 1982 743 2050">
     <span class='ocr_line' id='line_1_19' title="bbox 461 1982 743 2050; baseline -0.007 -14"><span class='ocrx_word' id='word_1_132' title='bbox 461 1982 567 2036; x_wconf 78' lang='lat' dir='ltr'><strong>dic.</strong></span> <span class='ocrx_word' id='word_1_133' title='bbox 592 1985 743 2050; x_wconf 82' lang='lat' dir='ltr'><strong>Wr.)</strong></span> 
     </span>
    </p>
   </div>
   <div class='ocr_carea' id='block_1_12' title="bbox 452 2135 1553 4542">
    <p class='ocr_par' dir='ltr' id='par_1_12' title="bbox 452 2135 1553 4542">
     <span class='ocr_line' id='line_1_20' title="bbox 462 2135 1552 2221; baseline 0.003 -23"><span class='ocrx_word' id='word_1_134' title='bbox 462 2135 798 2213; x_wconf 54' lang='lat' dir='ltr'><strong>moenibus,</strong></span> <span class='ocrx_word' id='word_1_135' title='bbox 828 2140 993 2216; x_wconf 86' lang='lat' dir='ltr'><strong>urbe,</strong></span> <span class='ocrx_word' id='word_1_136' title='bbox 1034 2141 1250 2221; x_wconf 82' lang='lat' dir='ltr'><strong>portis3</strong></span> <span class='ocrx_word' id='word_1_137' title='bbox 1280 2161 1356 2200; x_wconf 87' lang='lat' dir='ltr'><strong>ex</strong></span> <span class='ocrx_word' id='word_1_138' title='bbox 1382 2161 1552 2201; x_wconf 86' lang='lat' dir='ltr'><strong>more</strong></span> 
     </span>
     <span class='ocr_line' id='line_1_21' title="bbox 458 2223 1550 2306; baseline 0.004 -23"><span class='ocrx_word' id='word_1_139' title='bbox 458 2223 771 2306; x_wconf 87' lang='lat' dir='ltr'><strong>loquendi;</strong></span> <span class='ocrx_word' id='word_1_140' title='bbox 799 2245 921 2283; x_wconf 85' lang='lat' dir='ltr'><strong>non</strong></span> <span class='ocrx_word' id='word_1_141' title='bbox 946 2245 1087 2305; x_wconf 82' lang='lat' dir='ltr'><strong>pro,</strong></span> <span class='ocrx_word' id='word_1_142' title='bbox 1115 2229 1315 2286; x_wconf 87' lang='lat' dir='ltr'><strong>muris.</strong></span> <span class='ocrx_word' id='word_1_143' title='bbox 1400 2227 1550 2294; x_wconf 88' lang='lat'>885.</span> 
     </span>
     <span class='ocr_line' id='line_1_22' title="bbox 460 2311 1553 2392; baseline -0.002 -16"><span class='ocrx_word' id='word_1_144' title='bbox 460 2313 608 2376; x_wconf 87' lang='lat'><strong>886.</strong></span> <span class='ocrx_word' id='word_1_145' title='bbox 666 2311 871 2370; x_wconf 84' lang='lat' dir='ltr'>Paullo</span> <span class='ocrx_word' id='word_1_146' title='bbox 918 2313 1231 2372; x_wconf 88' lang='lat' dir='ltr'><strong>obscurum</strong></span> <span class='ocrx_word' id='word_1_147' title='bbox 1275 2325 1391 2392; x_wconf 78' lang='lat' dir='ltr'><strong>est,</strong></span> <span class='ocrx_word' id='word_1_148' title='bbox 1434 2315 1553 2374; x_wconf 89' lang='lat' dir='ltr'><strong>utri</strong></span> 
     </span>
     <span class='ocr_line' id='line_1_23' title="bbox 458 2395 1552 2476; baseline 0.005 -21"><span class='ocrx_word' id='word_1_149' title='bbox 458 2397 576 2455; x_wconf 78' lang='lat' dir='ltr'><strong>sint</strong></span> <span class='ocrx_word' id='word_1_150' title='bbox 616 2395 997 2476; x_wconf 74' lang='lat' dir='ltr'><strong>defendentes</strong></span> <span class='ocrx_word' id='word_1_151' title='bbox 1042 2410 1101 2457; x_wconf 90' lang='lat' dir='ltr'><strong>et</strong></span> <span class='ocrx_word' id='word_1_152' title='bbox 1138 2411 1395 2459; x_wconf 72' lang='lat' dir='ltr'><strong>ntentee.</strong></span> <span class='ocrx_word' id='word_1_153' title='bbox 1482 2401 1552 2460; x_wconf 85' lang='lat' dir='ltr'><strong>Si</strong></span> 
     </span>
     <span class='ocr_line' id='line_1_24' title="bbox 460 2481 1548 2569; baseline 0.007 -29"><span class='ocrx_word' id='word_1_154' title='bbox 460 2481 564 2561; x_wconf 88' lang='lat' dir='ltr'><strong>illi,</strong></span> <span class='ocrx_word' id='word_1_155' title='bbox 597 2485 697 2565; x_wconf 91' lang='lat' dir='ltr'><strong>qui</strong></span> <span class='ocrx_word' id='word_1_156' title='bbox 725 2483 960 2564; x_wconf 86' lang='lat' dir='ltr'><strong>fugiunt</strong></span> <span class='ocrx_word' id='word_1_157' title='bbox 980 2495 1039 2544; x_wconf 84' lang='lat' dir='ltr'><strong>et</strong></span> <span class='ocrx_word' id='word_1_158' title='bbox 1066 2488 1165 2569; x_wconf 91' lang='lat' dir='ltr'><strong>qui</strong></span> <span class='ocrx_word' id='word_1_159' title='bbox 1181 2507 1548 2569; x_wconf 84' lang='lat' dir='ltr'><strong>persequun-</strong></span> 
     </span>
     <span class='ocr_line' id='line_1_25' title="bbox 460 2570 1549 2654; baseline 0.005 -27"><span class='ocrx_word' id='word_1_160' title='bbox 460 2580 555 2628; x_wconf 85' lang='lat' dir='ltr'><strong>tur</strong></span> <span class='ocrx_word' id='word_1_161' title='bbox 578 2570 865 2649; x_wconf 83' lang='lat' dir='ltr'><strong>fugientes</strong></span> <span class='ocrx_word' id='word_1_162' title='bbox 882 2616 899 2647; x_wconf 89' lang='lat'><strong>,</strong></span> <span class='ocrx_word' id='word_1_163' title='bbox 944 2590 1141 2631; x_wconf 86' lang='lat' dir='ltr'><strong>sensus</strong></span> <span class='ocrx_word' id='word_1_164' title='bbox 1172 2570 1332 2632; x_wconf 87' lang='lat' dir='ltr'><strong>haud</strong></span> <span class='ocrx_word' id='word_1_165' title='bbox 1362 2594 1549 2654; x_wconf 89' lang='lat' dir='ltr'><strong>expe-</strong></span> 
     </span>
     <span class='ocr_line' id='line_1_26' title="bbox 460 2654 1547 2735; baseline 0.005 -22"><span class='ocrx_word' id='word_1_166' title='bbox 460 2654 572 2713; x_wconf 89' lang='lat' dir='ltr'><strong>diri</strong></span> <span class='ocrx_word' id='word_1_167' title='bbox 608 2666 817 2735; x_wconf 84' lang='lat' dir='ltr'><strong>potest.</strong></span> <span class='ocrx_word' id='word_1_168' title='bbox 914 2658 1038 2717; x_wconf 85' lang='lat' dir='ltr'><strong>Nec</strong></span> <span class='ocrx_word' id='word_1_169' title='bbox 1075 2660 1183 2717; x_wconf 85' lang='lat' dir='ltr'><strong>lux</strong></span> <span class='ocrx_word' id='word_1_170' title='bbox 1225 2660 1298 2718; x_wconf 87' lang='lat' dir='ltr'><strong>ab</strong></span> <span class='ocrx_word' id='word_1_171' title='bbox 1340 2659 1547 2719; x_wconf 81' lang='lat' dir='ltr'><strong>Servio</strong></span> 
     </span>
     <span class='ocr_line' id='line_1_27' title="bbox 458 2740 1548 2827; baseline 0.006 -28"><span class='ocrx_word' id='word_1_172' title='bbox 458 2740 699 2823; x_wconf 75' lang='lat' dir='ltr'><strong>aliisque</strong></span> <span class='ocrx_word' id='word_1_173' title='bbox 738 2742 1118 2823; x_wconf 84' lang='lat' dir='ltr'><strong>expectanda.</strong></span> <span class='ocrx_word' id='word_1_174' title='bbox 1219 2746 1548 2827; x_wconf 82' lang='lat' dir='ltr'><strong>Simplicis-</strong></span> 
     </span>
     <span class='ocr_line' id='line_1_28' title="bbox 458 2828 1547 2908; baseline 0.003 -23"><span class='ocrx_word' id='word_1_175' title='bbox 458 2828 675 2886; x_wconf 75' lang='lat' dir='ltr'><strong>simum</strong></span> <span class='ocrx_word' id='word_1_176' title='bbox 717 2840 848 2908; x_wconf 86' lang='lat' dir='ltr'><strong>post</strong></span> <span class='ocrx_word' id='word_1_177' title='bbox 890 2830 1003 2889; x_wconf 87' lang='lat' dir='ltr'><strong>alia</strong></span> <span class='ocrx_word' id='word_1_178' title='bbox 1030 2840 1251 2889; x_wconf 85' lang='lat' dir='ltr'><strong>tentata</strong></span> <span class='ocrx_word' id='word_1_179' title='bbox 1278 2828 1391 2890; x_wconf 91' lang='lat' dir='ltr'><strong>hoc</strong></span> <span class='ocrx_word' id='word_1_180' title='bbox 1423 2851 1547 2891; x_wconf 83' lang='lat' dir='ltr'><strong>esse</strong></span> 
     </span>
     <span class='ocr_line' id='line_1_29' title="bbox 458 2914 1547 2995; baseline 0.005 -24"><span class='ocrx_word' id='word_1_181' title='bbox 458 2915 739 2973; x_wconf 77' lang='lat' dir='ltr'><strong>arbitror:</strong></span> <span class='ocrx_word' id='word_1_182' title='bbox 801 2916 897 2995; x_wconf 86' lang='lat' dir='ltr'><strong>agi</strong></span> <span class='ocrx_word' id='word_1_183' title='bbox 940 2914 1013 2974; x_wconf 88' lang='lat' dir='ltr'><strong>de</strong></span> <span class='ocrx_word' id='word_1_184' title='bbox 1054 2918 1235 2995; x_wconf 79' lang='lat' dir='ltr'><strong>portis</strong></span> <span class='ocrx_word' id='word_1_185' title='bbox 1276 2916 1547 2975; x_wconf 86' lang='lat' dir='ltr'><strong>nondum</strong></span> 
     </span>
     <span class='ocr_line' id='line_1_30' title="bbox 458 2998 1546 3075; baseline 0.002 -16"><span class='ocrx_word' id='word_1_186' title='bbox 458 3000 697 3075; x_wconf 83' lang='lat' dir='ltr'><strong>clausis,</strong></span> <span class='ocrx_word' id='word_1_187' title='bbox 737 2999 841 3059; x_wconf 80' lang='lat' dir='ltr'><strong>sed</strong></span> <span class='ocrx_word' id='word_1_188' title='bbox 869 2998 1223 3061; x_wconf 78' lang='lat' dir='ltr'><strong>claudendis.</strong></span> <span class='ocrx_word' id='word_1_189' title='bbox 1295 3005 1457 3061; x_wconf 89' lang='lat' dir='ltr'><strong>Dum</strong></span> <span class='ocrx_word' id='word_1_190' title='bbox 1483 3006 1546 3061; x_wconf 87' lang='lat' dir='ltr'><strong>in</strong></span> 
     </span>
     <span class='ocr_line' id='line_1_31' title="bbox 458 3086 1549 3167; baseline 0.001 -22"><span class='ocrx_word' id='word_1_191' title='bbox 458 3104 530 3145; x_wconf 86' lang='lat' dir='ltr'><strong>eo</strong></span> <span class='ocrx_word' id='word_1_192' title='bbox 557 3096 693 3145; x_wconf 85' lang='lat' dir='ltr'><strong>sunt</strong></span> <span class='ocrx_word' id='word_1_193' title='bbox 721 3086 1025 3166; x_wconf 86' lang='lat' dir='ltr'><strong>oppidani,</strong></span> <span class='ocrx_word' id='word_1_194' title='bbox 1067 3098 1135 3146; x_wconf 88' lang='lat' dir='ltr'><strong>ut</strong></span> <span class='ocrx_word' id='word_1_195' title='bbox 1160 3098 1352 3167; x_wconf 86' lang='lat' dir='ltr'><strong>portas</strong></span> <span class='ocrx_word' id='word_1_196' title='bbox 1382 3090 1549 3148; x_wconf 84' lang='lat' dir='ltr'><strong>clau·-</strong></span> 
     </span>
     <span class='ocr_line' id='line_1_32' title="bbox 459 3170 1548 3254; baseline 0.002 -23"><span class='ocrx_word' id='word_1_197' title='bbox 459 3170 631 3247; x_wconf 83' lang='lat' dir='ltr'><strong>dant,</strong></span> <span class='ocrx_word' id='word_1_198' title='bbox 677 3191 812 3230; x_wconf 86' lang='lat' dir='ltr'><strong>ecce</strong></span> <span class='ocrx_word' id='word_1_199' title='bbox 852 3174 1079 3231; x_wconf 87' lang='lat' dir='ltr'><strong>irruunt</strong></span> <span class='ocrx_word' id='word_1_200' title='bbox 1105 3175 1281 3254; x_wconf 86' lang='lat' dir='ltr'><strong>primi</strong></span> <span class='ocrx_word' id='word_1_201' title='bbox 1310 3175 1548 3254; x_wconf 80' lang='lat' dir='ltr'><strong>fugien-</strong></span> 
     </span>
     <span class='ocr_line' id='line_1_33' title="bbox 457 3260 1547 3340; baseline 0.005 -25"><span class='ocrx_word' id='word_1_202' title='bbox 457 3267 546 3316; x_wconf 88' lang='lat' dir='ltr'><strong>tes</strong></span> <span class='ocrx_word' id='word_1_203' title='bbox 564 3303 581 3334; x_wconf 90' lang='lat'>‚</span> <span class='ocrx_word' id='word_1_204' title='bbox 627 3277 773 3340; x_wconf 79' lang='lat' dir='ltr'><strong>quos</strong></span> <span class='ocrx_word' id='word_1_205' title='bbox 799 3260 895 3317; x_wconf 77' lang='lat' dir='ltr'><strong>isti</strong></span> <span class='ocrx_word' id='word_1_206' title='bbox 912 3304 929 3337; x_wconf 90' lang='lat'><strong>,</strong></span> <span class='ocrx_word' id='word_1_207' title='bbox 987 3280 1064 3317; x_wconf 90' lang='lat' dir='ltr'><strong>ne</strong></span> <span class='ocrx_word' id='word_1_208' title='bbox 1093 3278 1213 3319; x_wconf 81' lang='lat' dir='ltr'><strong>una</strong></span> <span class='ocrx_word' id='word_1_209' title='bbox 1242 3280 1383 3319; x_wconf 88' lang='lat' dir='ltr'><strong>cum</strong></span> <span class='ocrx_word' id='word_1_210' title='bbox 1409 3262 1547 3340; x_wconf 75' lang='lat' dir='ltr'><strong>ipsis</strong></span> 
     </span>
     <span class='ocr_line' id='line_1_34' title="bbox 456 3340 1546 3426; baseline 0.004 -25"><span class='ocrx_word' id='word_1_211' title='bbox 456 3340 650 3403; x_wconf 76' lang='lat' dir='ltr'><strong>hostes</strong></span> <span class='ocrx_word' id='word_1_212' title='bbox 679 3346 900 3403; x_wconf 85' lang='lat' dir='ltr'><strong>irruant</strong></span> <span class='ocrx_word' id='word_1_213' title='bbox 914 3390 929 3420; x_wconf 91' lang='lat'>‚</span> <span class='ocrx_word' id='word_1_214' title='bbox 972 3350 1232 3426; x_wconf 85' lang='lat' dir='ltr'><strong>accipere</strong></span> <span class='ocrx_word' id='word_1_215' title='bbox 1260 3348 1412 3405; x_wconf 85' lang='lat' dir='ltr'><strong>intra</strong></span> <span class='ocrx_word' id='word_1_216' title='bbox 1439 3366 1546 3404; x_wconf 87' lang='lat' dir='ltr'><strong>ur-</strong></span> 
     </span>
     <span class='ocr_line' id='line_1_35' title="bbox 456 3430 1544 3491; baseline 0.002 -2"><span class='ocrx_word' id='word_1_217' title='bbox 456 3430 595 3489; x_wconf 88' lang='lat' dir='ltr'><strong>bem</strong></span> <span class='ocrx_word' id='word_1_218' title='bbox 622 3431 850 3488; x_wconf 85' lang='lat' dir='ltr'><strong>nolunt.</strong></span> <span class='ocrx_word' id='word_1_219' title='bbox 936 3432 1090 3489; x_wconf 88' lang='lat' dir='ltr'><strong>Hinc</strong></span> <span class='ocrx_word' id='word_1_220' title='bbox 1121 3434 1304 3490; x_wconf 88' lang='lat' dir='ltr'><strong>oritur</strong></span> <span class='ocrx_word' id='word_1_221' title='bbox 1340 3430 1544 3491; x_wconf 84' lang='lat' dir='ltr'><strong>caedes</strong></span> 
     </span>
     <span class='ocr_line' id='line_1_36' title="bbox 454 3516 1546 3597; baseline 0.003 -24"><span class='ocrx_word' id='word_1_222' title='bbox 454 3518 667 3597; x_wconf 86' lang='lat' dir='ltr'><strong>partim</strong></span> <span class='ocrx_word' id='word_1_223' title='bbox 697 3534 930 3589; x_wconf 88' lang='lat' dir='ltr'><strong>eorum,</strong></span> <span class='ocrx_word' id='word_1_224' title='bbox 964 3518 1065 3597; x_wconf 91' lang='lat' dir='ltr'><strong>qui</strong></span> <span class='ocrx_word' id='word_1_225' title='bbox 1094 3518 1152 3575; x_wconf 83' lang='lat' dir='ltr'><strong>vi</strong></span> <span class='ocrx_word' id='word_1_226' title='bbox 1180 3516 1253 3574; x_wconf 90' lang='lat' dir='ltr'><strong>ab</strong></span> <span class='ocrx_word' id='word_1_227' title='bbox 1283 3518 1546 3597; x_wconf 80' lang='lat' dir='ltr'><strong>ingressu</strong></span> 
     </span>
     <span class='ocr_line' id='line_1_37' title="bbox 456 3600 1545 3681; baseline 0.003 -21"><span class='ocrx_word' id='word_1_228' title='bbox 456 3610 657 3681; x_wconf 81' lang='lat' dir='ltr'><strong>portae</strong></span> <span class='ocrx_word' id='word_1_229' title='bbox 713 3600 999 3679; x_wconf 85' lang='lat' dir='ltr'><strong>fugientes</strong></span> <span class='ocrx_word' id='word_1_230' title='bbox 1065 3600 1375 3679; x_wconf 88' lang='lat' dir='ltr'><strong>prohibere</strong></span> <span class='ocrx_word' id='word_1_231' title='bbox 1431 3624 1545 3663; x_wconf 79' lang='lat' dir='ltr'><strong>vo-</strong></span> 
     </span>
     <span class='ocr_line' id='line_1_38' title="bbox 455 3688 1544 3771; baseline 0.002 -26"><span class='ocrx_word' id='word_1_232' title='bbox 455 3688 619 3761; x_wconf 89' lang='lat' dir='ltr'><strong>lunt,</strong></span> <span class='ocrx_word' id='word_1_233' title='bbox 674 3688 888 3766; x_wconf 81' lang='lat' dir='ltr'><strong>partim</strong></span> <span class='ocrx_word' id='word_1_234' title='bbox 931 3704 1168 3763; x_wconf 80' lang='lat' dir='ltr'><strong>eorum,</strong></span> <span class='ocrx_word' id='word_1_235' title='bbox 1214 3692 1315 3771; x_wconf 92' lang='lat' dir='ltr'><strong>qui</strong></span> <span class='ocrx_word' id='word_1_236' title='bbox 1356 3690 1417 3749; x_wconf 83' lang='lat' dir='ltr'><strong>vi</strong></span> <span class='ocrx_word' id='word_1_237' title='bbox 1457 3690 1544 3747; x_wconf 84' lang='lat' dir='ltr'><strong>ir-</strong></span> 
     </span>
     <span class='ocr_line' id='line_1_39' title="bbox 455 3773 1541 3852; baseline 0.002 -21"><span class='ocrx_word' id='word_1_238' title='bbox 455 3782 736 3852; x_wconf 86' lang='lat' dir='ltr'><strong>rumpunt</strong></span> <span class='ocrx_word' id='word_1_239' title='bbox 766 3783 825 3831; x_wconf 88' lang='lat' dir='ltr'><strong>et</strong></span> <span class='ocrx_word' id='word_1_240' title='bbox 849 3773 913 3829; x_wconf 86' lang='lat' dir='ltr'><strong>in</strong></span> <span class='ocrx_word' id='word_1_241' title='bbox 942 3773 1265 3833; x_wconf 68' lang='lat' dir='ltr'><strong>resistentes</strong></span> <span class='ocrx_word' id='word_1_242' title='bbox 1292 3776 1541 3833; x_wconf 85' lang='lat' dir='ltr'><strong>irruunt.</strong></span> 
     </span>
     <span class='ocr_line' id='line_1_40' title="bbox 457 3860 1544 3937; baseline -0.006 -13"><span class='ocrx_word' id='word_1_243' title='bbox 457 3862 601 3923; x_wconf 85' lang='lat'>888.</span> <span class='ocrx_word' id='word_1_244' title='bbox 647 3868 895 3937; x_wconf 78' lang='lat' dir='ltr'><strong>urgente</strong></span> <span class='ocrx_word' id='word_1_245' title='bbox 920 3860 1103 3916; x_wconf 78' lang='lat' dir='ltr'><strong>ruina</strong></span> <span class='ocrx_word' id='word_1_246' title='bbox 1128 3861 1267 3936; x_wconf 88' lang='lat' dir='ltr'><strong>soli,</strong></span> <span class='ocrx_word' id='word_1_247' title='bbox 1298 3872 1363 3919; x_wconf 86' lang='lat' dir='ltr'><strong>ut</strong></span> <span class='ocrx_word' id='word_1_248' title='bbox 1387 3861 1452 3919; x_wconf 85' lang='lat' dir='ltr'><strong>fit</strong></span> <span class='ocrx_word' id='word_1_249' title='bbox 1478 3864 1544 3919; x_wconf 82' lang='lat' dir='ltr'><strong>in</strong></span> 
     </span>
     <span class='ocr_line' id='line_1_41' title="bbox 457 3945 1546 4022; baseline 0.003 -20"><span class='ocrx_word' id='word_1_250' title='bbox 457 3962 557 4002; x_wconf 90' lang='lat' dir='ltr'><strong>ora</strong></span> <span class='ocrx_word' id='word_1_251' title='bbox 611 3962 713 4001; x_wconf 84' lang='lat' dir='ltr'><strong>seu</strong></span> <span class='ocrx_word' id='word_1_252' title='bbox 769 3945 1033 4022; x_wconf 75' lang='lat' dir='ltr'><strong>margine</strong></span> <span class='ocrx_word' id='word_1_253' title='bbox 1090 3945 1373 4005; x_wconf 80' lang='lat' dir='ltr'><strong>fossarum</strong></span> <span class='ocrx_word' id='word_1_254' title='bbox 1389 3992 1406 4022; x_wconf 88' lang='lat'>,</span> <span class='ocrx_word' id='word_1_255' title='bbox 1476 3957 1546 4005; x_wconf 88' lang='lat' dir='ltr'><strong>ut</strong></span> 
     </span>
     <span class='ocr_line' id='line_1_42' title="bbox 456 4030 1542 4091; baseline 0.004 -4"><span class='ocrx_word' id='word_1_256' title='bbox 456 4038 584 4087; x_wconf 84' lang='lat' dir='ltr'><strong>ruat</strong></span> <span class='ocrx_word' id='word_1_257' title='bbox 627 4030 818 4088; x_wconf 73' lang='lat' dir='ltr'><strong>soltun</strong></span> <span class='ocrx_word' id='word_1_258' title='bbox 865 4040 923 4088; x_wconf 87' lang='lat' dir='ltr'><strong>et</strong></span> <span class='ocrx_word' id='word_1_259' title='bbox 964 4030 1206 4090; x_wconf 77' lang='lat' dir='ltr'><strong>fatiscat.</strong></span> <span class='ocrx_word' id='word_1_260' title='bbox 1308 4033 1389 4091; x_wconf 89' lang='lat' dir='ltr'><strong>At</strong></span> <span class='ocrx_word' id='word_1_261' title='bbox 1430 4034 1542 4090; x_wconf 86' lang='lat' dir='ltr'><strong>lul.</strong></span> 
     </span>
     <span class='ocr_line' id='line_1_43' title="bbox 456 4116 1542 4177; baseline -0.001 0"><span class='ocrx_word' id='word_1_262' title='bbox 456 4116 705 4177; x_wconf 82' lang='lat' dir='ltr'><strong>Sabinus</strong></span> <span class='ocrx_word' id='word_1_263' title='bbox 734 4117 964 4175; x_wconf 89' lang='lat' dir='ltr'><strong>ruinam</strong></span> <span class='ocrx_word' id='word_1_264' title='bbox 994 4116 1329 4176; x_wconf 80' lang='lat' dir='ltr'><strong>cadentium</strong></span> <span class='ocrx_word' id='word_1_265' title='bbox 1356 4122 1542 4177; x_wconf 84' lang='lat' dir='ltr'><strong>inter-</strong></span> 
     </span>
     <span class='ocr_line' id='line_1_44' title="bbox 452 4204 1544 4286; baseline 0.001 -25"><span class='ocrx_word' id='word_1_266' title='bbox 452 4214 741 4283; x_wconf 71' lang='lat' dir='ltr'><strong>pretatur:</strong></span> <span class='ocrx_word' id='word_1_267' title='bbox 783 4205 865 4262; x_wconf 90' lang='lat' dir='ltr'><strong>sic</strong></span> <span class='ocrx_word' id='word_1_268' title='bbox 896 4222 1131 4286; x_wconf 86' lang='lat' dir='ltr'><strong>quoque</strong></span> <span class='ocrx_word' id='word_1_269' title='bbox 1175 4204 1290 4262; x_wconf 84' lang='lat' dir='ltr'><strong>alii.</strong></span> <span class='ocrx_word' id='word_1_270' title='bbox 1365 4204 1544 4281; x_wconf 88' lang='lat' dir='ltr'><strong>(Rui-</strong></span> 
     </span>
     <span class='ocr_line' id='line_1_45' title="bbox 453 4289 1544 4369; baseline 0 -21"><span class='ocrx_word' id='word_1_271' title='bbox 453 4310 565 4349; x_wconf 83' lang='lat' dir='ltr'><strong>nae</strong></span> <span class='ocrx_word' id='word_1_272' title='bbox 615 4290 721 4348; x_wconf 82' lang='lat' dir='ltr'><strong>soli</strong></span> <span class='ocrx_word' id='word_1_273' title='bbox 777 4310 898 4348; x_wconf 84' lang='lat' dir='ltr'><strong>non</strong></span> <span class='ocrx_word' id='word_1_274' title='bbox 967 4292 1239 4347; x_wconf 83' lang='lat' dir='ltr'><strong>convenit</strong></span> <span class='ocrx_word' id='word_1_275' title='bbox 1291 4289 1544 4369; x_wconf 88' lang='lat' dir='ltr'><strong>urgendi</strong></span> 
     </span>
     <span class='ocr_line' id='line_1_46' title="bbox 453 4372 1546 4455; baseline -0.001 -21"><span class='ocrx_word' id='word_1_276' title='bbox 453 4378 733 4453; x_wconf 81' lang='lat' dir='ltr'><strong>verbum3</strong></span> <span class='ocrx_word' id='word_1_277' title='bbox 776 4372 890 4435; x_wconf 89' lang='lat' dir='ltr'><strong>hoc</strong></span> <span class='ocrx_word' id='word_1_278' title='bbox 922 4374 1061 4434; x_wconf 84' lang='lat' dir='ltr'><strong>dicit</strong></span> <span class='ocrx_word' id='word_1_279' title='bbox 1089 4386 1298 4455; x_wconf 89' lang='lat' dir='ltr'><strong>poeta:</strong></span> <span class='ocrx_word' id='word_1_280' title='bbox 1330 4386 1546 4453; x_wconf 86' lang='lat' dir='ltr'><strong>urgent</strong></span> 
     </span>
     <span class='ocr_line' id='line_1_47' title="bbox 453 4460 1542 4542; baseline -0.002 -22"><span class='ocrx_word' id='word_1_281' title='bbox 453 4481 517 4520; x_wconf 76' lang='lat' dir='ltr'><strong>se</strong></span> <span class='ocrx_word' id='word_1_282' title='bbox 528 4464 673 4520; x_wconf 85' lang='lat' dir='ltr'><strong>alius</strong></span> <span class='ocrx_word' id='word_1_283' title='bbox 685 4482 861 4542; x_wconf 76' lang='lat' dir='ltr'><strong>super</strong></span> <span class='ocrx_word' id='word_1_284' title='bbox 877 4464 1061 4520; x_wconf 85' lang='lat' dir='ltr'><strong>alium</strong></span> <span class='ocrx_word' id='word_1_285' title='bbox 1080 4473 1331 4521; x_wconf 81' lang='lat' dir='ltr'><strong>ruentes.</strong></span> <span class='ocrx_word' id='word_1_286' title='bbox 1371 4460 1542 4539; x_wconf 85' lang='lat' dir='ltr'><strong>Wr.)</strong></span> 
     </span>
    </p>
   </div>
   <div class='ocr_carea' id='block_1_13' title="bbox 1719 2141 2718 2210">
    <p class='ocr_par' dir='ltr' id='par_1_13' title="bbox 1719 2141 2718 2210">
     <span class='ocr_line' id='line_1_48' title="bbox 1719 2141 2718 2210; baseline -0.014 0"><span class='ocrx_word' id='word_1_287' title='bbox 1719 2147 1866 2210; x_wconf 89' lang='grc'><strong>891.</strong></span> <span class='ocrx_word' id='word_1_288' title='bbox 1896 2142 2195 2202; x_wconf 81' lang='lat' dir='ltr'><strong>Affectum</strong></span> <span class='ocrx_word' id='word_1_289' title='bbox 2219 2141 2562 2200; x_wconf 79' lang='lat' dir='ltr'><strong>Latinarum</strong></span> <span class='ocrx_word' id='word_1_290' title='bbox 2585 2159 2718 2198; x_wconf 84' lang='lat' dir='ltr'><strong>ma-</strong></span> 
     </span>
    </p>
   </div>
   <div class='ocr_carea' id='block_1_14' title="bbox 1631 2225 2812 2306">
    <p class='ocr_par' dir='ltr' id='par_1_14' title="bbox 1631 2225 2812 2306">
     <span class='ocr_line' id='line_1_49' title="bbox 1631 2225 2812 2306; baseline -0.004 -18"><span class='ocrx_word' id='word_1_291' title='bbox 1631 2239 1932 2288; x_wconf 85' lang='lat' dir='ltr'><strong>tronarum</strong></span> <span class='ocrx_word' id='word_1_292' title='bbox 1975 2239 2077 2288; x_wconf 86' lang='lat' dir='ltr'><strong>aut</strong></span> <span class='ocrx_word' id='word_1_293' title='bbox 2119 2248 2197 2286; x_wconf 85' lang='lat' dir='ltr'><strong>ex</strong></span> <span class='ocrx_word' id='word_1_294' title='bbox 2235 2225 2349 2286; x_wconf 90' lang='lat' dir='ltr'><strong>hoc</strong></span> <span class='ocrx_word' id='word_1_295' title='bbox 2393 2226 2716 2306; x_wconf 84' lang='lat' dir='ltr'><strong>profectum</strong></span> <span class='ocrx_word' id='word_1_296' title='bbox 2807 2293 2812 2296; x_wconf 43' lang='grc'><em>,</em></span> 
     </span>
    </p>
   </div>
   <div class='ocr_carea' id='block_1_15' title="bbox 1627 2309 2719 3085">
    <p class='ocr_par' dir='ltr' id='par_1_15' title="bbox 1627 2309 2719 3085">
     <span class='ocr_line' id='line_1_50' title="bbox 1633 2309 2717 2396; baseline -0.006 -20"><span class='ocrx_word' id='word_1_297' title='bbox 1633 2315 1827 2376; x_wconf 81' lang='lat' dir='ltr'><strong>dicere</strong></span> <span class='ocrx_word' id='word_1_298' title='bbox 1853 2335 2087 2376; x_wconf 85' lang='lat' dir='ltr'><strong>necesse</strong></span> <span class='ocrx_word' id='word_1_299' title='bbox 2117 2324 2232 2389; x_wconf 87' lang='lat' dir='ltr'><strong>est,</strong></span> <span class='ocrx_word' id='word_1_300' title='bbox 2271 2311 2436 2396; x_wconf 88' lang='lat' dir='ltr'><strong>quod</strong></span> <span class='ocrx_word' id='word_1_301' title='bbox 2488 2309 2717 2370; x_wconf 78' lang='lat' dir='ltr'><strong>Camil-</strong></span> 
     </span>
     <span class='ocr_line' id='line_1_51' title="bbox 1631 2399 2719 2480; baseline -0.005 -20"><span class='ocrx_word' id='word_1_302' title='bbox 1631 2401 1730 2460; x_wconf 77' lang='lat' dir='ltr'><strong>lae</strong></span> <span class='ocrx_word' id='word_1_303' title='bbox 1781 2422 1998 2480; x_wconf 75' lang='lat' dir='ltr'><strong>corpus</strong></span> <span class='ocrx_word' id='word_1_304' title='bbox 2047 2399 2416 2480; x_wconf 86' lang='lat' dir='ltr'><strong>deportatum</strong></span> <span class='ocrx_word' id='word_1_305' title='bbox 2472 2418 2550 2456; x_wconf 84' lang='lat' dir='ltr'><strong>ex</strong></span> <span class='ocrx_word' id='word_1_306' title='bbox 2601 2417 2719 2478; x_wconf 86' lang='lat' dir='ltr'><strong>pu-</strong></span> 
     </span>
     <span class='ocr_line' id='line_1_52' title="bbox 1629 2489 2718 2569; baseline -0.006 -20"><span class='ocrx_word' id='word_1_307' title='bbox 1629 2508 1748 2569; x_wconf 82' lang='lat' dir='ltr'><strong>gna</strong></span> <span class='ocrx_word' id='word_1_308' title='bbox 1777 2489 2172 2569; x_wconf 82' lang='lat' dir='ltr'><strong>conspiciunt:</strong></span> <span class='ocrx_word' id='word_1_309' title='bbox 2227 2505 2406 2568; x_wconf 90' lang='lat' dir='ltr'><strong>quam</strong></span> <span class='ocrx_word' id='word_1_310' title='bbox 2449 2503 2588 2543; x_wconf 87' lang='lat' dir='ltr'><strong>cum</strong></span> <span class='ocrx_word' id='word_1_311' title='bbox 2613 2501 2718 2565; x_wconf 87' lang='lat' dir='ltr'><strong>pro</strong></span> 
     </span>
     <span class='ocr_line' id='line_1_53' title="bbox 1628 2569 2718 2635; baseline -0.006 0"><span class='ocrx_word' id='word_1_312' title='bbox 1628 2578 1972 2635; x_wconf 80' lang='lat' dir='ltr'><strong>Latinorum</strong></span> <span class='ocrx_word' id='word_1_313' title='bbox 2038 2574 2222 2632; x_wconf 77' lang='lat' dir='ltr'><strong>salute</strong></span> <span class='ocrx_word' id='word_1_314' title='bbox 2293 2569 2566 2631; x_wconf 82' lang='lat' dir='ltr'><strong>cecidisse</strong></span> <span class='ocrx_word' id='word_1_315' title='bbox 2627 2571 2718 2629; x_wconf 81' lang='lat' dir='ltr'><strong>vi-</strong></span> 
     </span>
     <span class='ocr_line' id='line_1_54' title="bbox 1631 2658 2717 2741; baseline -0.007 -21"><span class='ocrx_word' id='word_1_316' title='bbox 1631 2658 1836 2737; x_wconf 84' lang='lat' dir='ltr'><strong>deant,</strong></span> <span class='ocrx_word' id='word_1_317' title='bbox 1894 2664 2053 2741; x_wconf 86' lang='lat' dir='ltr'><strong>ipsae</strong></span> <span class='ocrx_word' id='word_1_318' title='bbox 2095 2660 2309 2740; x_wconf 79' lang='lat' dir='ltr'><strong>partim</strong></span> <span class='ocrx_word' id='word_1_319' title='bbox 2351 2658 2717 2715; x_wconf 83' lang='lat' dir='ltr'><strong>miseratione</strong></span> 
     </span>
     <span class='ocr_line' id='line_1_55' title="bbox 1627 2740 2717 2828; baseline -0.007 -21"><span class='ocrx_word' id='word_1_320' title='bbox 1627 2750 1842 2828; x_wconf 87' lang='lat' dir='ltr'><strong>partim</strong></span> <span class='ocrx_word' id='word_1_321' title='bbox 1882 2748 2100 2826; x_wconf 78' lang='lat' dir='ltr'><strong>patriae</strong></span> <span class='ocrx_word' id='word_1_322' title='bbox 2152 2740 2554 2803; x_wconf 86' lang='lat' dir='ltr'><strong>defendendae</strong></span> <span class='ocrx_word' id='word_1_323' title='bbox 2593 2752 2717 2801; x_wconf 85' lang='lat' dir='ltr'><strong>stu-</strong></span> 
     </span>
     <span class='ocr_line' id='line_1_56' title="bbox 1631 2824 2718 2905; baseline -0.009 -13"><span class='ocrx_word' id='word_1_324' title='bbox 1631 2832 1728 2893; x_wconf 88' lang='lat' dir='ltr'><strong>dio</strong></span> <span class='ocrx_word' id='word_1_325' title='bbox 1783 2833 2256 2905; x_wconf 68' lang='lat' dir='ltr'><strong>inflammantur:</strong></span> <span class='ocrx_word' id='word_1_326' title='bbox 2323 2840 2426 2889; x_wconf 85' lang='lat' dir='ltr'><strong>aut</strong></span> <span class='ocrx_word' id='word_1_327' title='bbox 2489 2824 2718 2886; x_wconf 74' lang='lat' dir='ltr'><strong>Camil-</strong></span> 
     </span>
     <span class='ocr_line' id='line_1_57' title="bbox 1631 2912 2716 2999; baseline -0.006 -22"><span class='ocrx_word' id='word_1_328' title='bbox 1631 2918 1760 2977; x_wconf 83' lang='lat' dir='ltr'><strong>lam</strong></span> <span class='ocrx_word' id='word_1_329' title='bbox 1794 2927 2180 2999; x_wconf 78' lang='lat' dir='ltr'><strong>pugnantem</strong></span> <span class='ocrx_word' id='word_1_330' title='bbox 2217 2916 2377 2996; x_wconf 81' lang='lat' dir='ltr'><strong>ipsae</strong></span> <span class='ocrx_word' id='word_1_331' title='bbox 2423 2912 2497 2972; x_wconf 88' lang='lat' dir='ltr'><strong>de</strong></span> <span class='ocrx_word' id='word_1_332' title='bbox 2537 2912 2716 2971; x_wconf 80' lang='lat' dir='ltr'><strong>muris</strong></span> 
     </span>
     <span class='ocr_line' id='line_1_58' title="bbox 1627 3000 2716 3085; baseline -0.006 -22"><span class='ocrx_word' id='word_1_333' title='bbox 1627 3015 2064 3085; x_wconf 84' lang='lat' dir='ltr'><strong>prospexerant.</strong></span> <span class='ocrx_word' id='word_1_334' title='bbox 2164 3004 2256 3059; x_wconf 85' lang='lat' dir='ltr'><strong>De</strong></span> <span class='ocrx_word' id='word_1_335' title='bbox 2299 3000 2597 3080; x_wconf 87' lang='lat' dir='ltr'><strong>deportato</strong></span> <span class='ocrx_word' id='word_1_336' title='bbox 2629 3008 2716 3057; x_wconf 86' lang='lat' dir='ltr'><strong>ta-</strong></span> 
     </span>
    </p>
   </div>
   <div class='ocr_carea' id='block_1_16' title="bbox 1628 3084 2813 3169">
    <p class='ocr_par' dir='ltr' id='par_1_16' title="bbox 1628 3084 2813 3169">
     <span class='ocr_line' id='line_1_59' title="bbox 1628 3084 2813 3169; baseline -0.008 -20"><span class='ocrx_word' id='word_1_337' title='bbox 1628 3111 1769 3149; x_wconf 88' lang='lat' dir='ltr'><strong>men</strong></span> <span class='ocrx_word' id='word_1_338' title='bbox 1801 3110 1878 3147; x_wconf 85' lang='lat' dir='ltr'><strong>ex</strong></span> <span class='ocrx_word' id='word_1_339' title='bbox 1903 3092 2026 3149; x_wconf 87' lang='lat' dir='ltr'><strong>acie</strong></span> <span class='ocrx_word' id='word_1_340' title='bbox 2054 3108 2296 3169; x_wconf 87' lang='lat' dir='ltr'><strong>corpore</strong></span> <span class='ocrx_word' id='word_1_341' title='bbox 2321 3085 2469 3145; x_wconf 82' lang='lat' dir='ltr'><strong>nihil</strong></span> <span class='ocrx_word' id='word_1_342' title='bbox 2511 3084 2716 3143; x_wconf 80' lang='lat' dir='ltr'><strong>adiecit</strong></span> <span class='ocrx_word' id='word_1_343' title='bbox 2799 3151 2813 3164; x_wconf 41' lang='lat'>⁸</span> 
     </span>
    </p>
   </div>
   <div class='ocr_carea' id='block_1_17' title="bbox 1627 3170 2717 4521">
    <p class='ocr_par' dir='ltr' id='par_1_17' title="bbox 1627 3170 2717 4521">
     <span class='ocr_line' id='line_1_60' title="bbox 1629 3170 2712 3256; baseline -0.007 -21"><span class='ocrx_word' id='word_1_344' title='bbox 1629 3177 1981 3248; x_wconf 80' lang='lat' dir='ltr'><strong>narrationi3</strong></span> <span class='ocrx_word' id='word_1_345' title='bbox 2031 3194 2226 3256; x_wconf 85' lang='lat' dir='ltr'><strong>neque</strong></span> <span class='ocrx_word' id='word_1_346' title='bbox 2270 3172 2419 3231; x_wconf 83' lang='lat' dir='ltr'><strong>forte</strong></span> <span class='ocrx_word' id='word_1_347' title='bbox 2465 3190 2592 3229; x_wconf 88' lang='lat' dir='ltr'><strong>rem</strong></span> <span class='ocrx_word' id='word_1_348' title='bbox 2637 3170 2712 3229; x_wconf 84' lang='lat' dir='ltr'><strong>sic</strong></span> 
     </span>
     <span class='ocr_line' id='line_1_61' title="bbox 1629 3257 2714 3341; baseline -0.009 -20"><span class='ocrx_word' id='word_1_349' title='bbox 1629 3282 1866 3321; x_wconf 84' lang='lat' dir='ltr'><strong>narrare</strong></span> <span class='ocrx_word' id='word_1_350' title='bbox 1893 3262 2098 3341; x_wconf 80' lang='lat' dir='ltr'><strong>potuit,</strong></span> <span class='ocrx_word' id='word_1_351' title='bbox 2143 3278 2284 3319; x_wconf 89' lang='lat' dir='ltr'><strong>cum</strong></span> <span class='ocrx_word' id='word_1_352' title='bbox 2323 3278 2452 3339; x_wconf 86' lang='lat' dir='ltr'><strong>sup.</strong></span> <span class='ocrx_word' id='word_1_353' title='bbox 2479 3276 2540 3316; x_wconf 76' lang='lat' dir='ltr'><strong>v.</strong></span> <span class='ocrx_word' id='word_1_354' title='bbox 2571 3257 2714 3321; x_wconf 84' lang='grc'><strong>598.</strong></span> 
     </span>
     <span class='ocr_line' id='line_1_62' title="bbox 1633 3338 2715 3427; baseline -0.013 -17"><span class='ocrx_word' id='word_1_355' title='bbox 1633 3346 1758 3412; x_wconf 85' lang='grc'><strong>594</strong></span> <span class='ocrx_word' id='word_1_356' title='bbox 1798 3349 1989 3405; x_wconf 86' lang='lat' dir='ltr'><strong>Diana</strong></span> <span class='ocrx_word' id='word_1_357' title='bbox 2016 3343 2426 3427; x_wconf 78' lang='lat' dir='ltr'><strong>praedixisset:</strong></span> <span class='ocrx_word' id='word_1_358' title='bbox 2469 3362 2532 3401; x_wconf 80' lang='lat' dir='ltr'><strong>se</strong></span> <span class='ocrx_word' id='word_1_359' title='bbox 2559 3338 2715 3399; x_wconf 76' lang='lat' dir='ltr'><strong>nube</strong></span> 
     </span>
     <span class='ocr_line' id='line_1_63' title="bbox 1631 3427 2714 3510; baseline -0.006 -20"><span class='ocrx_word' id='word_1_360' title='bbox 1631 3452 1788 3491; x_wconf 77' lang='lat' dir='ltr'><strong>cava</strong></span> <span class='ocrx_word' id='word_1_361' title='bbox 1813 3452 2030 3510; x_wconf 77' lang='lat' dir='ltr'><strong>corpus·</strong></span> <span class='ocrx_word' id='word_1_362' title='bbox 2064 3441 2122 3489; x_wconf 76' lang='lat' dir='ltr'><strong>et</strong></span> <span class='ocrx_word' id='word_1_363' title='bbox 2147 3450 2324 3488; x_wconf 79' lang='lat' dir='ltr'><strong>ama</strong></span> <span class='ocrx_word' id='word_1_364' title='bbox 2356 3427 2714 3507; x_wconf 75' lang='lat' dir='ltr'><strong>inspoliatae</strong></span> 
     </span>
     <span class='ocr_line' id='line_1_64' title="bbox 1639 3514 2712 3577; baseline -0.007 0"><span class='ocrx_word' id='word_1_365' title='bbox 1639 3516 1940 3577; x_wconf 79' lang='lat' dir='ltr'><strong>Camillae</strong></span> <span class='ocrx_word' id='word_1_366' title='bbox 1965 3515 2197 3575; x_wconf 82' lang='lat' dir='ltr'><strong>tumulo</strong></span> <span class='ocrx_word' id='word_1_367' title='bbox 2230 3534 2353 3573; x_wconf 78' lang='lat' dir='ltr'><strong>esse</strong></span> <span class='ocrx_word' id='word_1_368' title='bbox 2379 3514 2712 3572; x_wconf 70' lang='lat' dir='ltr'><strong>illaturam.</strong></span> 
     </span>
     <span class='ocr_line' id='line_1_65' title="bbox 1629 3599 2713 3685; baseline -0.006 -22"><span class='ocrx_word' id='word_1_369' title='bbox 1629 3605 1738 3663; x_wconf 88' lang='lat' dir='ltr'><strong>Sin</strong></span> <span class='ocrx_word' id='word_1_370' title='bbox 1764 3605 2020 3685; x_wconf 81' lang='lat' dir='ltr'><strong>sequaris</strong></span> <span class='ocrx_word' id='word_1_371' title='bbox 2051 3604 2328 3660; x_wconf 86' lang='lat' dir='ltr'><strong>alterum:</strong></span> <span class='ocrx_word' id='word_1_372' title='bbox 2358 3611 2427 3659; x_wconf 89' lang='lat' dir='ltr'><strong>ut</strong></span> <span class='ocrx_word' id='word_1_373' title='bbox 2459 3599 2536 3659; x_wconf 87' lang='lat' dir='ltr'><strong>ad</strong></span> <span class='ocrx_word' id='word_1_374' title='bbox 2563 3610 2713 3657; x_wconf 86' lang='lat' dir='ltr'><strong>tem-</strong></span> 
     </span>
     <span class='ocr_line' id='line_1_66' title="bbox 1627 3685 2714 3771; baseline -0.005 -23"><span class='ocrx_word' id='word_1_375' title='bbox 1627 3710 1735 3771; x_wconf 78' lang='lat' dir='ltr'><strong>pus</strong></span> <span class='ocrx_word' id='word_1_376' title='bbox 1764 3708 1996 3769; x_wconf 83' lang='lat' dir='ltr'><strong>pugnae</strong></span> <span class='ocrx_word' id='word_1_377' title='bbox 2027 3698 2084 3746; x_wconf 88' lang='lat' dir='ltr'><strong>et</strong></span> <span class='ocrx_word' id='word_1_378' title='bbox 2097 3689 2470 3768; x_wconf 80' lang='lat' dir='ltr'><strong>prospectuin</strong></span> <span class='ocrx_word' id='word_1_379' title='bbox 2491 3685 2566 3745; x_wconf 88' lang='lat' dir='ltr'><strong>de</strong></span> <span class='ocrx_word' id='word_1_380' title='bbox 2581 3702 2714 3744; x_wconf 84' lang='lat' dir='ltr'><strong>mu-</strong></span> 
     </span>
     <span class='ocr_line' id='line_1_67' title="bbox 1627 3774 2714 3854; baseline -0.005 -20"><span class='ocrx_word' id='word_1_381' title='bbox 1627 3777 1704 3834; x_wconf 84' lang='lat' dir='ltr'><strong>ris</strong></span> <span class='ocrx_word' id='word_1_382' title='bbox 1734 3776 2012 3833; x_wconf 82' lang='lat' dir='ltr'><strong>Camillae</strong></span> <span class='ocrx_word' id='word_1_383' title='bbox 2041 3774 2351 3854; x_wconf 81' lang='lat' dir='ltr'><strong>pugnantis</strong></span> <span class='ocrx_word' id='word_1_384' title='bbox 2390 3783 2450 3831; x_wconf 90' lang='lat' dir='ltr'><strong>et</strong></span> <span class='ocrx_word' id='word_1_385' title='bbox 2477 3788 2714 3831; x_wconf 86' lang='lat' dir='ltr'><strong>occum-</strong></span> 
     </span>
     <span class='ocr_line' id='line_1_68' title="bbox 1629 3858 2716 3937; baseline -0.005 -18"><span class='ocrx_word' id='word_1_386' title='bbox 1629 3862 1815 3920; x_wconf 80' lang='lat' dir='ltr'><strong>bentis</strong></span> <span class='ocrx_word' id='word_1_387' title='bbox 1841 3858 1988 3919; x_wconf 86' lang='lat' dir='ltr'><strong>haec</strong></span> <span class='ocrx_word' id='word_1_388' title='bbox 2018 3858 2402 3933; x_wconf 82' lang='lat' dir='ltr'><strong>retrahantur,</strong></span> <span class='ocrx_word' id='word_1_389' title='bbox 2427 3860 2716 3937; x_wconf 85' lang='lat' dir='ltr'><strong>interpre-</strong></span> 
     </span>
     <span class='ocr_line' id='line_1_69' title="bbox 1627 3943 2716 4005; baseline -0.006 0"><span class='ocrx_word' id='word_1_390' title='bbox 1627 3949 1769 4005; x_wconf 87' lang='lat' dir='ltr'><strong>tatio</strong></span> <span class='ocrx_word' id='word_1_391' title='bbox 1797 3948 1878 4005; x_wconf 83' lang='lat' dir='ltr'><strong>ita</strong></span> <span class='ocrx_word' id='word_1_392' title='bbox 1901 3943 2253 4005; x_wconf 78' lang='lat' dir='ltr'><strong>instituenda</strong></span> <span class='ocrx_word' id='word_1_393' title='bbox 2267 3953 2386 4003; x_wconf 81' lang='lat' dir='ltr'><strong>est:</strong></span> <span class='ocrx_word' id='word_1_394' title='bbox 2421 3946 2572 4003; x_wconf 80' lang='lat' dir='ltr'><strong>Cum</strong></span> <span class='ocrx_word' id='word_1_395' title='bbox 2587 3960 2716 3999; x_wconf 84' lang='lat' dir='ltr'><strong>ma-</strong></span> 
     </span>
     <span class='ocr_line' id='line_1_70' title="bbox 1627 4029 2715 4091; baseline -0.006 0"><span class='ocrx_word' id='word_1_396' title='bbox 1627 4044 1830 4091; x_wconf 86' lang='lat' dir='ltr'><strong>tronae</strong></span> <span class='ocrx_word' id='word_1_397' title='bbox 1858 4034 2098 4091; x_wconf 80' lang='lat' dir='ltr'><strong>Latinae</strong></span> <span class='ocrx_word' id='word_1_398' title='bbox 2124 4029 2395 4089; x_wconf 83' lang='lat' dir='ltr'><strong>viderunt</strong></span> <span class='ocrx_word' id='word_1_399' title='bbox 2412 4030 2715 4089; x_wconf 80' lang='lat' dir='ltr'><strong>Camillam</strong></span> 
     </span>
     <span class='ocr_line' id='line_1_71' title="bbox 1628 4116 2714 4189; baseline -0.004 -14"><span class='ocrx_word' id='word_1_400' title='bbox 1628 4138 1860 4176; x_wconf 74' lang='lat' dir='ltr'><strong>summo</strong></span> <span class='ocrx_word' id='word_1_401' title='bbox 1915 4117 2236 4175; x_wconf 68' lang='lat' dir='ltr'><strong>certamine</strong></span> <span class='ocrx_word' id='word_1_402' title='bbox 2251 4138 2277 4189; x_wconf 89' lang='lat'><em>;</em></span> <span class='ocrx_word' id='word_1_403' title='bbox 2338 4116 2403 4173; x_wconf 83' lang='lat' dir='ltr'><strong>in</strong></span> <span class='ocrx_word' id='word_1_404' title='bbox 2455 4126 2714 4173; x_wconf 83' lang='lat' dir='ltr'><strong>extremo</strong></span> 
     </span>
     <span class='ocr_line' id='line_1_72' title="bbox 1631 4198 2717 4282; baseline -0.005 -20"><span class='ocrx_word' id='word_1_405' title='bbox 1631 4203 1990 4262; x_wconf 81' lang='lat' dir='ltr'><strong>discrimine:</strong></span> <span class='ocrx_word' id='word_1_406' title='bbox 2023 4204 2119 4279; x_wconf 89' lang='lat' dir='ltr'><strong>(ut</strong></span> <span class='ocrx_word' id='word_1_407' title='bbox 2145 4222 2274 4282; x_wconf 86' lang='lat' dir='ltr'><strong>sup.</strong></span> <span class='ocrx_word' id='word_1_408' title='bbox 2304 4221 2364 4260; x_wconf 81' lang='lat' dir='ltr'><strong>v.</strong></span> <span class='ocrx_word' id='word_1_409' title='bbox 2395 4201 2523 4265; x_wconf 82' lang='lat'><strong>476</strong></span> <span class='ocrx_word' id='word_1_410' title='bbox 2549 4198 2717 4257; x_wconf 80' lang='lat' dir='ltr'><strong>labor</strong></span> 
     </span>
     <span class='ocr_line' id='line_1_73' title="bbox 1629 4285 2716 4369; baseline -0.002 -22"><span class='ocrx_word' id='word_1_411' title='bbox 1629 4288 1901 4347; x_wconf 73' lang='lat' dir='ltr'><strong>ultimus.</strong></span> <span class='ocrx_word' id='word_1_412' title='bbox 1949 4288 2160 4367; x_wconf 81' lang='lat' dir='ltr'><strong>Serv.)</strong></span> <span class='ocrx_word' id='word_1_413' title='bbox 2218 4285 2484 4369; x_wconf 87' lang='lat' dir='ltr'><strong>adeoque</strong></span> <span class='ocrx_word' id='word_1_414' title='bbox 2526 4288 2716 4359; x_wconf 83' lang='lat' dir='ltr'><strong>etiam,</strong></span> 
     </span>
     <span class='ocr_line' id='line_1_74' title="bbox 1629 4370 2717 4453; baseline -0.006 -19"><span class='ocrx_word' id='word_1_415' title='bbox 1629 4374 1906 4435; x_wconf 77' lang='lat' dir='ltr'><strong>viderunt</strong></span> <span class='ocrx_word' id='word_1_416' title='bbox 1951 4393 2087 4432; x_wconf 86' lang='lat' dir='ltr'><strong>eam</strong></span> <span class='ocrx_word' id='word_1_417' title='bbox 2129 4370 2372 4431; x_wconf 88' lang='lat' dir='ltr'><strong>cadere:</strong></span> <span class='ocrx_word' id='word_1_418' title='bbox 2439 4375 2598 4453; x_wconf 75' lang='lat' dir='ltr'><strong>ipsae</strong></span> <span class='ocrx_word' id='word_1_419' title='bbox 2625 4373 2717 4429; x_wconf 86' lang='lat' dir='ltr'><strong>in-</strong></span> 
     </span>
     <span class='ocr_line' id='line_1_75' title="bbox 1629 4456 2716 4521; baseline -0.004 -2"><span class='ocrx_word' id='word_1_420' title='bbox 1629 4460 1854 4521; x_wconf 76' lang='lat' dir='ltr'><strong>censae&#39;</strong></span> <span class='ocrx_word' id='word_1_421' title='bbox 1884 4478 2046 4519; x_wconf 81' lang='lat' dir='ltr'><strong>artua</strong></span> <span class='ocrx_word' id='word_1_422' title='bbox 2097 4468 2340 4518; x_wconf 79' lang='lat' dir='ltr'><strong>sumunt</strong></span> <span class='ocrx_word' id='word_1_423' title='bbox 2377 4467 2436 4516; x_wconf 88' lang='lat' dir='ltr'><strong>et</strong></span> <span class='ocrx_word' id='word_1_424' title='bbox 2491 4456 2716 4517; x_wconf 72' lang='lat' dir='ltr'><strong>hostem</strong></span> 
     </span>
    </p>
   </div>
   <div class='ocr_carea' id='block_1_18' title="bbox 2966 2536 2971 3211">
    <p class='ocr_par' dir='ltr' id='par_1_18' title="bbox 2966 2536 2971 3211">
     <span class='ocr_line' id='line_1_76' title="bbox 2966 2536 2971 3211; baseline 0 0"><span class='ocrx_word' id='word_1_425' title='bbox 2966 2536 2971 3211; x_wconf 95' lang='lat' dir='ltr'><strong> </strong></span> 
     </span>
    </p>
   </div>
  </div>
 </body>
</html>
