3009 5050
515 380 669 451 720

514 557 666 638 Illo
715 570 1141 661 quaeratur
1170 556 1514 635 coniunx
1541 558 1860 636 Lavinia
1895 582 2204 659 campo.

999 373 1083 448 P.
1135 368 1669 451 VIRGILII
1718 368 2273 451 MARONIS

2673 568 2776 637 80

616 666 831 739 Haec
848 662 986 737 ubi
1021 660 1225 737 dieta
1247 659 1505 737 dedit:
1559 660 2041 764 rapidusque
2071 661 2155 737 in
2185 674 2390 739 tecta
2405 663 2776 756 recessit3

514 766 779 844 Poscit
821 788 1109 866 equOS‚
1160 762 1617 863 gaudetque
1651 778 1886 841 tuens
1919 776 2102 841 ante
2153 789 2295 842 ora
2325 762 2773 861 frementiS‚

515 868 888 947 Pilumno
925 891 1128 972 quos
1160 869 1327 970 ipsa
1364 865 1610 943 decus
1641 868 1866 946 dedit
1898 867 2298 967 Orithyian

622 1016 747 1087 81.
794 1028 1060 1105 nnnrr,

515 1232 631 1269 nnn
664 1222 721 1267 et
766 1213 1123 1267 Pierianortnn
1169 1212 1497 1266 auctoritate.
1582 1214 1668 1267 Sic
1723 1230 1828 1284 quo
1867 1232 1932 1266 ue
1975 1214 2082 1266 iam
2132 1220 2264 1265 vett.
2316 1212 2458 1277 edd..

516 1285 637 1339 Ald.
684 1283 813 1337 lude
840 1284 1013 1351 vulgg.
1046 1284 1354 1337 dirimatur.
1393 1284 1489 1349 (ita
1517 1283 1683 1337 Palat.
1724 1286 1845 1337 Wr.

1318 1028 1685 1081 nzcnssm
1699 1039 1719 1085 2

2505 1229 2672 1281 utque
2706 1212 2774 1265 ad

1973 1284 2040 1337 81
2075 1282 2428 1353 trepidusque
2453 1284 2662 1351 nemag.
2689 1299 2772 1349 pr.

515 1355 621 1411 Sed
658 1371 761 1424 que
792 1353 977 1407 inutile
1013 1362 1095 1405 eet
1138 1370 1269 1403 onus
1303 1354 1365 1405 a‘c
1408 1352 1631 1405 fulcrum
1677 1370 1873 1407 versus.
1943 1350 2263 1405 Tollendum
2311 1350 2557 1405 arbitror.
2629 1352 2772 1405 Sub-

515 1424 680 1477 latam
714 1440 923 1493 quoque
957 1422 1124 1474 voluit
1156 1421 1570 1490 Coniugiumne,
1622 1430 1678 1474 et
1730 1420 1943 1474 sustulit
1993 1422 2217 1475 Brunck.
2291 1422 2457 1489 (Bene
2491 1431 2773 1475 tenuerunt

517 1492 815 1563 euperiores
851 1490 1051 1556 critici,
1097 1492 1288 1543 rectius
1326 1492 1391 1543 ab
1442 1490 1526 1543 hi·
1561 1492 1792 1561 rapidus
1823 1492 1884 1543 in
1935 1504 1976 1543 ε.
2012 1494 2236 1544 recessit
2269 1490 2471 1545 initium
2507 1492 2772 1561 apoduein

517 1578 723 1631 capere.
794 1562 898 1615 Sed
935 1579 1038 1627 que
1070 1560 1397 1612 retinendum
1449 1578 1565 1613 esne
1611 1560 1831 1613 vidimus
1867 1562 1934 1624 Q.
1971 1560 2039 1613 V.
2073 1560 2210 1623 xu,
2263 1560 2378 1622 154
2427 1572 2582 1631 atque
2636 1561 2772 1614 hanc

514 1632 823 1703 particulam
874 1630 1071 1683 servire
1122 1630 1431 1682 indicandae
1486 1629 1746 1683 celeritati
1795 1629 2063 1681 docuimus
2100 1631 2166 1693 Q.
2206 1632 2270 1682 V.
2305 1630 2546 1694 XXXV,
2579 1632 2632 1685 6.
2667 1630 2770 1682 vid.

518 1702 677 1753 etiam
712 1702 780 1753 V.
818 1700 879 1751 1..
916 1698 984 1751 ad
1016 1699 1116 1760 XI,
1148 1700 1269 1753 908.
1339 1704 1524 1767 Itaque
1571 1716 1670 1783 pro
1719 1708 1975 1753 commate
2023 1708 2148 1767 post
2197 1700 2349 1751 dedit
2394 1698 2551 1753 colon
2599 1700 2772 1769 posui,

516 1780 577 1823 ut
614 1770 777 1823 altera
816 1786 938 1836 pars
988 1786 1167 1820 versus
1217 1784 1315 1837 pro
1362 1768 1590 1836 epodon
1626 1768 1725 1834 ait,
1783 1769 1836 1820 in
1873 1768 1978 1819 fine
2027 1784 2206 1819 versus
2257 1778 2431 1820 autern
2465 1768 2772 1821 semicolon.

525 1840 669 1906 πη.)

796 1839 865 1892 82
914 1840 1101 1890 Pascit
1147 1838 1430 1924 Hamburss.
1480 1856 1510 1890 a
1558 1856 1627 1890 m.

1689 1856 1793 1891 sec.
1877 1838 2239 1909 gaudensque
2296 1837 2434 1889 idem
2485 1856 2519 1891 a
2571 1856 2642 1891 tn.
2689 1855 2770 1907 pr.

515 1910 585 1965 83
618 1910 856 1977 Orycyia
892 1907 1105 1961 Mentel.
1140 1924 1223 1977 pr.
1258 1916 1341 1959 eat
1381 1906 1683 1976 Ωρεύθυια.

517 2084 639 2147 vid.
667 2086 741 2144 V.
769 2084 841 2141 L.
890 2080 1061 2158 Wr.)
1146 2086 1251 2147 80.
1294 2084 1599 2141 Praeclare

515 2168 682 2231 haec.
726 2170 881 2226 Hinc
903 2169 1125 2225 Lucan.
1159 2168 1285 2243 Vn,
1316 2168 1440 2234 348
1472 2188 1600 2226 me-

516 2256 616 2315 dio
634 2256 847 2335 posuit
872 2252 1018 2311 deus
1046 2254 1251 2311 omnia
1284 2274 1522 2333 campo.

601 2346 681 2409 81
698 2360 861 2421 seqq.
889 2340 985 2397 An
1002 2341 1185 2413 Maro,
1214 2342 1264 2399 si
1290 2352 1601 2400 retractare

514 2428 765 2487 licuisset
792 2445 1056 2501 carmen,
1086 2426 1429 2505 probaturus
1455 2428 1602 2485 fuis-

514 2524 602 2574 set
646 2515 1037 2572 narrationem
1052 2556 1067 2587 ,
1130 2532 1279 2594 quae
1320 2514 1600 2595 sequitur,

516 2599 739 2660 dubito.
797 2601 990 2658 Locus
1020 2609 1104 2657 est
1136 2619 1239 2679 per
1267 2619 1328 2657 se
1358 2600 1600 2678 elegan-

515 2688 785 2762 tissimus,
814 2683 891 2744 ad
910 2686 1181 2764 exempla
1207 2697 1475 2743 veterum
1486 2684 1601 2744 he-

514 2792 687 2830 roum
715 2773 1067 2830 armantium
1092 2791 1155 2828 se
1168 2782 1596 2850 intemperatus,

514 2859 775 2938 inprimis
804 2855 879 2916 ad
906 2858 1101 2914 locum
1133 2855 1205 2914 de
1233 2855 1461 2914 Achille
1502 2876 1600 2914 ar·-

514 2946 624 3002 mis
653 2943 945 3002 Vulcaniis
972 2941 1177 3000 induto
1190 2939 1356 3000 Iliad.
1371 2964 1422 3014 τ,
1452 2945 1598 3005 367.

515 3029 637 3089 Sed
654 3031 752 3089 vix
772 3029 1001 3108 placere
1027 3039 1235 3108 potest,
1260 3025 1421 3108 quod
1435 3029 1600 3085 Tur-

376 3117 389 3135 ‘
512 3135 661 3174 num
708 3125 765 3172 et
803 3116 1069 3172 Aeneam
1106 3112 1249 3172 haec
1280 3114 1479 3171 omnia
1506 3113 1601 3170 fa-

514 3220 647 3258 cere
673 3212 867 3258 narrat
894 3199 991 3258 die
1004 3241 1033 3270 ,
1060 3220 1166 3256 eeu
1193 3219 1461 3277 vespere,
1491 3199 1603 3278 qui

502 3305 793 3365 pugnam
818 3284 1133 3343 antecedit.
1190 3282 1385 3343 Induit
1414 3303 1596 3360 anna,

511 3382 579 3430 ut
608 3372 903 3450 exploret,
948 3391 1025 3428 an
1053 3368 1308 3430 humeris
1338 3381 1471 3450 apte
1498 3373 1598 3428 in-

513 3455 792 3516 haereant
805 3500 821 3531 ,
872 3458 1163 3535 experitur
1206 3453 1435 3514 hastam
1462 3467 1594 3531 eto„

513 3554 581 3601 ut
607 3546 819 3602 itemm
848 3552 1025 3600 exuat
1053 3551 1113 3599 et
1146 3561 1209 3600 se
1253 3544 1433 3622 quieti
1476 3539 1596 3600 det.

511 3630 665 3686 Nam
692 3627 951 3708 sequitur
975 3647 1032 3685 v.
1060 3629 1181 3691 113
1214 3628 1466 3685 Postera
1494 3628 1598 3684 νιζτ

511 3733 776 3771 summos
807 3722 915 3770 etc.
999 3714 1131 3770 Non
1162 3723 1361 3771 tamen
1402 3732 1596 3794 quen-

513 3817 695 3880 quam
724 3797 865 3855 haec
897 3795 1203 3858 offendisse
1224 3797 1417 3858 video.
1459 3801 1596 3857 Non

509 3883 665 3942 male
722 3881 877 3942 dicas
894 3928 911 3956 ‚
996 3882 1275 3943 declarari
1330 3905 1365 3944 a
1419 3894 1596 3963 poeta

509 3988 810 4028 summum
850 3966 1119 4028 ardorem
1147 3971 1339 4028 Turni
1382 3979 1441 4028 et
1478 3988 1596 4050 pu·-

510 4075 663 4135 gnae
718 4053 995 4117 studium.
1124 4058 1304 4114 Recte
1359 4057 1594 4136 utique3

512 4139 691 4202 modo
719 4162 797 4199 ue
824 4142 1090 4200 animum
1118 4142 1246 4222 quis
1275 4139 1351 4200 ad
1363 4151 1599 4220 tempo-

510 4229 587 4287 ris
616 4228 980 4286 notationem
1006 4227 1283 4285 retulerit.

591 4315 695 4377 83.
777 4314 1017 4372 Poenico
1088 4331 1255 4371 more
1312 4329 1529 4392 equor·-
1543 4329 1600 4368 ‚n

507 4413 691 4477 genus
722 4409 909 4458 ornat.
968 4399 1123 4460 Sunt
1148 4397 1216 4458 hi
1242 4397 1442 4465 Turni
1460 4397 1602 4480 equi

1683 2102 1762 2141 ex
1789 2080 2079 2157 Thracia,
2121 2084 2346 2142 Boreae
2387 2080 2526 2141 sede
2543 2126 2562 2157 ‚
2605 2083 2771 2143 cuim

1683 2187 1836 2227 uxor
1879 2166 2142 2249 Orithyia
2185 2186 2261 2227 ex
2303 2170 2535 2227 Attica:
2613 2169 2771 2229 cons.

1683 2254 1959 2335 Apollon-
1999 2256 2048 2329 1,
2093 2258 2216 2319 211
2247 2274 2378 2337 sqq.
2461 2258 2518 2311 A
2545 2256 2771 2315 Boreae

1685 2352 1885 2399 autem
1926 2358 2068 2399 cura
2109 2358 2396 2421 equorum
2437 2339 2642 2399 laudea
2675 2362 2774 2400 re·-

1682 2438 1891 2507 petunt
1928 2436 2172 2505 poetae3
2236 2428 2416 2484 etiam
2460 2428 2771 2487 Homerus.

1683 2514 1836 2572 Nam
1890 2508 2272 2572 Erichthonio
2305 2557 2323 2588 ‚
2379 2511 2642 2586 Dardani
2705 2515 2768 2592 fi,

1683 2610 1848 2658 erant
1904 2617 2088 2680 equae
2137 2618 2172 2656 a
2215 2601 2404 2657 Borea
2425 2643 2443 2673 ‚
2515 2597 2666 2658 adeo
2707 2603 2770 2658 in

1683 2705 1904 2767 equum
1929 2693 2156 2743 mutato
2173 2729 2190 2760 ‚
2217 2696 2571 2764 prognatae:
2601 2685 2770 2746 Iliad.

1681 2794 1756 2846 υ,
1816 2775 1938 2835 223
1995 2788 2160 2850 seqq.
2178 2815 2194 2846 ‚
2269 2769 2770 2852 quemadmodum

1682 2854 1923 2914 Achillis
1971 2873 2150 2936 equos
2193 2876 2269 2916 ex
2306 2855 2572 2915 Podarce
2615 2859 2770 2916 Har-

1680 2944 1818 3022 pyia
1847 2952 2173 3020 susceperat
2187 2939 2494 3023 Zephyrus
2511 2943 2678 3002 Iliad.
2701 2967 2766 3018 π,

1688 3029 1810 3092 150
1838 3047 1927 3108 sq.
1989 3028 2150 3099 Quae
2179 3031 2380 3086 omnia
2407 3029 2768 3088 celeritatem

1681 3133 1880 3172 cursus
1908 3111 2254 3172 adumbrare
2285 3115 2411 3195 quis
2421 3135 2546 3172 non
2563 3115 2720 3174 videt
2733 3110 2768 3174 ἓ

1679 3201 1814 3256 Non
1853 3199 2010 3256 male
2051 3210 2250 3258 autem
2305 3201 2504 3258 critici
2544 3212 2768 3262 vetem

1680 3283 1838 3364 apud
1894 3284 2167 3344 servium
2238 3330 2274 3361 ,‚
2291 3287 2597 3366 culparunt
2651 3285 2766 3346 hoc

1680 3414 1719 3446 ‚,
1733 3372 1864 3428 loco
1894 3371 2200 3450 Virgilium
2215 3415 2232 3445 ‚
2273 3369 2526 3430 dicentes
2555 3375 2766 3432 incon-

1679 3500 1716 3532 ,‚
1737 3474 1952 3534 gruum
1981 3476 2105 3528 esse
2135 3457 2505 3543 figmentum.
2577 3462 2764 3517 Nam-

1678 3585 1718 3702 ζζ
1735 3541 2764 3708 ἓὲ.ῖῑέἷ“ἷέιῖ.ῗ“ιῗέ,“ἔς.ἓξξ”ἳῗέ

1676 3757 1714 3788 ,,
1732 3711 1977 3791 chthei),
2003 3725 2062 3772 et
2089 3733 2125 3772 a
2151 3715 2340 3773 Borea
2364 3717 2428 3772 in
2446 3714 2764 3776 Thraciam

1677 3843 1716 3874 ‚,
1731 3808 1894 3878 rapta
1911 3800 1986 3858 sit
1999 3845 2018 3874 ‚
2049 3799 2548 3881 quamadmodum
2573 3803 2762 3883 powit

1679 3885 2096 4029 „Pihmn‘pgoe
2109 3887 2220 4012 {lxi
2279 3897 2424 4030 granti
2456 3888 2520 3945 in
2579 3888 2758 3964 Italia,

1677 3990 1988 4135 ἱζίῗιᾞιωῖιοο
2017 4015 2250 4116 estuans
2263 3983 2760 4138 mmertugss

1680 4143 1782 4199 tici
1821 4141 1978 4222 apud
2023 4144 2260 4200 seriore·
2287 4154 2488 4222 poetas
2516 4155 2640 4202 tam
2667 4143 2758 4222 di-

1681 4229 1834 4286 versi
1859 4229 1933 4284 ab
1960 4247 2072 4285 usu
2098 4230 2360 4308 antiquo.
2425 4231 2656 4288 Maroni
2675 4239 2756 4288 ent

1681 4330 1916 4370 merum
1959 4323 2368 4372 ornamentum
2395 4333 2466 4372 ac
2507 4314 2756 4394 figmen—

1682 4407 1813 4458 tum
1857 4398 2186 4478 poeticum3
2227 4417 2338 4460 nec
2381 4397 2458 4458 de
2483 4401 2754 4481 probabi·
