3009 5050
512 405 1117 486 AENEmos
1165 405 1377 523 Lm.
1431 407 1602 504 vn,
1656 364 2087 487 329-340

2306 415 2407 490 49

166 600 406 673 Fama
440 593 664 686 loc03
717 617 880 675 nen
910 590 1328 669 connubiis
1355 590 1661 669 ambire
1689 593 2080 674 Latinum·

166 699 584 777 Aeneadae
614 697 957 798 possint,
1009 694 1351 772 Italosve
1381 695 1757 772 obsidere
1788 694 1991 774 finis,
2118 724 2130 741 ·

169 805 298 878 Tu
317 814 548 902 potes
573 801 1002 877 unanimos
1025 823 1332 876 armare
1370 799 1452 875 in
1481 799 1785 902 proelia
1814 797 2123 896 lintres,

2256 813 2405 886 335

164 911 426 1006 Atque
465 902 670 980 odiis
695 927 1023 980 versare.
1041 901 1372 996 domos;
1427 915 1520 983 tu
1551 898 1883 981 verbera
1910 905 2135 981 tectis

163 1012 726 1109 Funereasque
753 1003 1054 1083 inferre
1083 1004 1338 1098 saces3
1379 1005 1525 1081 tihi
1565 1005 1895 1082 nomina
1924 1005 2168 1105 mille,
2264 1043 2274 1051 ·

175 1107 397 1188 Mille
425 1109 776 1188 nocendi
804 1123 1028 1188 artes,
1129 1108 1606 1186 Fecundum
1635 1123 1979 1198 concute
2002 1114 2305 1211 pectu'S‚

157 1213 455 1293 Disiice
477 1215 1328 1326 conpositampacern,
1373 1236 1553 1290 sere
1590 1214 1915 1296 crimina
1942 1209 2175 1307 belli;

155 1323 402 1394 Arma
436 1317 625 1392 velit
644 1329 1080 1422 poscatque
1109 1316 1368 1416 simul,
1396 1317 1805 1420 rapiatque
1835 1317 2219 1397 iuventus,
2256 1325 2409 1398 340

262 1462 440 1535 340.
483 1470 747 1554 'mm

299 1679 411 1734 833
443 1695 558 1732 non
605 1697 655 1734 c.
686 1679 822 1734 Ven-
891 1677 1160 1750 connubje
1191 1679 1613 1750 pronuntiatum3
1660 1688 1722 1732 ut
1766 1680 1913 1735 alibi.

153 1749 370 1814 Medic„
421 1749 536 1816 (sed
569 1748 626 1800 in
672 1748 776 1802 hoc
811 1765 1018 1820 quoque
1045 1752 1268 1832 possint
1311 1751 1553 1821 primum·
1585 1749 1833 1820 scriptum
1876 1751 2065 1803 fuerat.

2050 1679 2157 1737 3³4

2226 1693 2412 1734 ouem

2183 1752 2251 1817 r.)
2296 1759 2411 1802 tum

153 1837 228 1872 ne
262 1827 319 1872 et
355 1837 466 1888 que
497 1819 616 1886 (sed
649 1817 704 1870 in
737 1817 957 1888 singulis
992 1834 1312 1943 engufflue
1344 1818 1671 1872 auctoritatis
1705 1819 1991 1885 codicibus,
2034 1821 2179 1886 Wr.)
2214 1820 2412 1888 legitur

155 1904 259 1960 pro
297 1905 384 1939 νο.
423 1890 442 1950 (
451 1888 600 1954 fines
629 1888 824 1941 Medic.
862 1889 1010 1954 Wr.)

1287 1891 1572 1942 unanimes
1614 1897 1741 1941 ante
1774 1890 1953 1942 Heius.
1986 1889 2261 1958 legebatur
2293 1907 2411 1942 cum

149 1965 310 2028 parte
327 1990 343 2003 ·
361 1957 538 2020 codd„
587 1957 664 2022 (in
701 1957 888 2028 quibus
933 1957 1102 2014 Palat-
1141 1968 1199 2010 et
1240 1961 1292 2013 2.
1325 1960 1379 2013 9.
1423 1959 1567 2026 Wr.)
1596 1975 1749 2027 qnae
1791 1958 2059 2027 vulga-ior
2102 1959 2271 2012 forma
2308 1955 2411 2014 ‘est

152 2027 297 2079 conf.
333 2043 454 2096 sup.
489 2019 580 2090 lv,
615 2028 668 2080 8.

805 2027 909 2081 339
941 2027 1137 2081 dium
1169 2027 1324 2096 vulgo
1352 2045 1531 2080 omues
1569 2028 1742 2090 codd„
1774 2045 1838 2082 ex
1876 2045 2052 2091 mores
2098 2029 2413 2098 mountma-

150 2093 318 2148 tiouis
352 2105 534 2146 tamen
566 2095 730 2165 magia
765 2095 930 2162 vitio,
978 2097 1238 2161 arbitror,
1283 2114 1438 2166 quam
1471 2096 1743 2150 doctrinae
1777 2097 2099 2160 subtilitate,
2147 2115 2210 2150 ac
2261 2096 2306 2149 si
2340 2097 2415 2150 sit

150 2165 422 2217 dissicere
453 2179 554 2234 pro
590 2163 884 2228 diuseoam
917 2177 976 2218 ut
1005 2165 1106 2220 viri
1139 2165 1286 2218 docti
1319 2167 1422 2218 sibi
1456 2167 1773 2237 persuadent
1805 2169 1947 2234 apud
1982 2167 2153 2220 Gaell.
2186 2176 2245 2218 et
2278 2167 2415 2218 Ger-

151 2233 294 2288 dam.

151 2299 220 2354 ad
255 2303 384 2369 xn,
419 2303 540 2358 808.
581 2304 726 2372 Wt.)

343 2233 447 2302 (De
481 2234 582 2286 hae
621 2251 830 2304 quoque
863 2253 924 2287 re
959 2235 1164 2288 dicetur
1199 2235 1304 2288 alio
1337 2235 1459 2287 loco
1494 2253 1557 2287 ac
1590 2247 1853 2306 tempor-03
1889 2237 1994 2290 vid.
2025 2237 2231 2288 interim
2256 2237 2325 2290 V.
2350 2237 2413 2289 1..

865 2303 972 2358 340
996 2323 1056 2376 p.
1102 2322 1148 2357 c.
1191 2307 1436 2359 Troiana
1484 2307 1745 2358 iuvemus
1789 2305 1999 2377 aliquot
2042 2305 2201 2372 Pion,
2243 2307 2413 2358 mium

150 2371 314 2426 bene.
387 2372 610 2441 (Sustuli
641 2390 841 2429 comma
875 2383 1002 2444 post
1031 2373 1198 2439 stelin
1227 2383 1285 2428 et
1315 2373 1424 2432 vid.
1455 2375 1587 2428 Not.
1625 2376 1775 2445 Wr.)

151 2551 306 2616 383.
336 2546 652 2608 connubiis
674 2548 904 2609 ambire
923 2552 1248 2621 Latinum,

152 2630 335 2691 docte
357 2673 375 2705 ,
433 2634 778 2691 translatum
829 2633 907 2693 ad
963 2655 1248 2709 socerum,

151 2714 322 2799 quod
381 2718 612 2795 puellae
671 2717 989 2777 debebatur
1017 2737 1036 2777 ε
1105 2730 1252 2779 nam

149 2800 398 2859 ambire
465 2801 750 2879 puellam
773 2845 802 2875 ,
901 2804 1252 2881 coniugium

136 2884 406 2967 puellae
419 2928 446 2957 ,
487 2890 722 2969 propria
777 2898 949 2963 sunt3
1008 2886 1250 2963 doctius,

146 2971 394 3032 ambire
415 2972 700 3051 puellam
727 2972 1024 3033 connubio
1035 2996 1062 3047 ,·
1091 2992 1252 3033 nunc

145 3062 354 3141 ipsum
367 3069 618 3137 patrem
629 3059 902 3137 puellae.
975 3056 1249 3135 Prohibe,

143 3167 228 3205 no
271 3148 510 3203 Aeneas
550 3148 924 3205 matrimonio
975 3146 1254 3225 iungatur

145 3232 462 3291 Laviniae.
527 3232 737 3290 Aliena
767 3252 804 3291 a
829 3233 1110 3291 sermonis
1140 3250 1252 3310 ge-

143 3320 252 3377 nio
283 3315 524 3377 videtur
547 3318 932 3397 interpretum
955 3318 1056 3375 illa
1082 3319 1250 3391 ratio,

145 3414 218 3463 ut
245 3400 490 3460 ambire
512 3404 587 3461 sit
611 3404 1051 3463 circumvenire.
1113 3420 1252 3461 ver·-

144 3510 290 3547 3ate
319 3488 494 3563 aliter
519 3484 632 3547 hoc
659 3488 790 3547 loco
821 3486 1042 3548 dictim
1072 3506 1251 3570 quam

143 3596 279 3657 sup.
310 3576 388 3649 II,
411 3576 520 3639 62.
565 3572 756 3633 Italos
767 3574 937 3649 fines
957 3572 1250 3645 obsidere,

141 3663 210 3720 in
271 3660 446 3719 ltalia
503 3661 812 3719 consistere
837 3702 856 3736 ,
929 3657 1250 3719 considere.

143 3750 300 3812 336.
339 3764 588 3805 versare
628 3744 854 3803 domos.
941 3748 1113 3805 Nunc
1165 3754 1252 3803 est

143 3832 456 3912 exagitare
471 3876 489 3904 ,
527 3849 760 3891 vexare.
845 3832 1027 3891 Porro
1042 3850 1061 3889 :
1091 3840 1160 3889 tu
1184 3830 1250 3889 iu

141 3916 1252 4085 ffiaifflffffl'zhffi

142 4094 282 4149 Hoc
314 4098 424 4162 est,
454 4086 680 4166 inferre
707 4087 952 4149 ver-bem
979 4084 1116 4167 (pro
1142 4086 1254 4145 fla·-

142 4178 268 4257 gris
297 4184 662 4256 perpetuum
703 4175 888 4255 poetis
901 4216 920 4247 ‚
959 4175 1137 4231 etiam
1177 4169 1253 4229 de

142 4262 376 4337 Furiis,
425 4270 500 4319 ut
537 4270 598 4317 et
638 4262 744 4320 ins.
783 4259 942 4337 451)
985 4268 1046 4315 et
1066 4256 1254 4336 sacen

42 4372 44 4377 ·
143 4349 322 4406 tectis
341 4368 362 4405 .·
435 4343 918 4429 quandoquidem
960 4342 1142 4402 semel
1185 4342 1252 4401 in

42 4446 44 4463 ¹
139 4452 330 4495 usum
355 4431 558 4507 venit,
597 4432 884 4493 scelerum
909 4446 1256 4489 commisso·

251 4534 585 4609 Viae-11..
640 4533 854 4609 Tou.
905 4529 1039 4605 111.

1331 2570 1466 2611 rum
1491 2562 1737 2611 terrores
1782 2563 1841 2611 et
1882 2552 2267 2611 conscientiae
2306 2552 2414 2609 sti-

1329 2637 1523 2695 mulos
1550 2658 1656 2716 per
1681 2639 1987 2695 Furiarum
2012 2638 2166 2696 faces
2206 2646 2265 2695 et
2303 2636 2415 2694 fla-

1333 2740 1440 2799 gra
1481 2719 1794 2780 declarem.
1880 2721 2155 2798 (verbera
2196 2724 2264 2778 in
2304 2718 2415 2780 hac

1333 2806 1753 2863 sententiarum
1818 2825 2103 2884 compage
2156 2825 2279 2862 non
2335 2804 2412 2863 ad

1331 2907 1553 2969 poenas
1578 2908 1615 2947 a
1640 2890 1887 2948 scelestis
1928 2888 2241 2967 exigendas
2278 2908 2416 2967 spe·-

1334 2984 1492 3035 ctant
1519 3018 1537 3049 ,
1608 2973 1711 3034 sed
1768 2970 1845 3033 acl
1897 2976 2051 3033 rixas
2104 2974 2417 3054 turbasque

1335 3060 1677 3120 domesticas
1693 3104 1709 3134 ‚
1763 3059 1951 3139 faces
1984 3058 2285 3138 funereae
2340 3056 2419 3117 ad

1333 3146 1584 3207 caedem
1631 3144 1772 3205 inde
1826 3156 2042 3221 ortam3
2106 3155 2280 3227 atque
2334 3146 2417 3203 ita

1333 3230 1480 3291 haec
1520 3234 1927 3313 interpretatur
1974 3234 2095 3289 iam
2132 3233 2417 3290 Donatus.

1343 3317 1523 3397 W.)
1608 3316 1725 3375 aba·
1761 3319 2007 3375 nomina
2042 3316 2211 3375 mille
2228 3359 2251 3386 ,
2295 3338 2417 3378 πο·-

1335 3396 1677 3483 λυῶνυμος.
1760 3404 2023 3461 Deorum
2088 3412 2415 3483 potestates,

1335 3490 1484 3549 vires
1509 3532 1525 3563 ,
1583 3491 1957 3569 proprietates
1983 3533 1999 3563 ,
2058 3486 2211 3545 facta
2236 3532 2253 3561 ,
2310 3505 2419 3567 per

1335 3575 1587 3632 nomina
1614 3572 1915 3647 declarari,
1959 3594 2116 3631 nunc
2158 3584 2297 3633 nota
2324 3592 2415 3631 res

1334 3670 1440 3717 est.
1507 3662 1655 3723 339.
1682 3660 1977 3717 Dieiicere
1998 3660 2219 3731 fortius,
2235 3677 2417 3739 quam

1336 3742 1608 3803 dirimere
1622 3788 1640 3819 ,
1684 3764 1987 3826 rumpere;
2030 3754 2091 3802 et
2132 3744 2417 3815 erimina,

1337 3848 1517 3911 quam
1564 3848 1817 3889 caussae.
1900 3832 1977 3889 Et
2028 3830 2225 3909 paullo
2281 3838 2417 3887 ante

1336 3924 1585 3973 concute
1623 3924 1680 3971 te
1694 3956 1719 3985 ,
1770 3914 1918 3990 fore,
1972 3926 2038 3973 ut
2078 3912 2237 3995 apud
2277 3914 2417 3971 Ari-

1335 4000 1529 4081 stoph.
1556 4000 1733 4061 Nub..
1764 4004 1884 4065 701
1936 3994 2150 4061 Πάντα
2186 3996 2417 4085 τρόπον

1335 4108 1400 4149 τε
1457 4081 1681 4149 σαυτὸν
1746 4077 2006 4166 Στρόβει
2070 4077 2415 4156 πυκνώσας.

1334 4173 1596 4230 Ductum
1622 4172 1697 4230 ab
1726 4189 1797 4229 eo
1824 4168 2103 4252 loquendi
2126 4188 2255 4243 usu,
2278 4186 2419 4226 cum

1333 4266 1595 4317 versatur
1622 4301 1640 4332 ,
1698 4256 1947 4335 agitatur
1974 4300 1993 4329 ,
2074 4257 2301 4328 animus
2358 4263 2417 4311 et

1335 4343 1631 4421 cogitatio.
1714 4343 1847 4399 Non
1903 4342 2163 4400 absimile
2224 4340 2417 4397 Hora-

1331 4430 1593 4502 tianum,
1620 4428 1671 4485 1.
1700 4426 1892 4487 Serm.
1920 4431 1981 4503 3,
2010 4432 2115 4492 34.
2158 4422 2417 4503 denique

1943 4530 1997 4599 4
