<?xml version="1.0" encoding="UTF-8"?>
<!DOCTYPE html PUBLIC "-//W3C//DTD XHTML 1.0 Transitional//EN"
    "http://www.w3.org/TR/xhtml1/DTD/xhtml1-transitional.dtd">
<html xmlns="http://www.w3.org/1999/xhtml" xml:lang="en" lang="en">
 <head>
  <title>
</title>
<meta http-equiv="Content-Type" content="text/html;charset=utf-8" />
  <meta name='ocr-system' content='tesseract 3.04.00' />
  <meta name='ocr-capabilities' content='ocr_page ocr_carea ocr_par ocr_line ocrx_word'/>
</head>
<body>
  <div class='ocr_page' id='page_1' title='image "./pvblivsvirgiliv00unkngoog_0342.png"; bbox 0 0 3009 5050; ppageno 0'>
   <div class='ocr_carea' id='block_1_1' title="bbox 647 388 2552 530">
    <p class='ocr_par' dir='ltr' id='par_1_1' title="bbox 647 388 2552 530">
     <span class='ocr_line' id='line_1_1' title="bbox 647 388 2552 530; baseline 0.01 -66"><span class='ocrx_word' id='word_1_1' title='bbox 647 388 1536 530; x_wconf 53' lang='lat' dir='ltr'><strong>AENEIDOScaLOE·</strong></span> <span class='ocrx_word' id='word_1_2' title='bbox 1587 392 1718 490; x_wconf 80' lang='lat' dir='ltr'>IX,</span> <span class='ocrx_word' id='word_1_3' title='bbox 1758 401 2194 519; x_wconf 60' lang='lat'>473-7-486</span> <span class='ocrx_word' id='word_1_4' title='bbox 2401 411 2552 484; x_wconf 86' lang='lat'>369</span> 
     </span>
    </p>
   </div>
   <div class='ocr_carea' id='block_1_2' title="bbox 303 575 2238 795">
    <p class='ocr_par' dir='ltr' id='par_1_2' title="bbox 303 575 2238 795">
     <span class='ocr_line' id='line_1_2' title="bbox 303 575 2156 677; baseline 0.003 -24"><span class='ocrx_word' id='word_1_5' title='bbox 303 575 801 677; x_wconf 86' lang='lat' dir='ltr'>Alitibusque</span> <span class='ocrx_word' id='word_1_6' title='bbox 836 578 1071 656; x_wconf 83' lang='lat' dir='ltr'>iaces!</span> <span class='ocrx_word' id='word_1_7' title='bbox 1129 602 1280 653; x_wconf 87' lang='lat' dir='ltr'>nec</span> <span class='ocrx_word' id='word_1_8' title='bbox 1314 590 1397 653; x_wconf 81' lang='lat' dir='ltr'>te</span> <span class='ocrx_word' id='word_1_9' title='bbox 1430 592 1562 654; x_wconf 81' lang='lat' dir='ltr'>tua</span> <span class='ocrx_word' id='word_1_10' title='bbox 1595 576 1882 657; x_wconf 86' lang='lat' dir='ltr'>funere</span> <span class='ocrx_word' id='word_1_11' title='bbox 1899 596 2156 659; x_wconf 84' lang='lat' dir='ltr'>mater</span> 
     </span>
     <span class='ocr_line' id='line_1_3' title="bbox 406 684 2238 795; baseline -0.009 0"><span class='ocrx_word' id='word_1_12' title='bbox 406 722 582 795; x_wconf 87' lang='lat'><strong>486.</strong></span> <span class='ocrx_word' id='word_1_13' title='bbox 632 736 945 791; x_wconf 62' lang='lat' dir='ltr'>munna</span> <span class='ocrx_word' id='word_1_14' title='bbox 1773 696 1782 707; x_wconf 82' lang='lat'><em>&#39;</em></span> <span class='ocrx_word' id='word_1_15' title='bbox 2219 684 2238 707; x_wconf 74' lang='lat'><strong><em>⁹</em></strong></span> 
     </span>
    </p>
   </div>
   <div class='ocr_carea' id='block_1_3' title="bbox 288 890 2623 3740">
    <p class='ocr_par' dir='ltr' id='par_1_3' title="bbox 288 890 2623 3530">
     <span class='ocr_line' id='line_1_4' title="bbox 301 890 2614 968; baseline 0.005 -25"><span class='ocrx_word' id='word_1_16' title='bbox 301 892 451 943; x_wconf 85' lang='lat' dir='ltr'>Pers.</span> <span class='ocrx_word' id='word_1_17' title='bbox 493 890 581 953; x_wconf 87' lang='lat' dir='ltr'>m,</span> <span class='ocrx_word' id='word_1_18' title='bbox 627 891 713 945; x_wconf 75' lang='lat'>28.</span> <span class='ocrx_word' id='word_1_19' title='bbox 766 907 875 960; x_wconf 81' lang='lat' dir='ltr'>sq.:</span> <span class='ocrx_word' id='word_1_20' title='bbox 940 926 973 953; x_wconf 87' lang='lat'><strong>„</strong></span> <span class='ocrx_word' id='word_1_21' title='bbox 990 894 1277 945; x_wconf 73' lang='lat' dir='ltr'>stemmate</span> <span class='ocrx_word' id='word_1_22' title='bbox 1326 892 1469 961; x_wconf 89' lang='lat' dir='ltr'>quod</span> <span class='ocrx_word' id='word_1_23' title='bbox 1510 894 1686 945; x_wconf 85' lang='lat' dir='ltr'>Tusco</span> <span class='ocrx_word' id='word_1_24' title='bbox 1729 910 1924 947; x_wconf 84' lang='lat' dir='ltr'>ramum</span> <span class='ocrx_word' id='word_1_25' title='bbox 1965 895 2338 954; x_wconf 74' lang='lat' dir='ltr'>millesime</span> <span class='ocrx_word' id='word_1_26' title='bbox 2383 900 2547 968; x_wconf 80' lang='lat' dir='ltr'>ducis,</span> <span class='ocrx_word' id='word_1_27' title='bbox 2603 950 2614 961; x_wconf 84' lang='lat'>,</span> 
     </span>
     <span class='ocr_line' id='line_1_5' title="bbox 302 958 2548 1031; baseline 0.005 -19"><span class='ocrx_word' id='word_1_28' title='bbox 302 961 649 1013; x_wconf 78' lang='lat' dir='ltr'>censoremve</span> <span class='ocrx_word' id='word_1_29' title='bbox 689 969 834 1010; x_wconf 88' lang='lat' dir='ltr'>tuum</span> <span class='ocrx_word' id='word_1_30' title='bbox 874 958 957 1011; x_wconf 80' lang='lat' dir='ltr'>vel</span> <span class='ocrx_word' id='word_1_31' title='bbox 1000 962 1143 1029; x_wconf 84' lang='lat' dir='ltr'>quod</span> <span class='ocrx_word' id='word_1_32' title='bbox 1192 962 1343 1013; x_wconf 87' lang='lat' dir='ltr'>trab</span> <span class='ocrx_word' id='word_1_33' title='bbox 1364 971 1514 1013; x_wconf 85' lang='lat' dir='ltr'>eate</span> <span class='ocrx_word' id='word_1_34' title='bbox 1562 962 1775 1014; x_wconf 85' lang='lat' dir='ltr'>salutas.</span> <span class='ocrx_word' id='word_1_35' title='bbox 1789 966 1822 993; x_wconf 89' lang='lat'>“</span> <span class='ocrx_word' id='word_1_36' title='bbox 1901 965 2101 1018; x_wconf 88' lang='lat' dir='ltr'>Tibull.</span> <span class='ocrx_word' id='word_1_37' title='bbox 2134 970 2175 1031; x_wconf 91' lang='lat'>1,</span> <span class='ocrx_word' id='word_1_38' title='bbox 2208 970 2262 1031; x_wconf 83' lang='lat'>7,</span> <span class='ocrx_word' id='word_1_39' title='bbox 2295 970 2380 1023; x_wconf 87' lang='grc'>53.</span> <span class='ocrx_word' id='word_1_40' title='bbox 2427 971 2548 1029; x_wconf 71' lang='lat' dir='ltr'>Van.</span> 
     </span>
     <span class='ocr_line' id='line_1_6' title="bbox 302 1029 2547 1105; baseline 0.003 -22"><span class='ocrx_word' id='word_1_41' title='bbox 302 1030 477 1083; x_wconf 85' lang='lat' dir='ltr'>Flacc.</span> <span class='ocrx_word' id='word_1_42' title='bbox 512 1032 605 1093; x_wconf 82' lang='lat' dir='ltr'>lv,</span> <span class='ocrx_word' id='word_1_43' title='bbox 638 1030 757 1084; x_wconf 79' lang='lat'><strong>467.</strong></span> <span class='ocrx_word' id='word_1_44' title='bbox 792 1029 897 1080; x_wconf 79' lang='lat' dir='ltr'>vid.</span> <span class='ocrx_word' id='word_1_45' title='bbox 934 1030 1209 1081; x_wconf 81' lang='lat' dir='ltr'>Heindorf.</span> <span class='ocrx_word' id='word_1_46' title='bbox 1246 1030 1314 1082; x_wconf 88' lang='lat' dir='ltr'>ad</span> <span class='ocrx_word' id='word_1_47' title='bbox 1350 1032 1536 1083; x_wconf 81' lang='lat' dir='ltr'>Horat.</span> <span class='ocrx_word' id='word_1_48' title='bbox 1571 1036 1679 1085; x_wconf 78' lang='lat' dir='ltr'>Sat.</span> <span class='ocrx_word' id='word_1_49' title='bbox 1705 1034 1770 1095; x_wconf 79' lang='lat' dir='ltr'>ll,</span> <span class='ocrx_word' id='word_1_50' title='bbox 1802 1032 1856 1097; x_wconf 79' lang='lat'>2,</span> <span class='ocrx_word' id='word_1_51' title='bbox 1893 1035 2008 1087; x_wconf 69' lang='lat'><strong>104.</strong></span> <span class='ocrx_word' id='word_1_52' title='bbox 2055 1036 2222 1105; x_wconf 81' lang='lat' dir='ltr'>sinig.</span> <span class='ocrx_word' id='word_1_53' title='bbox 2257 1039 2327 1090; x_wconf 87' lang='lat' dir='ltr'>ad</span> <span class='ocrx_word' id='word_1_54' title='bbox 2357 1041 2547 1094; x_wconf 76' lang='lat' dir='ltr'>Catuli.</span> 
     </span>
     <span class='ocr_line' id='line_1_7' title="bbox 301 1099 2546 1169; baseline 0.005 -18"><span class='ocrx_word' id='word_1_55' title='bbox 301 1100 496 1163; x_wconf 77' lang='lat' dir='ltr'>xmv,</span> <span class='ocrx_word' id='word_1_56' title='bbox 534 1100 616 1153; x_wconf 86' lang='lat'>17.</span> <span class='ocrx_word' id='word_1_57' title='bbox 645 1102 821 1151; x_wconf 84' lang='lat' dir='ltr'>Sanct.</span> <span class='ocrx_word' id='word_1_58' title='bbox 852 1099 1075 1151; x_wconf 79' lang='lat' dir='ltr'>Minerv.</span> <span class='ocrx_word' id='word_1_59' title='bbox 1110 1100 1149 1151; x_wconf 92' lang='lat' dir='ltr'>l.</span> <span class='ocrx_word' id='word_1_60' title='bbox 1183 1101 1253 1155; x_wconf 86' lang='grc' dir='ltr'>Π.</span> <span class='ocrx_word' id='word_1_61' title='bbox 1288 1118 1335 1152; x_wconf 84' lang='lat' dir='ltr'>e.</span> <span class='ocrx_word' id='word_1_62' title='bbox 1368 1102 1461 1153; x_wconf 75' lang='lat' dir='ltr'>vl.</span> <span class='ocrx_word' id='word_1_63' title='bbox 1497 1118 1552 1169; x_wconf 92' lang='lat' dir='ltr'>p.</span> <span class='ocrx_word' id='word_1_64' title='bbox 1585 1100 1704 1155; x_wconf 70' lang='lat'><strong>230.</strong></span> <span class='ocrx_word' id='word_1_65' title='bbox 1741 1100 1826 1153; x_wconf 89' lang='lat' dir='ltr'>ed.</span> <span class='ocrx_word' id='word_1_66' title='bbox 1860 1103 2044 1155; x_wconf 82' lang='lat' dir='ltr'>Bauer.</span> <span class='ocrx_word' id='word_1_67' title='bbox 2080 1107 2420 1161; x_wconf 79' lang='lat' dir='ltr'>Ruddimann.</span> <span class='ocrx_word' id='word_1_68' title='bbox 2453 1113 2546 1163; x_wconf 85' lang='lat' dir='ltr'>ln-</span> 
     </span>
     <span class='ocr_line' id='line_1_8' title="bbox 303 1168 2545 1239; baseline 0.005 -18"><span class='ocrx_word' id='word_1_69' title='bbox 303 1169 501 1221; x_wconf 86' lang='lat' dir='ltr'>stitutt.</span> <span class='ocrx_word' id='word_1_70' title='bbox 540 1170 632 1221; x_wconf 88' lang='lat' dir='ltr'>Gr.</span> <span class='ocrx_word' id='word_1_71' title='bbox 678 1168 793 1219; x_wconf 83' lang='lat' dir='ltr'>Lat.</span> <span class='ocrx_word' id='word_1_72' title='bbox 836 1168 961 1221; x_wconf 78' lang='lat' dir='ltr'>Vol.</span> <span class='ocrx_word' id='word_1_73' title='bbox 1008 1170 1071 1219; x_wconf 91' lang='lat' dir='ltr'>ll.</span> <span class='ocrx_word' id='word_1_74' title='bbox 1122 1186 1187 1235; x_wconf 88' lang='lat' dir='ltr'>p.</span> <span class='ocrx_word' id='word_1_75' title='bbox 1226 1171 1309 1223; x_wconf 89' lang='lat'>11.</span> <span class='ocrx_word' id='word_1_76' title='bbox 1358 1186 1437 1239; x_wconf 81' lang='lat' dir='ltr'>sq.</span> <span class='ocrx_word' id='word_1_77' title='bbox 1490 1170 1576 1223; x_wconf 87' lang='lat' dir='ltr'>ed.</span> <span class='ocrx_word' id='word_1_78' title='bbox 1624 1170 1771 1238; x_wconf 85' lang='lat' dir='ltr'>Lips.</span> <span class='ocrx_word' id='word_1_79' title='bbox 1850 1172 2000 1223; x_wconf 72' lang='lat' dir='ltr'>Adde</span> <span class='ocrx_word' id='word_1_80' title='bbox 2035 1176 2289 1227; x_wconf 80' lang='lat' dir='ltr'><strong>Matthiae</strong></span> <span class='ocrx_word' id='word_1_81' title='bbox 2323 1179 2414 1231; x_wconf 88' lang='lat' dir='ltr'>Gr.</span> <span class='ocrx_word' id='word_1_82' title='bbox 2450 1182 2545 1234; x_wconf 84' lang='lat' dir='ltr'>Gr.</span> 
     </span>
     <span class='ocr_line' id='line_1_9' title="bbox 302 1236 2607 1307; baseline 0.004 -16"><span class='ocrx_word' id='word_1_83' title='bbox 302 1240 427 1292; x_wconf 79' lang='lat' dir='ltr'>Vol.</span> <span class='ocrx_word' id='word_1_84' title='bbox 457 1240 519 1292; x_wconf 87' lang='lat' dir='ltr'>ll.</span> <span class='ocrx_word' id='word_1_85' title='bbox 549 1258 605 1307; x_wconf 86' lang='lat' dir='ltr'>p.</span> <span class='ocrx_word' id='word_1_86' title='bbox 628 1237 757 1304; x_wconf 69' lang='grc' dir='ltr'>615.ι</span> <span class='ocrx_word' id='word_1_87' title='bbox 818 1236 905 1289; x_wconf 82' lang='lat' dir='ltr'>sic</span> <span class='ocrx_word' id='word_1_88' title='bbox 927 1237 1285 1307; x_wconf 84' lang='lat' dir='ltr'>accipiendum</span> <span class='ocrx_word' id='word_1_89' title='bbox 1312 1239 1465 1290; x_wconf 87' lang='lat' dir='ltr'>etiam</span> <span class='ocrx_word' id='word_1_90' title='bbox 1496 1241 1806 1291; x_wconf 75' lang='lat' dir='ltr'>miserande</span> <span class='ocrx_word' id='word_1_91' title='bbox 1828 1238 1968 1293; x_wconf 85' lang='lat' dir='ltr'>infra</span> <span class='ocrx_word' id='word_1_92' title='bbox 2000 1243 2074 1303; x_wconf 76' lang='lat' dir='ltr'>X,</span> <span class='ocrx_word' id='word_1_93' title='bbox 2114 1244 2233 1299; x_wconf 78' lang='lat'><strong>327.</strong></span> <span class='ocrx_word' id='word_1_94' title='bbox 2270 1255 2326 1297; x_wconf 85' lang='lat' dir='ltr'>et</span> <span class='ocrx_word' id='word_1_95' title='bbox 2354 1248 2546 1300; x_wconf 79' lang='lat' dir='ltr'>indute</span> <span class='ocrx_word' id='word_1_96' title='bbox 2597 1248 2607 1258; x_wconf 88' lang='grc'><em>“</em></span> 
     </span>
     <span class='ocr_line' id='line_1_10' title="bbox 300 1301 2623 1392; baseline 0.004 -31"><span class='ocrx_word' id='word_1_97' title='bbox 300 1308 425 1375; x_wconf 82' lang='lat' dir='ltr'>xn,</span> <span class='ocrx_word' id='word_1_98' title='bbox 457 1308 579 1365; x_wconf 83' lang='lat'><strong>947.</strong></span> <span class='ocrx_word' id='word_1_99' title='bbox 630 1306 805 1388; x_wconf 50' lang='grc' dir='ltr'><strong>Πῶς).</strong></span> <span class='ocrx_word' id='word_1_100' title='bbox 914 1308 1020 1361; x_wconf 78' lang='grc'>486</span> <span class='ocrx_word' id='word_1_101' title='bbox 1066 1309 1237 1361; x_wconf 82' lang='lat' dir='ltr'>Locus</span> <span class='ocrx_word' id='word_1_102' title='bbox 1287 1307 1730 1377; x_wconf 77' lang='lat' dir='ltr'>interpretatione</span> <span class='ocrx_word' id='word_1_103' title='bbox 1769 1312 1854 1364; x_wconf 73' lang='lat' dir='ltr'>vix</span> <span class='ocrx_word' id='word_1_104' title='bbox 1883 1312 2272 1392; x_wconf 43' lang='lat' dir='ltr'>‘expediendum</span> <span class='ocrx_word' id='word_1_105' title='bbox 2339 1316 2546 1371; x_wconf 78' lang='lat' dir='ltr'>Servius</span> <span class='ocrx_word' id='word_1_106' title='bbox 2614 1301 2623 1311; x_wconf 55' lang='lat'>⁸</span> 
     </span>
     <span class='ocr_line' id='line_1_11' title="bbox 288 1376 2546 1521; baseline 0.004 -22"><span class='ocrx_word' id='word_1_107' title='bbox 288 1376 931 1511; x_wconf 54' lang='grc' dir='ltr'>ζ’ἓᾝὶἓῖᾚεῗῖἓὲῗωῗ</span> <span class='ocrx_word' id='word_1_108' title='bbox 968 1378 2546 1521; x_wconf 48' lang='lat' dir='ltr'>&amp;maffiaefflata.5⁰35..¹&#39;ss.&#39;;¹.¹²‘.²;q.‘÷f¹”‹¹2„23:235ssss</span> 
     </span>
     <span class='ocr_line' id='line_1_12' title="bbox 304 1513 2545 1604; baseline 0.004 -35"><span class='ocrx_word' id='word_1_109' title='bbox 304 1516 539 1571; x_wconf 78' lang='lat' dir='ltr'>acumine</span> <span class='ocrx_word' id='word_1_110' title='bbox 586 1516 745 1584; x_wconf 78' lang='lat' dir='ltr'>digna</span> <span class='ocrx_word' id='word_1_111' title='bbox 776 1513 1047 1583; x_wconf 76' lang='lat' dir='ltr'>antiquata</span> <span class='ocrx_word' id='word_1_112' title='bbox 1080 1532 1213 1579; x_wconf 80' lang='lat' dir='ltr'>vox,</span> <span class='ocrx_word' id='word_1_113' title='bbox 1246 1532 1353 1569; x_wconf 84' lang='lat' dir='ltr'>uon</span> <span class='ocrx_word' id='word_1_114' title='bbox 1386 1516 1690 1571; x_wconf 84' lang='lat' dir='ltr'>Maroniana</span> <span class='ocrx_word' id='word_1_115' title='bbox 1727 1516 2015 1585; x_wconf 71' lang='lat' dir='ltr'>elegantia!</span> <span class='ocrx_word' id='word_1_116' title='bbox 2083 1520 2226 1583; x_wconf 84' lang='lat' dir='ltr'>Quid</span> <span class='ocrx_word' id='word_1_117' title='bbox 2272 1524 2414 1604; x_wconf 84' lang='lat' dir='ltr'>quod</span> <span class='ocrx_word' id='word_1_118' title='bbox 2448 1541 2545 1579; x_wconf 87' lang='lat' dir='ltr'>nec</span> 
     </span>
     <span class='ocr_line' id='line_1_13' title="bbox 302 1583 2546 1660; baseline 0.004 -23"><span class='ocrx_word' id='word_1_119' title='bbox 302 1588 449 1639; x_wconf 82' lang='lat' dir='ltr'>vocis</span> <span class='ocrx_word' id='word_1_120' title='bbox 485 1583 778 1653; x_wconf 84' lang='lat' dir='ltr'>exemplum</span> <span class='ocrx_word' id='word_1_121' title='bbox 817 1593 989 1648; x_wconf 81' lang='lat' dir='ltr'>extat,</span> <span class='ocrx_word' id='word_1_122' title='bbox 1036 1584 1139 1636; x_wconf 87' lang='lat' dir='ltr'>nisi</span> <span class='ocrx_word' id='word_1_123' title='bbox 1174 1604 1239 1637; x_wconf 75' lang='lat' dir='ltr'>ex</span> <span class='ocrx_word' id='word_1_124' title='bbox 1276 1585 1505 1637; x_wconf 86' lang='lat' dir='ltr'>lectione</span> <span class='ocrx_word' id='word_1_125' title='bbox 1535 1588 1633 1639; x_wconf 86' lang='lat' dir='ltr'>los.</span> <span class='ocrx_word' id='word_1_126' title='bbox 1664 1586 1917 1659; x_wconf 72' lang='lat' dir='ltr'>Scaligeri</span> <span class='ocrx_word' id='word_1_127' title='bbox 1952 1588 2004 1639; x_wconf 90' lang='lat' dir='ltr'>in</span> <span class='ocrx_word' id='word_1_128' title='bbox 2042 1590 2194 1641; x_wconf 87' lang='lat' dir='ltr'>Ennii</span> <span class='ocrx_word' id='word_1_129' title='bbox 2224 1592 2546 1660; x_wconf 71' lang='lat' dir='ltr'>epitaphium</span> 
     </span>
     <span class='ocr_line' id='line_1_14' title="bbox 302 1652 2544 1725; baseline 0.002 -18"><span class='ocrx_word' id='word_1_130' title='bbox 302 1655 483 1709; x_wconf 82' lang='lat' dir='ltr'>illata:</span> <span class='ocrx_word' id='word_1_131' title='bbox 518 1674 621 1709; x_wconf 82' lang='lat' dir='ltr'>nec</span> <span class='ocrx_word' id='word_1_132' title='bbox 628 1654 843 1724; x_wconf 80' lang='lat' dir='ltr'>funera</span> <span class='ocrx_word' id='word_1_133' title='bbox 866 1654 1067 1721; x_wconf 74' lang='lat' dir='ltr'>fletum</span> <span class='ocrx_word' id='word_1_134' title='bbox 1087 1654 1259 1725; x_wconf 71' lang='lat' dir='ltr'>faxit.</span> <span class='ocrx_word' id='word_1_135' title='bbox 1318 1655 1387 1707; x_wconf 81' lang='lat' dir='ltr'>cf.</span> <span class='ocrx_word' id='word_1_136' title='bbox 1421 1656 1596 1709; x_wconf 84' lang='lat' dir='ltr'>Davis.</span> <span class='ocrx_word' id='word_1_137' title='bbox 1630 1656 1696 1707; x_wconf 86' lang='lat' dir='ltr'>ad</span> <span class='ocrx_word' id='word_1_138' title='bbox 1720 1656 1824 1709; x_wconf 89' lang='lat' dir='ltr'>Cic.</span> <span class='ocrx_word' id='word_1_139' title='bbox 1859 1659 2016 1709; x_wconf 86' lang='lat' dir='ltr'>Tusc.</span> <span class='ocrx_word' id='word_1_140' title='bbox 2056 1660 2154 1723; x_wconf 88' lang='lat' dir='ltr'>Qu.</span> <span class='ocrx_word' id='word_1_141' title='bbox 2193 1662 2232 1723; x_wconf 87' lang='lat' dir='ltr'>l,</span> <span class='ocrx_word' id='word_1_142' title='bbox 2261 1657 2346 1716; x_wconf 81' lang='lat'>49.</span> <span class='ocrx_word' id='word_1_143' title='bbox 2415 1652 2544 1715; x_wconf 72' lang='lat' dir='ltr'>Dis-</span> 
     </span>
     <span class='ocr_line' id='line_1_15' title="bbox 302 1722 2545 1797; baseline 0.003 -20"><span class='ocrx_word' id='word_1_144' title='bbox 302 1726 490 1795; x_wconf 87' lang='lat' dir='ltr'>plicuit</span> <span class='ocrx_word' id='word_1_145' title='bbox 524 1724 776 1778; x_wconf 74' lang='lat' dir='ltr'>Serviane</span> <span class='ocrx_word' id='word_1_146' title='bbox 818 1722 951 1775; x_wconf 84' lang='lat' dir='ltr'>ratio</span> <span class='ocrx_word' id='word_1_147' title='bbox 993 1724 1097 1777; x_wconf 84' lang='lat' dir='ltr'>iam</span> <span class='ocrx_word' id='word_1_148' title='bbox 1146 1724 1279 1777; x_wconf 87' lang='lat' dir='ltr'>lulio</span> <span class='ocrx_word' id='word_1_149' title='bbox 1317 1725 1511 1778; x_wconf 84' lang='lat' dir='ltr'>Sabino</span> <span class='ocrx_word' id='word_1_150' title='bbox 1525 1764 1542 1790; x_wconf 86' lang='lat'>,</span> <span class='ocrx_word' id='word_1_151' title='bbox 1592 1727 1682 1794; x_wconf 90' lang='lat' dir='ltr'>qui</span> <span class='ocrx_word' id='word_1_152' title='bbox 1715 1727 1791 1779; x_wconf 87' lang='lat' dir='ltr'>sie</span> <span class='ocrx_word' id='word_1_153' title='bbox 1825 1728 2040 1795; x_wconf 81' lang='lat' dir='ltr'>accipit:</span> <span class='ocrx_word' id='word_1_154' title='bbox 2091 1746 2230 1797; x_wconf 78' lang='lat' dir='ltr'>„ego</span> <span class='ocrx_word' id='word_1_155' title='bbox 2263 1738 2352 1782; x_wconf 90' lang='lat' dir='ltr'>tua</span> <span class='ocrx_word' id='word_1_156' title='bbox 2377 1743 2545 1785; x_wconf 84' lang='lat' dir='ltr'>mater</span> 
     </span>
     <span class='ocr_line' id='line_1_16' title="bbox 303 1792 2597 1868; baseline 0.003 -21"><span class='ocrx_word' id='word_1_157' title='bbox 303 1794 526 1868; x_wconf 84' lang='lat' dir='ltr'>„peperi</span> <span class='ocrx_word' id='word_1_158' title='bbox 557 1806 610 1847; x_wconf 88' lang='lat' dir='ltr'>te</span> <span class='ocrx_word' id='word_1_159' title='bbox 638 1811 747 1845; x_wconf 91' lang='lat' dir='ltr'>non</span> <span class='ocrx_word' id='word_1_160' title='bbox 782 1793 849 1844; x_wconf 87' lang='lat' dir='ltr'>ad</span> <span class='ocrx_word' id='word_1_161' title='bbox 874 1793 1088 1853; x_wconf 77' lang='lat' dir='ltr'>funera,</span> <span class='ocrx_word' id='word_1_162' title='bbox 1124 1792 1181 1845; x_wconf 89' lang='lat' dir='ltr'>id</span> <span class='ocrx_word' id='word_1_163' title='bbox 1212 1804 1322 1857; x_wconf 85' lang='lat' dir='ltr'>est,</span> <span class='ocrx_word' id='word_1_164' title='bbox 1357 1804 1415 1846; x_wconf 89' lang='lat' dir='ltr'>ut</span> <span class='ocrx_word' id='word_1_165' title='bbox 1444 1795 1558 1865; x_wconf 88' lang='lat' dir='ltr'>ipsa</span> <span class='ocrx_word' id='word_1_166' title='bbox 1585 1796 1685 1847; x_wconf 86' lang='lat' dir='ltr'>tibi</span> <span class='ocrx_word' id='word_1_167' title='bbox 1722 1795 1944 1849; x_wconf 78' lang='lat' dir='ltr'>facerem</span> <span class='ocrx_word' id='word_1_168' title='bbox 1985 1799 2192 1850; x_wconf 86' lang='lat' dir='ltr'>funus.“</span> <span class='ocrx_word' id='word_1_169' title='bbox 2259 1800 2544 1855; x_wconf 71' lang='lat' dir='ltr'>Substituit</span> <span class='ocrx_word' id='word_1_170' title='bbox 2585 1806 2597 1820; x_wconf 71' lang='lat'>⁸</span> 
     </span>
     <span class='ocr_line' id='line_1_17' title="bbox 302 1861 2542 1938; baseline 0.002 -21"><span class='ocrx_word' id='word_1_171' title='bbox 302 1866 465 1934; x_wconf 82' lang='lat' dir='ltr'>igitur</span> <span class='ocrx_word' id='word_1_172' title='bbox 514 1865 639 1927; x_wconf 87' lang='lat' dir='ltr'>ille,</span> <span class='ocrx_word' id='word_1_173' title='bbox 686 1862 829 1933; x_wconf 88' lang='lat' dir='ltr'>quod</span> <span class='ocrx_word' id='word_1_174' title='bbox 876 1861 965 1914; x_wconf 88' lang='lat' dir='ltr'>alii</span> <span class='ocrx_word' id='word_1_175' title='bbox 1012 1880 1221 1933; x_wconf 87' lang='lat' dir='ltr'>quoque</span> <span class='ocrx_word' id='word_1_176' title='bbox 1268 1864 1491 1916; x_wconf 82' lang='lat' dir='ltr'>faciunt:</span> <span class='ocrx_word' id='word_1_177' title='bbox 1539 1882 1641 1917; x_wconf 83' lang='lat' dir='ltr'>nec</span> <span class='ocrx_word' id='word_1_178' title='bbox 1672 1878 1726 1917; x_wconf 76' lang='lat' dir='ltr'>te</span> <span class='ocrx_word' id='word_1_179' title='bbox 1769 1866 1836 1917; x_wconf 91' lang='lat' dir='ltr'>ad</span> <span class='ocrx_word' id='word_1_180' title='bbox 1866 1878 1966 1917; x_wconf 79' lang='lat' dir='ltr'>tua</span> <span class='ocrx_word' id='word_1_181' title='bbox 1989 1866 2060 1937; x_wconf 89' lang='lat' dir='ltr'>s.,</span> <span class='ocrx_word' id='word_1_182' title='bbox 2111 1866 2204 1919; x_wconf 86' lang='lat' dir='ltr'>sed</span> <span class='ocrx_word' id='word_1_183' title='bbox 2229 1868 2333 1921; x_wconf 88' lang='lat' dir='ltr'>hoc</span> <span class='ocrx_word' id='word_1_184' title='bbox 2366 1868 2542 1938; x_wconf 88' lang='lat' dir='ltr'>plum-</span> 
     </span>
     <span class='ocr_line' id='line_1_18' title="bbox 301 1932 2544 2005; baseline 0.003 -18"><span class='ocrx_word' id='word_1_185' title='bbox 301 1936 457 1987; x_wconf 85' lang='lat' dir='ltr'>beum</span> <span class='ocrx_word' id='word_1_186' title='bbox 486 1946 591 1995; x_wconf 74' lang='lat' dir='ltr'>est3</span> <span class='ocrx_word' id='word_1_187' title='bbox 626 1945 748 1994; x_wconf 86' lang='lat' dir='ltr'>sut,</span> <span class='ocrx_word' id='word_1_188' title='bbox 780 1932 919 2001; x_wconf 87' lang='lat' dir='ltr'>quod</span> <span class='ocrx_word' id='word_1_189' title='bbox 944 1934 1409 1998; x_wconf 43' lang='lat' dir='ltr'>PseudoeDonati</span> <span class='ocrx_word' id='word_1_190' title='bbox 1449 1934 1876 2002; x_wconf 80' lang='lat' dir='ltr'>interpretationi</span> <span class='ocrx_word' id='word_1_191' title='bbox 1903 1936 2188 2005; x_wconf 81' lang='lat' dir='ltr'>praefixum</span> <span class='ocrx_word' id='word_1_192' title='bbox 2218 1938 2401 1991; x_wconf 81' lang='lat' dir='ltr'>video:</span> <span class='ocrx_word' id='word_1_193' title='bbox 2439 1956 2544 1993; x_wconf 77' lang='lat' dir='ltr'>nec</span> 
     </span>
     <span class='ocr_line' id='line_1_19' title="bbox 302 2001 2542 2079; baseline 0 -22"><span class='ocrx_word' id='word_1_194' title='bbox 302 2018 357 2057; x_wconf 72' lang='lat' dir='ltr'>te</span> <span class='ocrx_word' id='word_1_195' title='bbox 382 2007 438 2057; x_wconf 88' lang='lat' dir='ltr'>in</span> <span class='ocrx_word' id='word_1_196' title='bbox 467 2018 569 2056; x_wconf 77' lang='lat' dir='ltr'>tua</span> <span class='ocrx_word' id='word_1_197' title='bbox 590 2002 659 2071; x_wconf 78' lang='lat' dir='ltr'>fi,</span> <span class='ocrx_word' id='word_1_198' title='bbox 694 2013 751 2055; x_wconf 87' lang='lat' dir='ltr'>at</span> <span class='ocrx_word' id='word_1_199' title='bbox 778 2002 832 2052; x_wconf 85' lang='lat' dir='ltr'>in</span> <span class='ocrx_word' id='word_1_200' title='bbox 861 2001 975 2071; x_wconf 87' lang='lat' dir='ltr'>ipsa</span> <span class='ocrx_word' id='word_1_201' title='bbox 1004 2003 1439 2072; x_wconf 84' lang='lat' dir='ltr'>interpretatione</span> <span class='ocrx_word' id='word_1_202' title='bbox 1481 2002 1638 2056; x_wconf 83' lang='lat' dir='ltr'>aliter</span> <span class='ocrx_word' id='word_1_203' title='bbox 1675 2016 1920 2074; x_wconf 85' lang='lat' dir='ltr'>acceptus</span> <span class='ocrx_word' id='word_1_204' title='bbox 1943 2004 2116 2058; x_wconf 84' lang='lat' dir='ltr'>locus:</span> <span class='ocrx_word' id='word_1_205' title='bbox 2154 2008 2288 2073; x_wconf 84' lang='lat' dir='ltr'>„Hic</span> <span class='ocrx_word' id='word_1_206' title='bbox 2318 2026 2542 2079; x_wconf 82' lang='lat' dir='ltr'>quoque,</span> 
     </span>
     <span class='ocr_line' id='line_1_20' title="bbox 299 2071 2542 2144; baseline 0.002 -18"><span class='ocrx_word' id='word_1_207' title='bbox 299 2074 499 2144; x_wconf 83' lang='lat' dir='ltr'>inquit,</span> <span class='ocrx_word' id='word_1_208' title='bbox 534 2073 676 2126; x_wconf 87' lang='lat' dir='ltr'>alind</span> <span class='ocrx_word' id='word_1_209' title='bbox 700 2072 872 2124; x_wconf 80' lang='lat' dir='ltr'>fuerat</span> <span class='ocrx_word' id='word_1_210' title='bbox 902 2071 1133 2135; x_wconf 87' lang='lat' dir='ltr'>dictura,</span> <span class='ocrx_word' id='word_1_211' title='bbox 1170 2072 1312 2124; x_wconf 86' lang='lat' dir='ltr'>aliud</span> <span class='ocrx_word' id='word_1_212' title='bbox 1347 2072 1637 2137; x_wconf 85' lang='lat' dir='ltr'>„subiecit,</span> <span class='ocrx_word' id='word_1_213' title='bbox 1683 2073 1910 2127; x_wconf 86' lang='lat' dir='ltr'>dolentis</span> <span class='ocrx_word' id='word_1_214' title='bbox 1947 2079 2148 2129; x_wconf 55' lang='lat' dir='ltr'>morest‘</span> <span class='ocrx_word' id='word_1_215' title='bbox 2218 2076 2432 2129; x_wconf 83' lang='lat' dir='ltr'>Scilicet</span> <span class='ocrx_word' id='word_1_216' title='bbox 2476 2096 2542 2131; x_wconf 78' lang='lat' dir='ltr'>ex</span> 
     </span>
     <span class='ocr_line' id='line_1_21' title="bbox 301 2140 2544 2215; baseline 0.001 -20"><span class='ocrx_word' id='word_1_217' title='bbox 301 2145 411 2195; x_wconf 89' lang='lat' dir='ltr'>eius</span> <span class='ocrx_word' id='word_1_218' title='bbox 450 2142 711 2196; x_wconf 83' lang='lat' dir='ltr'>sententia</span> <span class='ocrx_word' id='word_1_219' title='bbox 750 2140 1079 2195; x_wconf 85' lang='lat' dir='ltr'>scribendum</span> <span class='ocrx_word' id='word_1_220' title='bbox 1118 2143 1219 2195; x_wconf 90' lang='lat' dir='ltr'>erit</span> <span class='ocrx_word' id='word_1_221' title='bbox 1254 2160 1371 2195; x_wconf 82' lang='lat' dir='ltr'>cum</span> <span class='ocrx_word' id='word_1_222' title='bbox 1406 2142 1659 2197; x_wconf 83' lang='lat' dir='ltr'>Catroeo:</span> <span class='ocrx_word' id='word_1_223' title='bbox 1707 2162 1808 2195; x_wconf 82' lang='lat' dir='ltr'>nee</span> <span class='ocrx_word' id='word_1_224' title='bbox 1841 2156 2088 2200; x_wconf 71' lang='lat' dir='ltr'>te—-tua</span> <span class='ocrx_word' id='word_1_225' title='bbox 2115 2144 2332 2215; x_wconf 80' lang='lat' dir='ltr'>funera</span> <span class='ocrx_word' id='word_1_226' title='bbox 2369 2160 2544 2203; x_wconf 64' lang='lat' dir='ltr'>mour</span> 
     </span>
     <span class='ocr_line' id='line_1_22' title="bbox 300 2210 2542 2297; baseline 0.001 -32"><span class='ocrx_word' id='word_1_227' title='bbox 300 2215 581 2274; x_wconf 74' lang='lat' dir='ltr'>Produxi,</span> <span class='ocrx_word' id='word_1_228' title='bbox 630 2223 687 2295; x_wconf 69' lang='lat' dir='ltr'>ut</span> <span class='ocrx_word' id='word_1_229' title='bbox 708 2230 777 2294; x_wconf 36' lang='lat' dir='ltr'>‘se</span> <span class='ocrx_word' id='word_1_230' title='bbox 818 2212 986 2280; x_wconf 80' lang='lat' dir='ltr'>ipsam</span> <span class='ocrx_word' id='word_1_231' title='bbox 1034 2211 1418 2295; x_wconf 71' lang='lat' dir='ltr'>reprehendat:</span> <span class='ocrx_word' id='word_1_232' title='bbox 1511 2212 1600 2297; x_wconf 72' lang='lat' dir='ltr'>uid</span> <span class='ocrx_word' id='word_1_233' title='bbox 1649 2212 1770 2265; x_wconf 85' lang='lat' dir='ltr'>dico</span> <span class='ocrx_word' id='word_1_234' title='bbox 1802 2210 1906 2295; x_wconf 53' lang='lat' dir='ltr'>je?</span> <span class='ocrx_word' id='word_1_235' title='bbox 1960 2214 2150 2266; x_wconf 86' lang='lat' dir='ltr'>saltem</span> <span class='ocrx_word' id='word_1_236' title='bbox 2192 2224 2284 2267; x_wconf 84' lang='lat' dir='ltr'>tua</span> <span class='ocrx_word' id='word_1_237' title='bbox 2327 2216 2542 2268; x_wconf 76' lang='lat' dir='ltr'>funera:</span> 
     </span>
     <span class='ocr_line' id='line_1_23' title="bbox 300 2281 2544 2419; baseline 0.002 -15"><span class='ocrx_word' id='word_1_238' title='bbox 300 2285 442 2406; x_wconf 61' lang='lat'>333⁶</span> <span class='ocrx_word' id='word_1_239' title='bbox 477 2282 1281 2419; x_wconf 63' lang='lat'>3:.3:;¹:¹2¹;¹.⁸:..¹2¹;2¹:;²?2¹33</span> <span class='ocrx_word' id='word_1_240' title='bbox 1304 2282 1675 2418; x_wconf 50' lang='lat' dir='ltr'>ziftfimffississz</span> <span class='ocrx_word' id='word_1_241' title='bbox 1719 2281 1901 2403; x_wconf 49' lang='lat'>3²⁰3.</span> <span class='ocrx_word' id='word_1_242' title='bbox 1922 2296 2544 2408; x_wconf 55' lang='lat'>2223223255222153}</span> 
     </span>
     <span class='ocr_line' id='line_1_24' title="bbox 301 2419 2546 2492; baseline 0.002 -19"><span class='ocrx_word' id='word_1_243' title='bbox 301 2419 529 2473; x_wconf 81' lang='lat' dir='ltr'>Castalio</span> <span class='ocrx_word' id='word_1_244' title='bbox 562 2420 703 2487; x_wconf 87' lang='lat' dir='ltr'>apud</span> <span class='ocrx_word' id='word_1_245' title='bbox 727 2420 1069 2471; x_wconf 79' lang='lat' dir='ltr'>Burmannum</span> <span class='ocrx_word' id='word_1_246' title='bbox 1092 2419 1253 2470; x_wconf 80' lang='lat' dir='ltr'>verba</span> <span class='ocrx_word' id='word_1_247' title='bbox 1276 2420 1528 2489; x_wconf 82' lang='lat' dir='ltr'>iungebat</span> <span class='ocrx_word' id='word_1_248' title='bbox 1561 2420 1666 2472; x_wconf 85' lang='lat' dir='ltr'>sic:</span> <span class='ocrx_word' id='word_1_249' title='bbox 1700 2436 1801 2471; x_wconf 78' lang='lat' dir='ltr'>nec</span> <span class='ocrx_word' id='word_1_250' title='bbox 1825 2432 1880 2471; x_wconf 73' lang='lat' dir='ltr'>te</span> <span class='ocrx_word' id='word_1_251' title='bbox 1910 2433 2102 2491; x_wconf 73' lang='lat' dir='ltr'>tegens</span> <span class='ocrx_word' id='word_1_252' title='bbox 2122 2436 2271 2475; x_wconf 70' lang='lat' dir='ltr'>veste</span> <span class='ocrx_word' id='word_1_253' title='bbox 2301 2425 2546 2492; x_wconf 77' lang='lat' dir='ltr'>produxi</span> 
     </span>
     <span class='ocr_line' id='line_1_25' title="bbox 291 2487 2541 2560; baseline 0 -18"><span class='ocrx_word' id='word_1_254' title='bbox 291 2488 521 2560; x_wconf 77' lang='lat' dir='ltr'>funera.</span> <span class='ocrx_word' id='word_1_255' title='bbox 592 2490 733 2540; x_wconf 79' lang='lat' dir='ltr'>Dura</span> <span class='ocrx_word' id='word_1_256' title='bbox 766 2504 981 2557; x_wconf 87' lang='lat' dir='ltr'>prorsus</span> <span class='ocrx_word' id='word_1_257' title='bbox 1019 2487 1211 2542; x_wconf 83' lang='lat' dir='ltr'>oratio.</span> <span class='ocrx_word' id='word_1_258' title='bbox 1282 2490 1479 2542; x_wconf 83' lang='lat' dir='ltr'>Locum</span> <span class='ocrx_word' id='word_1_259' title='bbox 1513 2507 1628 2544; x_wconf 81' lang='lat' dir='ltr'>esse</span> <span class='ocrx_word' id='word_1_260' title='bbox 1651 2498 1951 2558; x_wconf 85' lang='lat' dir='ltr'>corruptum</span> <span class='ocrx_word' id='word_1_261' title='bbox 1973 2491 2144 2545; x_wconf 86' lang='lat' dir='ltr'>nullus</span> <span class='ocrx_word' id='word_1_262' title='bbox 2173 2491 2354 2546; x_wconf 78' lang='lat' dir='ltr'>dubito</span> <span class='ocrx_word' id='word_1_263' title='bbox 2383 2499 2439 2545; x_wconf 81' lang='lat' dir='ltr'>at</span> <span class='ocrx_word' id='word_1_264' title='bbox 2477 2510 2541 2544; x_wconf 88' lang='lat' dir='ltr'>ue</span> 
     </span>
     <span class='ocr_line' id='line_1_26' title="bbox 302 2512 2540 2628; baseline 0.001 -18"><span class='ocrx_word' id='word_1_265' title='bbox 302 2578 420 2611; x_wconf 86' lang='lat' dir='ltr'>eum</span> <span class='ocrx_word' id='word_1_266' title='bbox 450 2559 589 2610; x_wconf 88' lang='lat' dir='ltr'>inter</span> <span class='ocrx_word' id='word_1_267' title='bbox 628 2575 693 2610; x_wconf 83' lang='lat' dir='ltr'>ea</span> <span class='ocrx_word' id='word_1_268' title='bbox 738 2575 853 2609; x_wconf 85' lang='lat' dir='ltr'>esse</span> <span class='ocrx_word' id='word_1_269' title='bbox 879 2557 1207 2610; x_wconf 82' lang='lat' dir='ltr'>referendum</span> <span class='ocrx_word' id='word_1_270' title='bbox 1235 2574 1444 2622; x_wconf 89' lang='lat' dir='ltr'>censeo,</span> <span class='ocrx_word' id='word_1_271' title='bbox 1492 2559 1547 2609; x_wconf 89' lang='lat' dir='ltr'>in</span> <span class='ocrx_word' id='word_1_272' title='bbox 1579 2574 1798 2628; x_wconf 86' lang='lat' dir='ltr'>quorum</span> <span class='ocrx_word' id='word_1_273' title='bbox 1827 2561 2142 2628; x_wconf 73' lang='lat' dir='ltr'>corruptelis</span> <span class='ocrx_word' id='word_1_274' title='bbox 2181 2577 2358 2613; x_wconf 80' lang='lat' dir='ltr'>omnes</span> <span class='ocrx_word' id='word_1_275' title='bbox 2383 2512 2540 2613; x_wconf 53' lang='lat' dir='ltr'>coqn-</span> 
     </span>
     <span class='ocr_line' id='line_1_27' title="bbox 302 2617 2540 2697; baseline 0 -15"><span class='ocrx_word' id='word_1_276' title='bbox 302 2647 389 2682; x_wconf 84' lang='lat' dir='ltr'>ces</span> <span class='ocrx_word' id='word_1_277' title='bbox 427 2627 732 2696; x_wconf 86' lang='lat' dir='ltr'>conspirant</span> <span class='ocrx_word' id='word_1_278' title='bbox 776 2643 945 2694; x_wconf 90' lang='lat' dir='ltr'>eoque</span> <span class='ocrx_word' id='word_1_279' title='bbox 988 2634 1236 2677; x_wconf 83' lang='lat' dir='ltr'>testatum</span> <span class='ocrx_word' id='word_1_280' title='bbox 1281 2626 1510 2690; x_wconf 70' lang='lat' dir='ltr'>faciunt,</span> <span class='ocrx_word' id='word_1_281' title='bbox 1561 2639 1618 2678; x_wconf 75' lang='lat' dir='ltr'>su</span> <span class='ocrx_word' id='word_1_282' title='bbox 1662 2627 1774 2679; x_wconf 84' lang='lat' dir='ltr'>istis</span> <span class='ocrx_word' id='word_1_283' title='bbox 1814 2617 2272 2697; x_wconf 69' lang='lat' dir='ltr'>depravationibus</span> <span class='ocrx_word' id='word_1_284' title='bbox 2315 2631 2540 2683; x_wconf 84' lang='lat' dir='ltr'>seriores</span> 
     </span>
     <span class='ocr_line' id='line_1_28' title="bbox 302 2693 2543 2762; baseline 0 -12"><span class='ocrx_word' id='word_1_285' title='bbox 302 2715 417 2750; x_wconf 83' lang='lat' dir='ltr'>esse</span> <span class='ocrx_word' id='word_1_286' title='bbox 457 2714 655 2750; x_wconf 85' lang='lat' dir='ltr'>omnes.</span> <span class='ocrx_word' id='word_1_287' title='bbox 724 2693 988 2748; x_wconf 85' lang='lat' dir='ltr'>Laudatur</span> <span class='ocrx_word' id='word_1_288' title='bbox 1016 2694 1227 2762; x_wconf 88' lang='lat' dir='ltr'>quidem</span> <span class='ocrx_word' id='word_1_289' title='bbox 1260 2694 1421 2747; x_wconf 90' lang='lat' dir='ltr'>lectio</span> <span class='ocrx_word' id='word_1_290' title='bbox 1452 2713 1516 2746; x_wconf 83' lang='lat' dir='ltr'>ex</span> <span class='ocrx_word' id='word_1_291' title='bbox 1545 2713 1652 2748; x_wconf 84' lang='lat' dir='ltr'>sec.</span> <span class='ocrx_word' id='word_1_292' title='bbox 1680 2697 1871 2747; x_wconf 80' lang='lat' dir='ltr'>Moret.</span> <span class='ocrx_word' id='word_1_293' title='bbox 1898 2715 1999 2749; x_wconf 83' lang='lat' dir='ltr'>nec</span> <span class='ocrx_word' id='word_1_294' title='bbox 2029 2699 2169 2749; x_wconf 73' lang='lat' dir='ltr'>enirn</span> <span class='ocrx_word' id='word_1_295' title='bbox 2215 2711 2340 2754; x_wconf 80' lang='lat' dir='ltr'>tua.</span> <span class='ocrx_word' id='word_1_296' title='bbox 2377 2709 2431 2749; x_wconf 87' lang='lat' dir='ltr'>et</span> <span class='ocrx_word' id='word_1_297' title='bbox 2477 2718 2543 2752; x_wconf 82' lang='lat' dir='ltr'>ex</span> 
     </span>
     <span class='ocr_line' id='line_1_29' title="bbox 297 2764 2574 2837; baseline -0 -16"><span class='ocrx_word' id='word_1_298' title='bbox 297 2767 539 2821; x_wconf 77' lang='lat' dir='ltr'>Parthas.</span> <span class='ocrx_word' id='word_1_299' title='bbox 570 2784 672 2818; x_wconf 74' lang='grc' dir='ltr'>πει·</span> <span class='ocrx_word' id='word_1_300' title='bbox 697 2781 801 2834; x_wconf 84' lang='lat' dir='ltr'>ego</span> <span class='ocrx_word' id='word_1_301' title='bbox 828 2777 955 2826; x_wconf 76' lang='lat' dir='ltr'>tua,</span> <span class='ocrx_word' id='word_1_302' title='bbox 990 2764 1085 2814; x_wconf 88' lang='lat' dir='ltr'>sed</span> <span class='ocrx_word' id='word_1_303' title='bbox 1114 2774 1465 2816; x_wconf 87' lang='lat' dir='ltr'>correctorem</span> <span class='ocrx_word' id='word_1_304' title='bbox 1489 2764 1545 2814; x_wconf 88' lang='lat' dir='ltr'>in</span> <span class='ocrx_word' id='word_1_305' title='bbox 1575 2765 1660 2816; x_wconf 81' lang='lat' dir='ltr'>his</span> <span class='ocrx_word' id='word_1_306' title='bbox 1703 2779 1952 2831; x_wconf 78' lang='lat' dir='ltr'>agnoscas</span> <span class='ocrx_word' id='word_1_307' title='bbox 1977 2766 2164 2825; x_wconf 82' lang='lat' dir='ltr'>facile;</span> <span class='ocrx_word' id='word_1_308' title='bbox 2213 2767 2392 2818; x_wconf 78' lang='lat' dir='ltr'>necin</span> <span class='ocrx_word' id='word_1_309' title='bbox 2423 2767 2541 2820; x_wconf 86' lang='lat' dir='ltr'>aliis</span> <span class='ocrx_word' id='word_1_310' title='bbox 2562 2826 2574 2837; x_wconf 42' lang='lat'>¹</span> 
     </span>
     <span class='ocr_line' id='line_1_30' title="bbox 296 2833 2542 2904; baseline -0 -16"><span class='ocrx_word' id='word_1_311' title='bbox 296 2835 431 2890; x_wconf 88' lang='lat' dir='ltr'>loeis</span> <span class='ocrx_word' id='word_1_312' title='bbox 458 2837 517 2888; x_wconf 88' lang='lat' dir='ltr'>hi</span> <span class='ocrx_word' id='word_1_313' title='bbox 553 2835 763 2888; x_wconf 85' lang='lat' dir='ltr'>codices</span> <span class='ocrx_word' id='word_1_314' title='bbox 804 2834 873 2885; x_wconf 89' lang='lat' dir='ltr'>ab</span> <span class='ocrx_word' id='word_1_315' title='bbox 912 2833 1029 2886; x_wconf 85' lang='lat' dir='ltr'>aliis</span> <span class='ocrx_word' id='word_1_316' title='bbox 1069 2833 1323 2886; x_wconf 83' lang='lat' dir='ltr'>recedunt</span> <span class='ocrx_word' id='word_1_317' title='bbox 1362 2833 1464 2884; x_wconf 83' lang='lat' dir='ltr'>nisi</span> <span class='ocrx_word' id='word_1_318' title='bbox 1501 2852 1567 2884; x_wconf 83' lang='lat' dir='ltr'>ex</span> <span class='ocrx_word' id='word_1_319' title='bbox 1605 2834 2029 2900; x_wconf 83' lang='lat' dir='ltr'>interpolatione.</span> <span class='ocrx_word' id='word_1_320' title='bbox 2098 2835 2204 2886; x_wconf 83' lang='lat' dir='ltr'>Sed</span> <span class='ocrx_word' id='word_1_321' title='bbox 2240 2834 2294 2885; x_wconf 89' lang='lat' dir='ltr'>in</span> <span class='ocrx_word' id='word_1_322' title='bbox 2332 2846 2542 2904; x_wconf 85' lang='lat' dir='ltr'>promtu</span> 
     </span>
     <span class='ocr_line' id='line_1_31' title="bbox 299 2898 2543 2973; baseline -0 -14"><span class='ocrx_word' id='word_1_323' title='bbox 299 2915 381 2959; x_wconf 84' lang='lat' dir='ltr'>est</span> <span class='ocrx_word' id='word_1_324' title='bbox 412 2905 519 2959; x_wconf 89' lang='lat' dir='ltr'>loci</span> <span class='ocrx_word' id='word_1_325' title='bbox 564 2905 863 2957; x_wconf 83' lang='lat' dir='ltr'>emendatio</span> <span class='ocrx_word' id='word_1_326' title='bbox 880 2941 896 2968; x_wconf 94' lang='lat'>,</span> <span class='ocrx_word' id='word_1_327' title='bbox 945 2919 1109 2973; x_wconf 82' lang='lat' dir='ltr'>quae,</span> <span class='ocrx_word' id='word_1_328' title='bbox 1157 2920 1257 2954; x_wconf 88' lang='lat' dir='ltr'>una</span> <span class='ocrx_word' id='word_1_329' title='bbox 1298 2920 1412 2954; x_wconf 90' lang='lat' dir='ltr'>cum</span> <span class='ocrx_word' id='word_1_330' title='bbox 1441 2901 1834 2971; x_wconf 80' lang='lat' dir='ltr'>depravationis</span> <span class='ocrx_word' id='word_1_331' title='bbox 1876 2919 2087 2966; x_wconf 78' lang='lat' dir='ltr'>caussa,</span> <span class='ocrx_word' id='word_1_332' title='bbox 2123 2921 2187 2954; x_wconf 84' lang='lat' dir='ltr'>ex</span> <span class='ocrx_word' id='word_1_333' title='bbox 2211 2898 2543 2958; x_wconf 79' lang='lat' dir='ltr'>antecedenti</span> 
     </span>
     <span class='ocr_line' id='line_1_32' title="bbox 297 2973 2542 3042; baseline -0.001 -14"><span class='ocrx_word' id='word_1_334' title='bbox 297 2990 401 3028; x_wconf 74' lang='lat' dir='ltr'>sua</span> <span class='ocrx_word' id='word_1_335' title='bbox 436 2977 488 3027; x_wconf 89' lang='lat' dir='ltr'>in</span> <span class='ocrx_word' id='word_1_336' title='bbox 520 2975 703 3028; x_wconf 89' lang='lat' dir='ltr'>oculos</span> <span class='ocrx_word' id='word_1_337' title='bbox 744 2973 989 3026; x_wconf 84' lang='lat' dir='ltr'>incurrit:</span> <span class='ocrx_word' id='word_1_338' title='bbox 1042 2989 1255 3040; x_wconf 85' lang='lat' dir='ltr'>eamque</span> <span class='ocrx_word' id='word_1_339' title='bbox 1292 2973 1395 3024; x_wconf 86' lang='lat' dir='ltr'>iam</span> <span class='ocrx_word' id='word_1_340' title='bbox 1436 2973 1660 3025; x_wconf 83' lang='lat' dir='ltr'>Bembus</span> <span class='ocrx_word' id='word_1_341' title='bbox 1697 2982 2078 3042; x_wconf 73' lang='lat' dir='ltr'>proposueratt</span> <span class='ocrx_word' id='word_1_342' title='bbox 2113 2991 2213 3025; x_wconf 81' lang='lat' dir='ltr'>nec</span> <span class='ocrx_word' id='word_1_343' title='bbox 2242 2984 2297 3024; x_wconf 76' lang='lat' dir='ltr'>te</span> <span class='ocrx_word' id='word_1_344' title='bbox 2329 2983 2427 3024; x_wconf 73' lang='lat' dir='ltr'>tua</span> <span class='ocrx_word' id='word_1_345' title='bbox 2451 2973 2542 3026; x_wconf 76' lang='lat' dir='ltr'>fu-</span> 
     </span>
     <span class='ocr_line' id='line_1_33' title="bbox 295 3041 2540 3112; baseline -0.001 -14"><span class='ocrx_word' id='word_1_346' title='bbox 295 3063 424 3098; x_wconf 86' lang='lat' dir='ltr'>nere</span> <span class='ocrx_word' id='word_1_347' title='bbox 460 3058 635 3098; x_wconf 74' lang='lat' dir='ltr'>mater</span> <span class='ocrx_word' id='word_1_348' title='bbox 671 3043 951 3106; x_wconf 64' lang='lat' dir='ltr'>Produaeae&#39;g</span> <span class='ocrx_word' id='word_1_349' title='bbox 1000 3059 1099 3093; x_wconf 87' lang='lat' dir='ltr'>nec</span> <span class='ocrx_word' id='word_1_350' title='bbox 1140 3058 1240 3110; x_wconf 83' lang='lat' dir='ltr'>ego</span> <span class='ocrx_word' id='word_1_351' title='bbox 1264 3041 1489 3112; x_wconf 84' lang='lat' dir='ltr'>produxi</span> <span class='ocrx_word' id='word_1_352' title='bbox 1528 3053 1584 3095; x_wconf 88' lang='lat' dir='ltr'>te</span> <span class='ocrx_word' id='word_1_353' title='bbox 1609 3044 1812 3096; x_wconf 78' lang='lat' dir='ltr'>funere.</span> <span class='ocrx_word' id='word_1_354' title='bbox 1885 3043 2114 3112; x_wconf 78' lang='lat' dir='ltr'>Vulgare</span> <span class='ocrx_word' id='word_1_355' title='bbox 2143 3050 2282 3094; x_wconf 83' lang='lat' dir='ltr'>erat:</span> <span class='ocrx_word' id='word_1_356' title='bbox 2333 3042 2540 3107; x_wconf 70' lang='lat' dir='ltr'>ducem,</span> 
     </span>
     <span class='ocr_line' id='line_1_34' title="bbox 295 3111 2541 3185; baseline -0 -19"><span class='ocrx_word' id='word_1_357' title='bbox 295 3115 619 3185; x_wconf 85' lang='lat' dir='ltr'>producere,</span> <span class='ocrx_word' id='word_1_358' title='bbox 664 3114 850 3174; x_wconf 77' lang='lat' dir='ltr'>funus3</span> <span class='ocrx_word' id='word_1_359' title='bbox 900 3123 952 3164; x_wconf 89' lang='lat' dir='ltr'>et</span> <span class='ocrx_word' id='word_1_360' title='bbox 1003 3111 1263 3180; x_wconf 78' lang='lat' dir='ltr'>elegantia</span> <span class='ocrx_word' id='word_1_361' title='bbox 1303 3122 1431 3166; x_wconf 88' lang='lat' dir='ltr'>uota</span> <span class='ocrx_word' id='word_1_362' title='bbox 1475 3130 1574 3181; x_wconf 90' lang='lat' dir='ltr'>pro</span> <span class='ocrx_word' id='word_1_363' title='bbox 1621 3129 1720 3182; x_wconf 81' lang='lat' dir='ltr'>ego</span> <span class='ocrx_word' id='word_1_364' title='bbox 1737 3151 1754 3178; x_wconf 85' lang='lat'>,</span> <span class='ocrx_word' id='word_1_365' title='bbox 1801 3125 1903 3164; x_wconf 76' lang='lat' dir='ltr'>tua</span> <span class='ocrx_word' id='word_1_366' title='bbox 1947 3124 2138 3167; x_wconf 76' lang='lat' dir='ltr'>mater.</span> <span class='ocrx_word' id='word_1_367' title='bbox 2221 3111 2541 3165; x_wconf 74' lang='lat' dir='ltr'>Burmannus</span> 
     </span>
     <span class='ocr_line' id='line_1_35' title="bbox 296 3181 2541 3252; baseline -0.002 -14"><span class='ocrx_word' id='word_1_368' title='bbox 296 3184 691 3252; x_wconf 74' lang='lat' dir='ltr'>castigationem</span> <span class='ocrx_word' id='word_1_369' title='bbox 731 3185 865 3236; x_wconf 87' lang='lat' dir='ltr'>hanc</span> <span class='ocrx_word' id='word_1_370' title='bbox 902 3181 1109 3234; x_wconf 78' lang='lat' dir='ltr'>admitti</span> <span class='ocrx_word' id='word_1_371' title='bbox 1150 3197 1308 3249; x_wconf 85' lang='lat' dir='ltr'>posse</span> <span class='ocrx_word' id='word_1_372' title='bbox 1350 3182 1612 3234; x_wconf 86' lang='lat' dir='ltr'>concedit.</span> <span class='ocrx_word' id='word_1_373' title='bbox 1663 3181 1878 3233; x_wconf 84' lang='lat' dir='ltr'>fluctuat</span> <span class='ocrx_word' id='word_1_374' title='bbox 1915 3189 2087 3233; x_wconf 87' lang='lat' dir='ltr'>tamen</span> <span class='ocrx_word' id='word_1_375' title='bbox 2143 3181 2368 3232; x_wconf 86' lang='lat' dir='ltr'>incertus</span> <span class='ocrx_word' id='word_1_376' title='bbox 2415 3189 2541 3234; x_wconf 80' lang='lat' dir='ltr'>tan-</span> 
     </span>
     <span class='ocr_line' id='line_1_36' title="bbox 296 3247 2542 3323; baseline -0 -18"><span class='ocrx_word' id='word_1_377' title='bbox 296 3255 520 3323; x_wconf 84' lang='lat' dir='ltr'>demque</span> <span class='ocrx_word' id='word_1_378' title='bbox 558 3261 765 3306; x_wconf 86' lang='lat' dir='ltr'>tentat:</span> <span class='ocrx_word' id='word_1_379' title='bbox 817 3270 917 3303; x_wconf 82' lang='lat' dir='ltr'>neo</span> <span class='ocrx_word' id='word_1_380' title='bbox 957 3252 1143 3302; x_wconf 67' lang='lat' dir='ltr'>tristia</span> <span class='ocrx_word' id='word_1_381' title='bbox 1174 3247 1411 3320; x_wconf 78' lang='lat' dir='ltr'>funera:</span> <span class='ocrx_word' id='word_1_382' title='bbox 1462 3250 1761 3303; x_wconf 85' lang='lat' dir='ltr'>emendatio</span> <span class='ocrx_word' id='word_1_383' title='bbox 1801 3269 1863 3302; x_wconf 84' lang='lat' dir='ltr'>ex</span> <span class='ocrx_word' id='word_1_384' title='bbox 1919 3267 1984 3302; x_wconf 87' lang='lat' dir='ltr'>eo</span> <span class='ocrx_word' id='word_1_385' title='bbox 2022 3266 2239 3318; x_wconf 83' lang='lat' dir='ltr'>genere.</span> <span class='ocrx_word' id='word_1_386' title='bbox 2288 3250 2430 3318; x_wconf 86' lang='lat' dir='ltr'>quod</span> <span class='ocrx_word' id='word_1_387' title='bbox 2477 3269 2542 3304; x_wconf 83' lang='lat' dir='ltr'>ex</span> 
     </span>
     <span class='ocr_line' id='line_1_37' title="bbox 296 3319 2540 3390; baseline -0.001 -16"><span class='ocrx_word' id='word_1_388' title='bbox 296 3339 537 3375; x_wconf 78' lang='lat' dir='ltr'>mensura</span> <span class='ocrx_word' id='word_1_389' title='bbox 567 3333 621 3374; x_wconf 87' lang='lat' dir='ltr'>et</span> <span class='ocrx_word' id='word_1_390' title='bbox 640 3337 859 3374; x_wconf 87' lang='lat' dir='ltr'>numero</span> <span class='ocrx_word' id='word_1_391' title='bbox 888 3321 1182 3372; x_wconf 84' lang='lat' dir='ltr'>litterarum</span> <span class='ocrx_word' id='word_1_392' title='bbox 1222 3321 1393 3372; x_wconf 80' lang='lat' dir='ltr'>simile</span> <span class='ocrx_word' id='word_1_393' title='bbox 1418 3322 1546 3390; x_wconf 85' lang='lat' dir='ltr'>quid</span> <span class='ocrx_word' id='word_1_394' title='bbox 1583 3321 1836 3372; x_wconf 73' lang='lat' dir='ltr'>extundit.</span> <span class='ocrx_word' id='word_1_395' title='bbox 1902 3322 2232 3372; x_wconf 81' lang='lat' dir='ltr'>Henmuunus</span> <span class='ocrx_word' id='word_1_396' title='bbox 2257 3319 2382 3376; x_wconf 68' lang='lat' dir='ltr'>olim</span> <span class='ocrx_word' id='word_1_397' title='bbox 2407 3337 2540 3372; x_wconf 89' lang='lat' dir='ltr'>con—</span> 
     </span>
     <span class='ocr_line' id='line_1_38' title="bbox 294 3387 2541 3459; baseline 0 -16"><span class='ocrx_word' id='word_1_398' title='bbox 294 3393 523 3445; x_wconf 78' lang='lat' dir='ltr'>iecerat=</span> <span class='ocrx_word' id='word_1_399' title='bbox 571 3405 627 3448; x_wconf 74' lang='lat' dir='ltr'>ea</span> <span class='ocrx_word' id='word_1_400' title='bbox 672 3401 727 3442; x_wconf 83' lang='lat' dir='ltr'>et</span> <span class='ocrx_word' id='word_1_401' title='bbox 770 3402 873 3442; x_wconf 72' lang='lat' dir='ltr'>tua</span> <span class='ocrx_word' id='word_1_402' title='bbox 904 3387 1141 3459; x_wconf 67' lang='lat' dir='ltr'>funerat</span> <span class='ocrx_word' id='word_1_403' title='bbox 1186 3390 1329 3442; x_wconf 84' lang='lat' dir='ltr'>Laxa</span> <span class='ocrx_word' id='word_1_404' title='bbox 1372 3398 1429 3442; x_wconf 90' lang='lat' dir='ltr'>et</span> <span class='ocrx_word' id='word_1_405' title='bbox 1464 3390 1604 3443; x_wconf 80' lang='lat' dir='ltr'>fluxa</span> <span class='ocrx_word' id='word_1_406' title='bbox 1641 3388 1842 3441; x_wconf 86' lang='lat' dir='ltr'>oratio:</span> <span class='ocrx_word' id='word_1_407' title='bbox 1885 3389 2056 3440; x_wconf 88' lang='lat' dir='ltr'>lorum</span> <span class='ocrx_word' id='word_1_408' title='bbox 2098 3389 2155 3440; x_wconf 87' lang='lat' dir='ltr'>in</span> <span class='ocrx_word' id='word_1_409' title='bbox 2197 3387 2314 3440; x_wconf 81' lang='lat' dir='ltr'>rivo</span> <span class='ocrx_word' id='word_1_410' title='bbox 2359 3401 2541 3443; x_wconf 83' lang='lat' dir='ltr'>natare</span> 
     </span>
     <span class='ocr_line' id='line_1_39' title="bbox 295 3457 2540 3530; baseline -0.001 -18"><span class='ocrx_word' id='word_1_411' title='bbox 295 3471 469 3530; x_wconf 74' lang='lat' dir='ltr'>putes.</span> <span class='ocrx_word' id='word_1_412' title='bbox 536 3461 739 3512; x_wconf 81' lang='lat' dir='ltr'>Merula</span> <span class='ocrx_word' id='word_1_413' title='bbox 766 3459 833 3511; x_wconf 86' lang='lat' dir='ltr'>ad</span> <span class='ocrx_word' id='word_1_414' title='bbox 857 3460 1079 3517; x_wconf 62' lang='lat' dir='ltr'>Ennium</span> <span class='ocrx_word' id='word_1_415' title='bbox 1112 3478 1164 3526; x_wconf 91' lang='lat' dir='ltr'>p.</span> <span class='ocrx_word' id='word_1_416' title='bbox 1190 3458 1274 3523; x_wconf 85' lang='lat'>56,</span> <span class='ocrx_word' id='word_1_417' title='bbox 1309 3461 1399 3527; x_wconf 85' lang='lat' dir='ltr'>qui</span> <span class='ocrx_word' id='word_1_418' title='bbox 1422 3460 1704 3512; x_wconf 75' lang='lat' dir='ltr'>Serviauae</span> <span class='ocrx_word' id='word_1_419' title='bbox 1731 3457 1931 3527; x_wconf 81' lang='lat' dir='ltr'>alioqui</span> <span class='ocrx_word' id='word_1_420' title='bbox 1955 3458 2150 3512; x_wconf 78' lang='lat' dir='ltr'>rationi</span> <span class='ocrx_word' id='word_1_421' title='bbox 2179 3459 2352 3521; x_wconf 75' lang='lat' dir='ltr'>favet,</span> <span class='ocrx_word' id='word_1_422' title='bbox 2387 3458 2540 3511; x_wconf 85' lang='lat' dir='ltr'>insn-</span> 
     </span>
    </p>

    <p class='ocr_par' dir='ltr' id='par_1_4' title="bbox 334 3526 2538 3600">
     <span class='ocr_line' id='line_1_40' title="bbox 334 3526 2538 3600; baseline -0.001 -18"><span class='ocrx_word' id='word_1_423' title='bbox 334 3547 392 3582; x_wconf 91' lang='lat' dir='ltr'>er</span> <span class='ocrx_word' id='word_1_424' title='bbox 436 3529 680 3600; x_wconf 75' lang='lat' dir='ltr'>legebat:</span> <span class='ocrx_word' id='word_1_425' title='bbox 732 3529 993 3592; x_wconf 57' lang='lat' dir='ltr'>Prolati,</span> <span class='ocrx_word' id='word_1_426' title='bbox 1056 3529 1202 3580; x_wconf 86' lang='lat' dir='ltr'>nullo</span> <span class='ocrx_word' id='word_1_427' title='bbox 1250 3547 1365 3580; x_wconf 91' lang='lat' dir='ltr'>cum</span> <span class='ocrx_word' id='word_1_428' title='bbox 1406 3529 1598 3582; x_wconf 80' lang='lat' dir='ltr'>fructu.</span> <span class='ocrx_word' id='word_1_429' title='bbox 1681 3526 1902 3596; x_wconf 60' lang='lat' dir='ltr'>(Scripsi</span> <span class='ocrx_word' id='word_1_430' title='bbox 1939 3526 2180 3596; x_wconf 64' lang='lat' dir='ltr'>functas-3</span> <span class='ocrx_word' id='word_1_431' title='bbox 2229 3527 2334 3583; x_wconf 81' lang='lat' dir='ltr'>vid.</span> <span class='ocrx_word' id='word_1_432' title='bbox 2371 3529 2436 3592; x_wconf 89' lang='lat' dir='ltr'>Q.</span> <span class='ocrx_word' id='word_1_433' title='bbox 2472 3529 2538 3580; x_wconf 79' lang='lat' dir='ltr'>V.</span> 
     </span>
    </p>

    <p class='ocr_par' dir='ltr' id='par_1_5' title="bbox 292 3595 2532 3740">
     <span class='ocr_line' id='line_1_41' title="bbox 347 3595 2532 3666; baseline -0 -15"><span class='ocrx_word' id='word_1_434' title='bbox 347 3601 457 3666; x_wconf 78' lang='lat'>1111,</span> <span class='ocrx_word' id='word_1_435' title='bbox 495 3603 541 3654; x_wconf 89' lang='lat'>1.</span> <span class='ocrx_word' id='word_1_436' title='bbox 580 3609 635 3652; x_wconf 87' lang='lat' dir='ltr'>ct</span> <span class='ocrx_word' id='word_1_437' title='bbox 670 3599 736 3652; x_wconf 81' lang='lat' dir='ltr'>V.</span> <span class='ocrx_word' id='word_1_438' title='bbox 776 3599 839 3650; x_wconf 84' lang='lat' dir='ltr'>L.</span> <span class='ocrx_word' id='word_1_439' title='bbox 878 3598 947 3650; x_wconf 88' lang='lat' dir='ltr'>ad</span> <span class='ocrx_word' id='word_1_440' title='bbox 987 3599 1121 3661; x_wconf 82' lang='grc' dir='ltr'>ΧΠ,</span> <span class='ocrx_word' id='word_1_441' title='bbox 1155 3598 1274 3652; x_wconf 89' lang='grc'><strong>790.</strong></span> <span class='ocrx_word' id='word_1_442' title='bbox 1345 3597 1557 3650; x_wconf 79' lang='lat' dir='ltr'>Iahnius</span> <span class='ocrx_word' id='word_1_443' title='bbox 1597 3597 1766 3652; x_wconf 85' lang='lat' dir='ltr'>edidit</span> <span class='ocrx_word' id='word_1_444' title='bbox 1807 3609 1862 3649; x_wconf 71' lang='lat' dir='ltr'>se</span> <span class='ocrx_word' id='word_1_445' title='bbox 1899 3599 1954 3649; x_wconf 80' lang='lat' dir='ltr'>in</span> <span class='ocrx_word' id='word_1_446' title='bbox 1997 3610 2099 3650; x_wconf 73' lang='lat' dir='ltr'>tua</span> <span class='ocrx_word' id='word_1_447' title='bbox 2121 3595 2354 3666; x_wconf 80' lang='lat' dir='ltr'>sunem,</span> <span class='ocrx_word' id='word_1_448' title='bbox 2383 3597 2532 3666; x_wconf 80' lang='lat' dir='ltr'>‚quod</span> 
     </span>
     <span class='ocr_line' id='line_1_42' title="bbox 292 3665 2332 3740; baseline -0.001 -19"><span class='ocrx_word' id='word_1_449' title='bbox 292 3669 409 3740; x_wconf 86' lang='lat' dir='ltr'>ipse</span> <span class='ocrx_word' id='word_1_450' title='bbox 435 3687 714 3740; x_wconf 86' lang='lat' dir='ltr'>sequerer,</span> <span class='ocrx_word' id='word_1_451' title='bbox 750 3667 851 3720; x_wconf 86' lang='lat' dir='ltr'>nisi</span> <span class='ocrx_word' id='word_1_452' title='bbox 875 3671 935 3720; x_wconf 83' lang='lat' dir='ltr'>in</span> <span class='ocrx_word' id='word_1_453' title='bbox 964 3667 1421 3735; x_wconf 81' lang='lat' dir='ltr'>interpretamenti</span> <span class='ocrx_word' id='word_1_454' title='bbox 1455 3667 1684 3735; x_wconf 83' lang='lat' dir='ltr'>speciem</span> <span class='ocrx_word' id='word_1_455' title='bbox 1711 3683 1840 3737; x_wconf 86' lang='lat' dir='ltr'>prae</span> <span class='ocrx_word' id='word_1_456' title='bbox 1870 3682 1929 3719; x_wconf 88' lang='lat' dir='ltr'>se</span> <span class='ocrx_word' id='word_1_457' title='bbox 1965 3665 2152 3718; x_wconf 81' lang='lat' dir='ltr'>ferret.</span> <span class='ocrx_word' id='word_1_458' title='bbox 2189 3666 2332 3735; x_wconf 75' lang='lat' dir='ltr'>Wr.)</span> 
     </span>
    </p>
   </div>
   <div class='ocr_carea' id='block_1_4' title="bbox 289 3803 2540 4492">
    <p class='ocr_par' dir='ltr' id='par_1_6' title="bbox 289 3803 2540 4492">
     <span class='ocr_line' id='line_1_43' title="bbox 292 3803 2540 3892; baseline -0.003 -23"><span class='ocrx_word' id='word_1_459' title='bbox 292 3811 515 3890; x_wconf 81' lang='lat' dir='ltr'>sepulta</span> <span class='ocrx_word' id='word_1_460' title='bbox 542 3807 883 3892; x_wconf 72' lang='lat' dir='ltr'>proficiendi</span> <span class='ocrx_word' id='word_1_461' title='bbox 926 3827 1199 3888; x_wconf 84' lang='lat' dir='ltr'>corpora,</span> <span class='ocrx_word' id='word_1_462' title='bbox 1244 3810 1379 3869; x_wconf 83' lang='lat' dir='ltr'>satis</span> <span class='ocrx_word' id='word_1_463' title='bbox 1461 3828 1592 3891; x_wconf 87' lang='lat' dir='ltr'>sqq.</span> <span class='ocrx_word' id='word_1_464' title='bbox 1635 3809 1792 3868; x_wconf 75' lang='lat' dir='ltr'>conf.</span> <span class='ocrx_word' id='word_1_465' title='bbox 1831 3808 1940 3866; x_wconf 80' lang='lat' dir='ltr'>inf.</span> <span class='ocrx_word' id='word_1_466' title='bbox 1985 3808 2062 3882; x_wconf 83' lang='lat' dir='ltr'>X,</span> <span class='ocrx_word' id='word_1_467' title='bbox 2107 3803 2233 3872; x_wconf 84' lang='lat'>557</span> <span class='ocrx_word' id='word_1_468' title='bbox 2276 3825 2439 3888; x_wconf 82' lang='lat' dir='ltr'>seqq.</span> <span class='ocrx_word' id='word_1_469' title='bbox 2482 3817 2540 3865; x_wconf 85' lang='lat' dir='ltr'>et</span> 
     </span>
     <span class='ocr_line' id='line_1_44' title="bbox 291 3891 2536 3975; baseline -0.002 -21"><span class='ocrx_word' id='word_1_470' title='bbox 291 3907 467 3972; x_wconf 83' lang='lat' dir='ltr'>nota,</span> <span class='ocrx_word' id='word_1_471' title='bbox 494 3897 590 3957; x_wconf 76' lang='lat' dir='ltr'>vel</span> <span class='ocrx_word' id='word_1_472' title='bbox 618 3914 695 3956; x_wconf 69' lang='lat' dir='ltr'>ex</span> <span class='ocrx_word' id='word_1_473' title='bbox 718 3893 915 3958; x_wconf 74' lang='lat' dir='ltr'>Iliadis</span> <span class='ocrx_word' id='word_1_474' title='bbox 954 3897 1155 3975; x_wconf 84' lang='lat' dir='ltr'>primis</span> <span class='ocrx_word' id='word_1_475' title='bbox 1191 3896 1378 3953; x_wconf 81' lang='lat' dir='ltr'>versi-</span> <span class='ocrx_word' id='word_1_476' title='bbox 1458 3913 1572 3954; x_wconf 77' lang='lat' dir='ltr'>vss.</span> <span class='ocrx_word' id='word_1_477' title='bbox 1615 3913 1694 3954; x_wconf 80' lang='lat' dir='ltr'>ex</span> <span class='ocrx_word' id='word_1_478' title='bbox 1730 3895 1892 3953; x_wconf 79' lang='lat' dir='ltr'>Attio</span> <span class='ocrx_word' id='word_1_479' title='bbox 1939 3912 2034 3972; x_wconf 88' lang='lat' dir='ltr'>ap.</span> <span class='ocrx_word' id='word_1_480' title='bbox 2064 3892 2185 3950; x_wconf 79' lang='lat' dir='ltr'>cic.</span> <span class='ocrx_word' id='word_1_481' title='bbox 2215 3891 2394 3951; x_wconf 81' lang='lat' dir='ltr'>Tusc.</span> <span class='ocrx_word' id='word_1_482' title='bbox 2425 3892 2536 3964; x_wconf 77' lang='lat' dir='ltr'>Qu.</span> 
     </span>
     <span class='ocr_line' id='line_1_45' title="bbox 292 3975 2538 4058; baseline -0.004 -17"><span class='ocrx_word' id='word_1_483' title='bbox 292 3983 435 4058; x_wconf 82' lang='lat' dir='ltr'>bus,</span> <span class='ocrx_word' id='word_1_484' title='bbox 462 3980 657 4042; x_wconf 77' lang='lat' dir='ltr'>visum</span> <span class='ocrx_word' id='word_1_485' title='bbox 684 3992 767 4040; x_wconf 83' lang='lat' dir='ltr'>est</span> <span class='ocrx_word' id='word_1_486' title='bbox 790 3981 1183 4040; x_wconf 76' lang='lat' dir='ltr'>infaustissimi</span> <span class='ocrx_word' id='word_1_487' title='bbox 1210 3998 1375 4040; x_wconf 85' lang='lat' dir='ltr'>casus</span> <span class='ocrx_word' id='word_1_488' title='bbox 1454 3981 1512 4054; x_wconf 88' lang='lat'>1,</span> <span class='ocrx_word' id='word_1_489' title='bbox 1557 3975 1660 4044; x_wconf 80' lang='grc'>44.</span> <span class='ocrx_word' id='word_1_490' title='bbox 1739 3977 1893 4045; x_wconf 82' lang='lat'><strong>486.</strong></span> <span class='ocrx_word' id='word_1_491' title='bbox 1943 3997 2056 4036; x_wconf 77' lang='lat' dir='ltr'>nec·</span> <span class='ocrx_word' id='word_1_492' title='bbox 2091 3988 2149 4034; x_wconf 75' lang='lat' dir='ltr'>te</span> <span class='ocrx_word' id='word_1_493' title='bbox 2185 3987 2294 4034; x_wconf 83' lang='lat' dir='ltr'>tua</span> <span class='ocrx_word' id='word_1_494' title='bbox 2301 3977 2538 4056; x_wconf 80' lang='lat' dir='ltr'>funera</span> 
     </span>
     <span class='ocr_line' id='line_1_46' title="bbox 292 4063 2536 4146; baseline -0.004 -19"><span class='ocrx_word' id='word_1_495' title='bbox 292 4088 415 4127; x_wconf 82' lang='lat' dir='ltr'>esse</span> <span class='ocrx_word' id='word_1_496' title='bbox 430 4110 447 4141; x_wconf 90' lang='lat'>,</span> <span class='ocrx_word' id='word_1_497' title='bbox 492 4067 541 4125; x_wconf 90' lang='lat' dir='ltr'>si</span> <span class='ocrx_word' id='word_1_498' title='bbox 569 4069 664 4126; x_wconf 86' lang='lat' dir='ltr'>cui</span> <span class='ocrx_word' id='word_1_499' title='bbox 688 4067 865 4126; x_wconf 62' lang='lat' dir='ltr'>finnus</span> <span class='ocrx_word' id='word_1_500' title='bbox 909 4066 1045 4127; x_wconf 76' lang='lat' dir='ltr'>daci</span> <span class='ocrx_word' id='word_1_501' title='bbox 1082 4067 1371 4146; x_wconf 76' lang='lat' dir='ltr'>nequiret.</span> <span class='ocrx_word' id='word_1_502' title='bbox 1454 4075 1647 4127; x_wconf 73' lang='lat' dir='ltr'>mter</span> <span class='ocrx_word' id='word_1_503' title='bbox 1677 4064 1954 4124; x_wconf 72' lang='lat' dir='ltr'>Pmduxi</span> <span class='ocrx_word' id='word_1_504' title='bbox 1967 4086 1988 4120; x_wconf 86' lang='lat'>.·</span> <span class='ocrx_word' id='word_1_505' title='bbox 2019 4065 2100 4122; x_wconf 85' lang='lat' dir='ltr'>Ut</span> <span class='ocrx_word' id='word_1_506' title='bbox 2123 4082 2282 4120; x_wconf 86' lang='lat' dir='ltr'>nunc</span> <span class='ocrx_word' id='word_1_507' title='bbox 2309 4063 2536 4139; x_wconf 86' lang='lat' dir='ltr'>legitur,</span> 
     </span>
     <span class='ocr_line' id='line_1_47' title="bbox 290 4146 2540 4234; baseline -0.004 -22"><span class='ocrx_word' id='word_1_508' title='bbox 290 4152 389 4212; x_wconf 80' lang='lat' dir='ltr'>Ad</span> <span class='ocrx_word' id='word_1_509' title='bbox 415 4163 721 4234; x_wconf 74' lang='lat' dir='ltr'>sequentes</span> <span class='ocrx_word' id='word_1_510' title='bbox 748 4171 981 4234; x_wconf 85' lang='lat' dir='ltr'>quoque</span> <span class='ocrx_word' id='word_1_511' title='bbox 1008 4169 1203 4210; x_wconf 77' lang='lat' dir='ltr'>versus</span> <span class='ocrx_word' id='word_1_512' title='bbox 1232 4149 1373 4223; x_wconf 72' lang='lat' dir='ltr'>illu,-</span> <span class='ocrx_word' id='word_1_513' title='bbox 1454 4153 1600 4209; x_wconf 89' lang='lat' dir='ltr'>ratio</span> <span class='ocrx_word' id='word_1_514' title='bbox 1629 4151 2006 4229; x_wconf 76' lang='lat' dir='ltr'>graimnatica</span> <span class='ocrx_word' id='word_1_515' title='bbox 2035 4150 2296 4228; x_wconf 86' lang='lat' dir='ltr'>accipere</span> <span class='ocrx_word' id='word_1_516' title='bbox 2333 4148 2414 4204; x_wconf 85' lang='lat' dir='ltr'>sic</span> <span class='ocrx_word' id='word_1_517' title='bbox 2439 4146 2540 4202; x_wconf 87' lang='lat' dir='ltr'>iu·-</span> 
     </span>
     <span class='ocr_line' id='line_1_48' title="bbox 290 4231 2538 4320; baseline -0.006 -22"><span class='ocrx_word' id='word_1_518' title='bbox 290 4235 555 4298; x_wconf 83' lang='lat' dir='ltr'>strandos</span> <span class='ocrx_word' id='word_1_519' title='bbox 596 4237 856 4320; x_wconf 86' lang='lat' dir='ltr'>undique</span> <span class='ocrx_word' id='word_1_520' title='bbox 896 4239 1161 4296; x_wconf 88' lang='lat' dir='ltr'>locorum</span> <span class='ocrx_word' id='word_1_521' title='bbox 1204 4237 1373 4315; x_wconf 76' lang='lat' dir='ltr'>copia</span> <span class='ocrx_word' id='word_1_522' title='bbox 1452 4237 1580 4310; x_wconf 84' lang='lat' dir='ltr'>bet,</span> <span class='ocrx_word' id='word_1_523' title='bbox 1623 4245 1690 4294; x_wconf 81' lang='lat' dir='ltr'>ut</span> <span class='ocrx_word' id='word_1_524' title='bbox 1717 4246 1826 4294; x_wconf 81' lang='lat' dir='ltr'>tua</span> <span class='ocrx_word' id='word_1_525' title='bbox 1843 4235 2084 4314; x_wconf 65' lang='lat' dir='ltr'>sienem</span> <span class='ocrx_word' id='word_1_526' title='bbox 2110 4236 2183 4292; x_wconf 88' lang='lat' dir='ltr'>sit</span> <span class='ocrx_word' id='word_1_527' title='bbox 2209 4231 2538 4312; x_wconf 83' lang='lat' dir='ltr'>appositum</span> 
     </span>
     <span class='ocr_line' id='line_1_49' title="bbox 290 4313 2536 4404; baseline -0.008 -20"><span class='ocrx_word' id='word_1_528' title='bbox 290 4323 577 4404; x_wconf 74' lang='lat' dir='ltr'>suppetit,</span> <span class='ocrx_word' id='word_1_529' title='bbox 622 4325 799 4382; x_wconf 81' lang='lat' dir='ltr'>etiam</span> <span class='ocrx_word' id='word_1_530' title='bbox 839 4343 916 4382; x_wconf 88' lang='lat' dir='ltr'>ex</span> <span class='ocrx_word' id='word_1_531' title='bbox 939 4326 1068 4403; x_wconf 84' lang='lat' dir='ltr'>ipso</span> <span class='ocrx_word' id='word_1_532' title='bbox 1095 4325 1371 4395; x_wconf 83' lang='lat' dir='ltr'>Homero,</span> <span class='ocrx_word' id='word_1_533' title='bbox 1452 4323 1610 4382; x_wconf 78' lang='lat' dir='ltr'>vocis</span> <span class='ocrx_word' id='word_1_534' title='bbox 1638 4331 1716 4380; x_wconf 80' lang='lat' dir='ltr'>te.</span> <span class='ocrx_word' id='word_1_535' title='bbox 1799 4321 2036 4382; x_wconf 84' lang='lat' dir='ltr'>Scilicet</span> <span class='ocrx_word' id='word_1_536' title='bbox 2072 4319 2247 4378; x_wconf 80' lang='lat' dir='ltr'>fimus</span> <span class='ocrx_word' id='word_1_537' title='bbox 2289 4313 2536 4384; x_wconf 83' lang='lat' dir='ltr'>ducitur,</span> 
     </span>
     <span class='ocr_line' id='line_1_50' title="bbox 289 4404 2536 4492; baseline -0.007 -23"><span class='ocrx_word' id='word_1_538' title='bbox 289 4430 348 4471; x_wconf 81' lang='lat' dir='ltr'>v.</span> <span class='ocrx_word' id='word_1_539' title='bbox 378 4429 435 4469; x_wconf 74' lang='lat' dir='ltr'>c·</span> <span class='ocrx_word' id='word_1_540' title='bbox 464 4405 575 4467; x_wconf 72' lang='lat'>06.</span> <span class='ocrx_word' id='word_1_541' title='bbox 606 4429 675 4482; x_wconf 81' lang='grc' dir='ltr'>ω,</span> <span class='ocrx_word' id='word_1_542' title='bbox 704 4413 824 4474; x_wconf 74' lang='lat'>291</span> <span class='ocrx_word' id='word_1_543' title='bbox 854 4429 980 4492; x_wconf 85' lang='lat' dir='ltr'>sqq.</span> <span class='ocrx_word' id='word_1_544' title='bbox 1006 4407 1173 4468; x_wconf 86' lang='lat' dir='ltr'>Iliad.</span> <span class='ocrx_word' id='word_1_545' title='bbox 1202 4429 1255 4488; x_wconf 75' lang='grc' dir='ltr'>χ,</span> <span class='ocrx_word' id='word_1_546' title='bbox 1286 4409 1371 4472; x_wconf 85' lang='grc'>86</span> <span class='ocrx_word' id='word_1_547' title='bbox 1454 4406 1822 4486; x_wconf 82' lang='lat' dir='ltr'>producitur,</span> <span class='ocrx_word' id='word_1_548' title='bbox 1877 4404 2142 4484; x_wconf 83' lang='lat' dir='ltr'>adeoque</span> <span class='ocrx_word' id='word_1_549' title='bbox 2197 4411 2258 4457; x_wconf 87' lang='lat' dir='ltr'>et</span> <span class='ocrx_word' id='word_1_550' title='bbox 2309 4415 2536 4474; x_wconf 87' lang='lat' dir='ltr'>corpus.</span> 
     </span>
    </p>
   </div>
   <div class='ocr_carea' id='block_1_5' title="bbox 392 4503 2124 4585">
    <p class='ocr_par' dir='ltr' id='par_1_7' title="bbox 392 4503 2124 4585">
     <span class='ocr_line' id='line_1_51' title="bbox 392 4503 2124 4585; baseline -0.008 0"><span class='ocrx_word' id='word_1_551' title='bbox 392 4508 705 4585; x_wconf 78' lang='lat' dir='ltr'>Vmcn..</span> <span class='ocrx_word' id='word_1_552' title='bbox 756 4509 981 4584; x_wconf 70' lang='lat' dir='ltr'>Tou.</span> <span class='ocrx_word' id='word_1_553' title='bbox 1018 4507 1151 4584; x_wconf 89' lang='grc' dir='ltr'>ΠΙ.</span> <span class='ocrx_word' id='word_1_554' title='bbox 2021 4503 2124 4572; x_wconf 78' lang='grc'>24</span> 
     </span>
    </p>
   </div>
  </div>
 </body>
</html>
