3009 5050
714 402 1317 481 AENEIDOS
1370 405 1580 481 LIB.
1634 408 1762 504 IX,
1817 416 2250 493 308—328
2431 425 2578 498 345

340 594 563 669 Inter
584 588 755 666 lora
782 603 1155 691 rotasque
1201 592 1447 687 viros,
1502 594 1738 670 simul
1773 618 2024 685 arma,
2077 597 2354 697 iacere,

338 696 541 774 Vina
576 694 833 772 simul.
937 696 1167 770 Prior
1194 696 1658 791 Hyrtacides
1683 698 1791 772 sic
1821 721 1964 774 ore
2001 698 2350 784 locutus:

338 797 697 895 Euryale,
732 796 1194 874 audendum
1230 797 1517 878 dextra.
1557 802 1788 875 Nunc
1822 802 1986 901 ipsa
2003 820 2231 880 vocat
2258 832 2406 887 res,
2437 819 2588 890 320

342 906 504 978 Hac
540 904 691 977 iter
718 914 853 979 est.
926 906 1096 999 Tu,
1148 925 1251 975 ne
1302 927 1458 1002 qua
1496 916 1782 979 manus
1811 928 1898 979 se
1933 904 2320 987 adtollere
2357 913 2590 990 nobis

344 1012 413 1083 A
443 1018 671 1103 tergo
700 1004 983 1105 possit,
1039 1004 1381 1101 custodi,
1437 1017 1517 1081 et
1571 1006 1896 1082 consule
1931 1006 2190 1106 longe.

348 1112 565 1185 Haec
596 1131 743 1205 ego
778 1121 990 1183 vasta
1031 1106 1275 1201 dabo,
1334 1120 1411 1183 et
1437 1107 1597 1183 lato
1627 1122 1707 1185 te
1736 1109 1984 1187 limite
2015 1110 2319 1193 ducam.

355 1214 482 1289 Sic
533 1224 973 1310 memorat,
1038 1234 1485 1312 vocemque
1538 1214 1877 1313 premit3
1948 1214 2184 1291 simul
2232 1242 2421 1295 ense
2461 1245 2594 1299 su-

349 1417 889 1497 Rhamnetem
956 1415 1413 1515 adgreditur
1438 1476 1461 1514 ‚
1509 1314 1960 1595 {ffibufdlrte
2033 1422 2429 1522 tapetibus
2487 1426 2594 1501 al-

1546 1547 1612 1597 ls
2443 1539 2592 1609 325

352 1629 805 1703 Exstructus
839 1634 1013 1698 toto
1042 1618 1437 1723 proflabat
1458 1639 1788 1723 pectore
1822 1650 2236 1721 somnum;

355 1732 526 1807 Rex
566 1727 825 1821 idem,
874 1741 952 1802 et
976 1728 1144 1825 regi
1177 1731 1453 1802 Turno
1484 1730 1962 1826 gratissimus
1998 1754 2278 1829 augur:

362 1830 524 1909 Sed
562 1856 732 1907 non
768 1830 1094 1929 augurio
1128 1832 1392 1932 potuit
1420 1830 1834 1933 depellere
1860 1847 2190 1936 pestem.

497 2076 603 2131 318
634 2067 789 2127 ime?
812 2074 928 2127 sela
955 2093 1001 2126 r.
1038 2072 1241 2143 aliquot
1271 2074 1411 2143 apud
1440 2074 1574 2127 Pier.
1611 2073 1738 2139 (vid.
1762 2074 1991 2145 Epitom.
2025 2076 2174 2130 Iliad.
2201 2094 2276 2131 vs.
2307 2075 2427 2132 514.
2458 2080 2542 2131 W
2535 2077 2603 2145 ν.)

361 2144 465 2199 320
500 2144 815 2197 audendum
843 2156 929 2195 est
961 2145 1063 2196 duo
1092 2147 1265 2197 Burm-
1289 2162 1404 2197 cum
1443 2145 1605 2197 Goth.
1630 2154 1753 2197 tert.
1890 2148 1994 2201 323
2027 2145 2256 2200 vastabo
2288 2146 2439 2197 multi
2465 2147 2606 2199 Pier-

366 2224 421 2267 et
462 2214 661 2275 Heius„
713 2212 1035 2281 interpolate
1078 2224 1135 2265 et
1172 2230 1235 2265 ex
1284 2214 1749 2281 interpretatione:
1797 2216 1936 2267 dare
1971 2233 2068 2282 pro
2094 2216 2294 2283 facere
2335 2218 2606 2285 exquisite.

366 2286 559 2342 (vasta
596 2282 738 2334 dabo
776 2284 933 2335 etiam
958 2286 1009 2337 2.
1043 2283 1093 2336 3.
1120 2284 1171 2337 7.
1200 2284 1251 2336 8.
1281 2285 1363 2336 10.
1402 2284 1547 2351 Wr.)
1618 2296 1767 2335 recto
1798 2297 1852 2335 te
1885 2285 2054 2337 limite
2085 2286 2321 2338 Macrob.
2354 2288 2402 2337 V
2429 2290 2539 2337 Sat.
2555 2286 2608 2348 9,

366 2352 508 2421 quod
530 2370 561 2402 a
588 2370 645 2403 re
673 2352 913 2404 alienum.
982 2352 1088 2403 Sed
1130 2352 1253 2402 lata
1294 2354 1420 2411 νίας
1456 2369 1575 2418 uam
1614 2364 1812 2421 strages
1850 2352 1961 2403 late
1997 2356 2135 2406 fucta
2161 2355 2433 2406 iudicatur.
2470 2356 2610 2407 conf.

364 2422 441 2481 X,
469 2420 572 2473 514
604 2430 659 2471 et
686 2420 740 2471 h.
763 2422 800 2472 1.
826 2422 1099 2473 Burmann.
1134 2421 1349 2482 limine,
1404 2420 1639 2486 lumine,
1701 2432 1755 2472 et
1796 2422 1882 2473 hic
1917 2422 2118 2489 aliquot
2153 2424 2449 2487 Heiusiani,
2496 2442 2612 2475 cum

366 2488 505 2542 binis
548 2488 708 2541 Goth.
844 2490 949 2544 324
998 2487 1267 2558 superbus
1316 2490 1629 2542 emendabat
1681 2490 1932 2542 Waddel.
1965 2492 2232 2546 Animadv.
2270 2494 2382 2546 crit.
2421 2511 2474 2562 p.
2513 2494 2612 2555 283

369 2559 537 2623 male,
588 2558 735 2608 addit
770 2561 1089 2612 Burmannus
1118 2593 1134 2622 ,
1182 2566 1391 2625 tapetes
1455 2560 1592 2610 enim
1643 2557 1698 2608 in
1740 2560 1924 2610 castris
1973 2561 2201 2624 habere,
2261 2563 2476 2627 superbi
2513 2571 2612 2614 est.

371 2627 477 2682 326
512 2631 811 2683 Execratus
843 2637 969 2679 tert.
998 2627 1215 2678 Mentel.
1286 2629 1587 2678 Extractus
1619 2625 1874 2679 Rufininn.
1901 2630 1968 2679 de
2002 2630 2256 2681 schemat.
2288 2633 2411 2683 Lex.
2428 2650 2480 2699 p.
2495 2631 2616 2696 269,

372 2698 517 2766 quod
546 2695 885 2748 Ruhnkenius
913 2698 981 2750 V.
1014 2697 1069 2748 C.
1103 2713 1168 2746 ex
1202 2693 1296 2745 illo
1324 2705 1501 2750 natum
1541 2697 1760 2748 notavit..
1823 2695 2102 2767 perflabat
2143 2699 2353 2767 plurimi
2379 2701 2533 2752 codd.
2562 2709 2618 2750 et

370 2767 455 2819 ed.
486 2768 621 2820 Ven.
690 2785 743 2830 p.
774 2768 965 2818 vinum
997 2783 1100 2816 sec.
1153 2765 1343 2816 Moret-
1495 2763 1598 2818 327
1644 2767 1720 2816 10.
1770 2766 2046 2818 Schrader.
2095 2767 2300 2818 emend.
2351 2769 2494 2830 dux,
2549 2785 2644 2818 ne·

369 2828 547 2904 p'lures
577 2837 887 2888 Rutulorum
917 2853 1073 2904 reges
1104 2833 1241 2885 sint:
1279 2843 1361 2884 est
1384 2831 1522 2887 euim
1550 2835 1812 2884 Rhamnes
1839 2852 1901 2884 ex
1929 2834 2135 2886 Rutulis
2161 2835 2254 2886 inf.
2276 2835 2402 2904 863.
2435 2837 2620 2886 Enim-

370 2923 499 2958 vero
544 2909 670 2958 Rex
720 2905 1009 2968 Rhamnes,
1068 2902 1315 2958 heroicae
1365 2902 1556 2954 aetatis
1609 2919 1754 2954 more
1781 2942 1796 2967 ,
1861 2895 2006 2968 ἅναξ
2033 2941 2049 2966 ,
2113 2921 2240 2954 unus
2287 2920 2315 2953 e
2361 2903 2622 2973 principi-

371 2978 534 3101 guib..
569 3053 595 3096 t
627 2974 731 3032 528
764 2976 1018 3046 auguriis
1048 2973 1281 3029 Macrob.
1322 2978 1380 3024 et
1412 2971 1586 3033 Schol.
1621 2971 1778 3026 Statii
1819 2989 1904 3044 ap.
1943 2971 2123 3025 Heius.
2192 2973 2388 3026 Deerat
2439 2991 2622 3028 versus

424 3062 456 3098 o
598 3055 693 3096 ert.
2117 3049 2124 3062 ¹

376 3239 532 3318 stae)
580 3239 805 3298 sublato
843 3239 909 3296 in
959 3239 1143 3296 altum
1185 3239 1323 3316 iugo
1343 3281 1359 3312 ,
1405 3247 1464 3295 et
1545 3238 1700 3316 prius
1715 3255 1734 3294 ε
1785 3238 1866 3296 sio
1905 3245 2190 3294 memorat
2229 3256 2375 3296 voce
2414 3254 2626 3317 pressa.

383 3325 650 3405 depressa
690 3327 753 3382 in
796 3334 1011 3381 terram
1064 3335 1227 3404 parte
1266 3343 1465 3382 currus
1550 3325 1782 3398 (vocem
1812 3341 2083 3400 premere
2117 3342 2238 3381 esse
2276 3325 2318 3380 i.
2359 3343 2417 3405 q.
2464 3332 2628 3379 tace-

384 3421 679 3485 extrema,
708 3412 757 3468 si
784 3411 931 3468 binis
958 3412 1097 3468 rotis
1122 3412 1469 3472 instructum
1551 3428 1654 3479 re,
1709 3406 2136 3487 persuadebunt
2151 3453 2168 3485 ,
2227 3425 2375 3490 quae
2416 3408 2629 3486 legun-

384 3517 625 3559 currum
689 3497 926 3574 cogites.
1011 3495 1219 3552 Erec-ti
1272 3513 1471 3553 currus
1554 3505 1650 3552 tur
1669 3495 1768 3569 VI,
1803 3493 1975 3558 155.:
2037 3495 2267 3568 ‚‚Di2n··t‚
2323 3514 2632 3572 presso-

369 3578 543 3664 'apud
587 3583 841 3641 Statium
880 3591 1189 3640 occurrunt
1203 3624 1220 3655 ,
1274 3581 1475 3638 obser-

1559 3599 1706 3660 que
1780 3580 2164 3638 obmutuit
2237 3581 2430 3638 ore.“
2503 3564 2662 3654 vH‚'
2738 3614 2743 3619 ·

382 3679 561 3727 vante
588 3670 949 3726 BurmannO.
993 3683 1137 3726 mox
1151 3668 1323 3736 vina,
1338 3683 1474 3725 vasa

383 3755 538 3827 vini,
580 3763 647 3812 ut
674 3753 825 3810 bene
854 3752 1023 3810 Serv.

478 3841 623 3901 321.
692 3838 894 3895 Anteit
946 3830 1146 3896 Nisus':
1216 3829 1475 3915 Euryalo

384 3920 629 3980 mundat
642 3965 659 3996 ‚
700 3931 769 3980 ut
817 3933 1091 4003 sequatur
1134 3931 1191 3978 et
1234 3939 1270 3978 a
1307 3931 1475 3998 tergo

391 4007 591 4065 omnia
642 4017 769 4066 tuta
840 4017 1107 4086 praestet.
1208 4005 1473 4075 consule,

389 4082 686 4172 prospice}
740 4092 1003 4171 provide.
1050 4113 1109 4152 v.
1148 4093 1353 4148 Burm.
1398 4089 1475 4150 ad

390 4178 522 4237 val.
552 4177 639 4256 El:
668 4179 767 4249 111,
801 4180 903 4241 88.
988 4187 1167 4236 vasta
1196 4175 1475 4265 clare—pro

391 4263 583 4322 faeere
596 4305 614 4334 ‚
660 4271 905 4320 vastare.
992 4281 1195 4323 vocem
1212 4263 1437 4339 premit
1454 4283 1477 4318 .·

1561 3669 1737 3729 103.:
1769 3667 1964 3739 „Haec
1982 3683 2483 3744 responsa—non
2509 3667 2634 3749 ipse

1558 3769 1663 3808 suo
1747 3745 2030 3829 pr'emit
2113 3769 2237 3808 ore
2321 3752 2632 3810 Latinus.“

1567 3834 1744 3912 W.)
1832 3835 1976 3900 325.
2009 3839 2155 3899 326.
2185 3846 2416 3910 ornate,
2467 3836 2636 3894 docta

1557 3922 1869 3980 verborum
1895 3923 2294 3979 immutatione
2309 3967 2326 3995 ,
2370 3941 2475 4000 pro
2504 3921 2639 3980 vul-

1561 4007 1719 4085 gari:
1764 4010 1832 4064 in
1862 4003 2158 4084 tapetibus
2191 4006 2325 4064 alte‘
2362 4005 2640 4062 extructis

1561 4093 1688 4169 ipse
1701 4091 2016 4150 Rhamnes
2017 4089 2334 4168 proflabat
2343 4109 2638 4148 somnum.

1561 4179 1766 4239 Posuit
1807 4188 2004 4236 autem
2037 4186 2254 4254 tapetes
2298 4193 2403 4254 pro
2445 4174 2642 4252 pulvi-

1562 4265 1652 4321 nis
1669 4309 1685 4337 ‚
1746 4264 1849 4344 qui
1901 4263 2186 4340 tapetibus
2229 4258 2450 4318 instrati
2487 4267 2642 4315 sunt.

392 4357 494 4424 aut
520 4347 799 4404 submissa
850 4367 997 4408 voce
1036 4349 1295 4430 loquitur
1309 4390 1326 4421 ,
1380 4356 1481 4406 aut
1567 4329 1713 4412 3'27.
1757 4351 1903 4412 828.
1941 4345 2195 4404 Praeivit
2233 4347 2520 4402 Homerus
2575 4343 2644 4400 11.

393 4441 575 4507 tanen
604 4431 793 4513 inquit
825 4433 1079 4494 Servius.
1146 4432 1481 4492 Praetorem
1567 4433 1628 4513 β,
1655 4431 1802 4497 858.
1832 4430 1978 4496 859.
