3009 5050
474 424 625 495 280
726 414 814 493 r.
843 410 1122 490 vme.
1153 404 1398 484 MAR.
1431 404 1870 509 AENJJB.
1901 404 2107 499 vm,
2140 410 2573 484 729—731

475 600 694 679 Talia
727 623 881 701 per
904 596 1254 697 clipeum
1281 594 1651 689 Volcani,
1706 590 1922 668 dona
1952 592 2325 692 parentis,

473 706 839 798 Miratur,
891 722 1324 799 rerumque
1353 698 1667 795 ignarus
1700 695 2039 794 imagine
2068 693 2385 793 gaudet,

2570 704 2725 777 730

475 806 892 886 Adtollens
919 804 1264 879 humero
1285 798 1741 901 famamque
1779 810 1860 874 et
1882 796 2038 874 fata
2067 812 2481 909 nepotum.

578 954 751 1025 729.
803 944 1091 1038 Tum,

617 1134 856 1205 (—729.
887 1130 1087 1185 Sustuli
1125 1146 1354 1191 comma,
1402 1126 1547 1197 quod
1580 1136 1693 1179 erat

475 1205 606 1261 tulin
641 1204 856 1259 nir-tur
893 1218 994 1271 per
1017 1200 1241 1253 vulo-ni
1275 1196 1520 1266 clipeum,
1552 1212 1649 1264 pu·

1123 1270 1354 1340 clipeum
1411 1265 1671 1321 Volcani·
1730 1265 1881 1318 dona
1928 1284 1977 1385 ἔ

475 1344 577 1401 731
603 1344 843 1397 humeris
879 1339 1118 1393 Parrha.
1173 1340 1563 1409 flammamque
1582 1334 1788 1387 .Medic.
1848 1334 1927 1399 (se

475 1276 678 1343 guitur:
745 1273 907 1327 Talia
954 1288 1058 1343 per

1720 1134 1847 1195 post
1876 1126 2057 1181 Talia.
2124 1124 2309 1179 Oratio
2348 1126 2427 1179 nic
2448 1124 2693 1209 procedit
2706 1146 2721 1177 :

1650 1194 1785 1247 euti·
1813 1195 2025 1249 donum.
2070 1196 2129 1249 In
2156 1194 2397 1249 mediceo
2428 1212 2505 1247 uc
2528 1196 2723 1247 distin-

1978 1267 2189 1319 ιιι-σπῆι
2246 1267 2510 1319 Μίκων.
2572 1268 2660 1319 W
2650 1267 2723 1329 r.)

2008 1334 2035 1385 l
2069 1344 2125 1386 et
2164 1351 2267 1387 una
2292 1352 2344 1387 m
2367 1334 2587 1387 abrasis.
2655 1339 2727 1387 At

463 1411 706 1484 forman
725 1416 874 1465 serv.
901 1408 1094 1463 nro-d.
1128 1406 1274 1474 Wr.)
1327 1402 1494 1476 facta
1526 1404 1677 1457 multi
1702 1403 1883 1457 Heins-
1954 1406 2193 1473 Utraque
2218 1403 2377 1457 lectio
2400 1420 2489 1475 ap.
2506 1408 2655 1457 Serv.

560 1572 706 1633 729.
760 1566 966 1625 Malim
1028 1564 1289 1642 clcpeum
1306 1604 1330 1634 ,
1396 1562 1559 1619 dona

467 1654 744 1733 parentis
759 1694 786 1723 ,
847 1651 1045 1709 matris
1087 1651 1326 1707 Veneris
1347 1692 1363 1723 ‚
1418 1650 1561 1706 iun-

475 1759 642 1817 gere,
686 1756 863 1819 quam
889 1734 1044 1793 talia
1073 1734 1235 1795 dona
1249 1734 1550 1813 parentis.

477 1828 624 1889 781.
665 1820 1036 1903 famamque
1061 1864 1088 1893 ,
1143 1818 1316 1894 κλέος
1341 1866 1360 1897 ,
1417 1820 1557 1877 illu—

471 1909 682 1967 strium
740 1908 1026 1965 factorum
1085 1906 1438 1985 sculpturam
1491 1904 1555 1963 in

477 1994 686 2073 clipeo·
773 1991 869 2052 Ad
909 1989 1067 2051 hunc
1110 1993 1384 2050 ultimum
1423 2010 1561 2049 ver-

475 2099 610 2139 sum
639 2074 1006 2137 offenderunt
1044 2080 1257 2157 passim
1297 2076 1407 2135 viri
1448 2074 1561 2135 do-

477 2166 591 2223 cti:
637 2165 844 2245 quibus
872 2166 1114 2243 praeivit
1148 2164 1381 2222 Servius
1398 2207 1414 2237 ‚
1457 2180 1561 2221 seu

479 2250 735 2331 quisquis
781 2250 877 2309 iue
921 2250 1064 2325 suit,
1121 2268 1302 2330 quem
1352 2248 1562 2305 lacinia

478 2338 682 2415 pannis
747 2334 1036 2395 Servianis
1093 2344 1310 2394 attexta
1354 2344 1560 2391 aucto-

474 2440 602 2479 rem
629 2419 869 2479 h'abuit:
914 2420 1109 2477 Hunc
1137 2439 1414 2489 versum,
1459 2420 1559 2475 in-

475 2507 601 2588 quit
618 2551 637 2580 ‚
681 2516 895 2564 notant
940 2504 1148 2564 critica·
1161 2549 1187 2578 ,
1232 2504 1412 2584 quasi
1451 2523 1560 2561 sw-

462 2593 704 2670 perfluo
769 2603 829 2650 et
883 2591 1182 2649 inutiliter
1251 2588 1558 2660 additum,

473 2697 582 2734 nec
617 2679 1055 2735 convenientem
1071 2675 1372 2756 gravitati
1393 2675 1520 2732 eius
1534 2696 1555 2732 .·

473 2781 735 2842 namque
783 2774 870 2820 est
935 2762 1133 2840 magis
1202 2761 1549 2818 neotericus.

471 2845 802 2907 Addisonus
819 2893 836 2922 ,
882 2849 982 2930 qui
1009 2849 1244 2928 pulcrae
1274 2848 1556 2926 simplici-

470 2936 600 2992 tatis
657 2953 892 2992 sensum
961 2931 1214 2992 habebat
1281 2933 1557 2990 mollissi—

468 3039 638 3076 mum
657 3063 673 3092 ,
717 3017 878 3076 hunc
919 3037 1152 3076 versum
1194 3037 1315 3075 esse
1345 3017 1553 3092 aiebat,

469 3105 535 3160 in
563 3121 680 3185 quo
709 3104 980 3181 Virgilius
1007 3103 1206 3161 lusisse
1244 3101 1556 3160 videretur.

467 3189 602 3244 Iure
629 3198 898 3246 notatum
938 3208 1172 3247 versum
1200 3197 1267 3248 ut
1296 3207 1332 3246 a
1359 3189 1558 3266 gravi-

469 3281 588 3338 tate
646 3273 902 3332 alienum
973 3283 1030 3331 et
1097 3275 1218 3332 fere
1255 3271 1557 3351 frigidum

467 3359 802 3436 pronuntiat
853 3357 1182 3418 Dor-villius.
1280 3355 1557 3416 Defendit

469 3437 726 3498 eundem
753 3461 984 3500 versum
1015 3443 1270 3502 Hurdius
1285 3489 1300 3518 ,
1341 3445 1430 3502 vir
1455 3445 1555 3502 in-

467 3528 738 3606 geniosus
769 3538 826 3586 et
856 3525 1056 3586 doctus
1075 3573 1091 3601 ,
1138 3531 1200 3586 in
1239 3527 1556 3586 Commen-

468 3621 584 3667 ίαν.
622 3611 847 3669 Horat.
885 3613 1014 3672 vol.
1044 3616 1073 3671 1
1103 3612 1178 3671 ad
1218 3634 1276 3673 v.
1308 3617 1409 3688 97,
1449 3614 1554 3673 ubi

469 3695 909 3774 ambiguitatem
935 3702 1255 3758 sententiae
1287 3701 1462 3758 etiam
1491 3701 1556 3758 in

464 3783 752 3840 severiore
781 3785 1037 3842 carmine
1065 3793 1278 3860 tuetur,
1309 3795 1367 3843 et
1393 3783 1555 3844 hunc

465 3866 666 3925 locum
720 3871 953 3948 copiose
1011 3869 1253 3950 quidem
1305 3882 1365 3929 et
1419 3873 1555 3930 satis

467 3963 671 4030 argute
697 3997 716 4028 ,
755 3966 822 4013 ut
866 3957 1012 4014 solet
1029 4001 1044 4030 ,
1089 3957 1172 4014 ita
1213 3965 1444 4031 tractat,
1487 3965 1557 4014 ut

465 4035 542 4094 ad
589 4039 867 4098 ancilium
915 4041 1260 4121 religionem
1301 4053 1358 4101 et
1417 4061 1556 4102 san-

1644 1562 1899 1620 ctitatem
1928 1560 2110 1621 alludi
2150 1560 2323 1621 dicat.
2406 1562 2724 1621 Enimvero

1644 1658 1778 1706 ante
1805 1644 1981 1727 pedes
2010 1656 2133 1707 erat
2148 1692 2165 1722 ,
2213 1646 2372 1730 quod
2400 1659 2520 1706 tam
2548 1648 2726 1728 longe

1640 1734 1855 1813 petitur
1868 1778 1885 1807 ,
1916 1745 1974 1792 et
2000 1734 2177 1793 verbo
2206 1754 2296 1793 res
2323 1737 2563 1813 transigi
2587 1746 2725 1814 pot-

1642 1829 1747 1877 est.
1827 1819 2099 1879 Acumen
2126 1820 2302 1895 lusus,
2334 1838 2513 1902 quem
2538 1820 2724 1879 inesse

1642 1906 1815 1963 multi
1852 1906 2226 1979 arbitrantur,
2283 1906 2347 1963 in
2390 1908 2597 1965 nostris
2639 1917 2726 1965 est

1638 1991 1899 2050 sensibus
1928 1992 2281 2073 animisque,
2325 2010 2445 2050 non
2490 1992 2553 2049 in
2590 2012 2723 2051 ver-

1640 2076 1730 2134 bis
1788 2095 1900 2137 neo
1954 2080 2019 2135 in
2070 2078 2351 2135 sententia
2410 2077 2724 2159 animoque

1640 2162 1887 2241 Virgilii.
1972 2162 2241 2221 Poeticus
2268 2180 2460 2220 sermo
2488 2164 2569 2221 ita
2594 2164 2722 2239 fert,

1642 2258 1710 2304 ut
1723 2291 1740 2322 ‚
1798 2250 1849 2304 si
1890 2248 2020 2328 quis
2068 2246 2331 2325 elipeum
2346 2290 2373 2319 ,
2416 2250 2519 2305 cui
2538 2247 2725 2327 sacta

1632 2331 1963 2409 praeclara
2006 2342 2063 2389 et
2096 2332 2252 2413 sata
2307 2344 2588 2411 nepotum
2623 2334 2722 2392 in-

1640 2414 1883 2493 sculpta
1924 2426 2067 2473 eunt
2079 2458 2105 2487 ,
2143 2420 2435 2477 sustulisse
2476 2417 2721 2479 humero

1644 2501 1936 2582 (alligatus
1978 2505 2137 2562 enim
2178 2505 2303 2564 loro
2347 2506 2570 2586 clipeus·
2604 2504 2725 2566 hu-

1640 2591 1813 2648 meris
1842 2591 2121 2668 iniicitur)
2155 2589 2434 2650 dicendus
2472 2593 2545 2651 sit
2560 2637 2577 2668 ,
2632 2613 2722 2651 res

1638 2676 1721 2734 ita
1763 2671 1955 2733 efferri
1992 2677 2203 2756 possit:
2257 2678 2549 2738 sustulisse
2588 2699 2723 2736 eum

1622 2759 1877 2842 samam
1918 2770 1976 2816 et
2011 2761 2171 2840 sata
2218 2773 2522 2840 nepotum.
2612 2763 2724 2836 Qui

1637 2849 1866 2926 poetica
1906 2849 2167 2906 oratione
2208 2849 2504 2908 imbutum
2549 2847 2725 2910 habet

1638 2932 1943 3010 ingenium
1959 2977 1975 3007 ,
2022 2931 2169 2990 nihil
2212 2935 2458 3012 amplius
2488 2938 2722 3014 cogitat.

1639 3017 1753 3090 Qui
1776 3037 1910 3076 vero
1935 3019 2219 3076 verbatim
2244 3021 2352 3077 ista
2378 3021 2443 3078 in
2468 3023 2725 3099 patrium

1638 3123 1971 3162 sermonem
2020 3103 2301 3162 transfusa
2318 3147 2334 3176 ,
2378 3115 2437 3163 et
2466 3125 2545 3164 ex
2580 3127 2724 3188 pro-

1639 3190 1766 3267 prio
1819 3188 2132 3248 verborum
2172 3189 2499 3268 significatu
2538 3194 2723 3252 inter-

1638 3283 1861 3354 pretata
1918 3283 2115 3332 mente
2168 3275 2351 3334 volvit
2364 3321 2381 3351 ‚
2454 3281 2722 3348 notiones

1640 3361 1779 3418 alias
1822 3359 2113 3438 adiungit,
2159 3361 2367 3443 quibus
2396 3361 2638 3424 ridicula
2664 3374 2723 3423 et

1638 3447 1835 3524 inepta
1862 3443 2123 3508 redditur
2148 3451 2454 3508 sententia.
2518 3451 2721 3509 Simile

1638 3540 1723 3590 est
1753 3533 2090 3610 exemplum
2118 3531 2225 3592 inf.
2252 3535 2331 3608 X,
2384 3534 2721 3600 496—499

1636 3618 1880 3693 rapiens
1920 3619 2197 3676 inmam'a
2224 3619 2501 3696 pondera
2540 3618 2725 3678 baltei

1639 3703 2099 3784 impressumque
2152 3705 2351 3780 nefas;
2422 3727 2549 3764 una
2606 3701 2720 3764 sub

1642 3797 1811 3846 nocte
1838 3787 2041 3866 iugali
2075 3809 2250 3845 caesa
2288 3785 2514 3850 manu}
2552 3793 2721 3848 iuve—

1640 3892 1790 3928 num
1814 3871 2032 3944 Foede,
2062 3871 2437 3954 thalamique
2466 3877 2720 3946 ementi,

1642 3977 1799 4036 quae
1864 3955 2091 4015 Clonus
2132 3957 2461 4038 Eurytides
2530 3961 2718 4020 multo

1642 4039 1985 4100 caelaverat
2007 4060 2177 4099 auto.
