3009 5050
509 435 663 512 486

996 427 1081 502 P.
1132 419 1667 502 VIRGILII
1717 415 2276 496 MARONIS

513 617 916 694 Sustentat
936 611 1239 688 dextra:
1290 565 1631 684 traiecto
1655 604 1889 680 missa
1917 603 2212 682 lacerto

508 718 885 798 Protinus
962 713 1179 792 hasta
1268 709 1471 810 fugit
1497 771 1520 807 ‚

1623 721 2040 809 servatque
2127 720 2456 784 cruenta
2537 719 2780 784 teno-

1673 836 1890 904 remg

2629 821 2784 892 340

510 929 1015 1022 Dexteraque
1052 943 1145 997 ex
1172 917 1520 994 humero
1557 917 1820 992 nervis
1843 913 2324 992 moribunda
2351 916 2780 1016 pependit.

514 1031 727 1103 Tum
756 1024 1161 1120 Numitor,
1200 1020 1463 1098 iaculo
1491 1017 1752 1096 fratris
1793 1018 1898 1095 de
1931 1043 2272 1120 corpore
2299 1032 2570 1118 rapto,

512 1133 837 1208 Aenean
867 1128 1131 1228 petiit3
1182 1123 1330 1204 sed
1362 1147 1532 1200 non
1567 1135 1648 1200 et
1679 1121 1928 1221 figere
1965 1136 2240 1200 contra

512 1235 653 1311 Est
687 1232 1026 1328 licitum,
1078 1229 1507 1329 magnique
1539 1226 1812 1304 lemur
1841 1227 2290 1327 perstrinxit
2315 1223 2706 1302 Achatae.

514 1337 661 1420 Hic
723 1333 1061 1414 Curibus
1091 1392 1114 1431 ,
1212 1331 1473 1408 fidens
1541 1333 1952 1432 primaevo
2027 1353 2370 1432 corpore
2397 1388 2419 1425 ,

1675 1458 1810 1512 sus

2529 1327 2780 1406 Clau-

2627 1437 2776 1510 345

650 1611 753 1668 8³9
792 1609 1118 1666 Sabatenem
1165 1608 1299 1662 alter
1342 1607 1532 1662 Hamb.
1602 1609 1936 1660 sustentant
1979 1605 2166 1658 Franc.
2233 1603 2473 1659 lacet-202
2507 1605 2714 1657 Medic.
2747 1621 2778 1654 a

516 1699 587 1734 m.
624 1699 709 1748 pr.
806 1681 913 1736 310
944 1681 1113 1731 hacta
1159 1675 1305 1731 cubit
1337 1695 1418 1750 pr.
1452 1680 1646 1730 floret.
1697 1687 1752 1728 et
1783 1681 1963 1743 sprot.
1995 1693 2028 1728 a
2062 1693 2134 1727 m.
2167 1691 2270 1744 pr„
2317 1685 2694 1744 praece-erat
2723 1671 2774 1723 id

516 1769 568 1803 v.
603 1750 723 1805 338.
822 1749 923 1804 341
959 1753 1275 1818 Dextraque
1318 1766 1421 1817 per
1452 1749 1710 1801 humeros
1739 1763 1846 1798 aec.
1875 1745 2128 1798 Rottend.
2189 1743 2524 1816 pudibunda
2565 1747 2614 1796 Η
2693 1759 2772 1796 en.

514 1819 619 1874 843
651 1819 749 1871 sed
780 1837 895 1871 non
928 1817 1157 1888 effigere
1188 1836 1235 1868 c.
1270 1815 1419 1868 multi
1453 1817 1610 1870 codd.
1645 1827 1698 1868 et
1732 1815 1870 1879 edd„
1904 1813 1996 1867 alii
2032 1833 2068 1866 a
2135 1832 2297 1884 gere,
2329 1815 2546 1886 afigere
2564 1854 2582 1878 ,
2622 1832 2655 1865 e
2735 1815 2770 1850 '-

500 1875 672 1960 'gerffi
706 1885 995 1958 effingere
1025 1886 1163 1956 apud
1198 1886 1379 1938 Heius.
1414 1897 1471 1938 et
1504 1887 1672 1938 Burin.
1743 1887 1912 1956 (petie
1949 1885 2036 1936 Me
2073 1884 2140 1935 ic.
2203 1885 2346 1952 Wr.)

2485 1884 2768 1955 super»-

432 1975 441 1985 ·
514 1959 742 2027 stringit
775 1957 881 2008 duo
920 1957 1090 2006 Burm.
1158 1954 1339 2007 Hoina.
1378 1955 1449 2007 ad
1482 1955 1633 2008 ovid.
1664 1955 1794 2006 Met.
1825 1955 1948 2018 xn,
1973 1953 2080 2008 273
2104 1952 2180 2004 ait
2208 1969 2340 2017 ease,
2374 1953 2582 2005 leniter
2607 1952 2768 2004 ctrin-

514 2025 611 2096 git.
679 2025 834 2096 Atqui
864 2025 970 2076 hoc
1002 2039 1109 2075 non
1141 2023 1374 2076 admittit
1443 2043 1524 2076 er.
1559 2025 1795 2076 Praestat
1819 2023 1998 2076 dicere
2033 2039 2149 2074 eoae
2183 2038 2280 2090 pro
2315 2021 2568 2088 simplici,
2605 2021 2767 2074 strin-

552 2095 618 2160 it,
650 2095 794 2146 ferit.
860 2093 1253 2162 (praestrinxit
1286 2092 1387 2145 acri
1424 2094 1445 2144 i
1476 2092 1628 2146 iubet
1661 2093 1873 2146 Wakef.
1905 2093 1976 2146 ad
2005 2091 2216 2144 Lucret-
2239 2093 2330 2156 11¹,
2369 2091 2561 2153 1057.;
2599 2092 2764 2143 eidem

504 2113 694 2236 Jemen
733 2162 820 2215 hic
854 2162 1184 2214 scribendum
1234 2163 1439 2215 videtur
1486 2163 1557 2216 ad
1593 2163 1745 2216 eund.
1787 2163 1879 2227 IV,
1937 2161 2058 2216 826.
2113 2161 2260 2226 Wr.)

2399 2159 2502 2214 825
2549 2158 2769 2214 Viribus

514 2234 603 2284 Ιιὶσ
620 2232 813 2300 fidens
842 2232 960 2286 ald.
995 2249 1099 2284 aec.
1134 2243 1190 2284 et
1220 2232 1344 2285 edd.
1380 2229 1584 2304 aliquot
1629 2242 1756 2285 ante
1788 2229 2033 2283 Pieriam.
2101 2231 2212 2282 Hic
2257 2227 2471 2282 viribus
2508 2230 2639 2284 ΑΜ.
2671 2247 2764 2300 pr..

512 2390 723 2450 mantis
764 2391 834 2450 11.
859 2391 912 2468 ξ,
942 2389 1067 2456 453
1095 2411 1182 2474 sq.
1212 2389 1596 2456 389—341.

512 2478 799 2557 impetum
838 2487 899 2536 et
924 2479 1047 2539 vim
1072 2477 1252 2537 iactum
1268 2521 1287 2553 ,
1332 2476 1597 2558 adeoque

514 2565 692 2622 robur
728 2564 965 2622 Aeneae
982 2609 1000 2639 ,
1070 2564 1323 2623 declarat
1387 2575 1560 2644 poeta
1575 2582 1594 2621 z

512 2650 821 2707 Maeonem
848 2651 1064 2729 clipeo,
1121 2648 1357 2709 thorace
1386 2660 1442 2708 et
1484 2670 1598 2728 pe·-

512 2746 672 2795 ctore
720 2734 997 2795 transfixo
1050 2735 1374 2811 occiderat3
1434 2754 1594 2794 nunc

511 2818 676 2880 hasta
700 2822 811 2879 alia
840 2822 913 2879 ab
944 2822 1141 2879 Aenea
1169 2824 1377 2884 emissa
1414 2822 1596 2879 Alca-

509 2909 667 2965 noris
695 2906 997 2967 brachium
1022 2906 1334 2985 transfigit,
1374 2916 1435 2964 et
1463 2916 1596 2963 tnt-

510 2992 659 3050 iecto
682 2994 805 3051 eius
834 2992 1055 3051 lacerto
1096 3012 1167 3049 ea
1188 2992 1373 3071 fingit
1394 2992 1595 3068 proti-—

510 3098 629 3135 nuc
640 3119 665 3148 ,
702 3097 898 3159 porro,
940 3079 1198 3152 ulterius,
1228 3078 1435 3157 pergit,
1466 3096 1593 3133 ser-

510 3173 731 3240 vatque
744 3173 1022 3237 tenorem,
1048 3184 1158 3223 nec
1173 3163 1409 3221 remittit
1424 3162 1595 3242 quic-

512 3266 693 3329 qnam
720 3245 794 3308 de
822 3250 1075 3328 impetu,
1127 3268 1307 3331 quem
1334 3266 1410 3306 ex
1436 3251 1595 3306 iactu

509 3332 673 3392 fortia
731 3335 841 3393 viri
895 3332 1165 3393 habebat.
1278 3336 1413 3397 Uno
1457 3352 1596 3393 ver-

510 3418 609 3495 bo,
636 3418 940 3479 brachium
966 3420 1202 3478 Maeoni
1229 3422 1595 3500 suppositum

509 3505 861 3585 transfigitur
908 3504 1072 3563 hasta
1116 3516 1176 3563 et
1213 3515 1441 3564 tantmn
1469 3524 1594 3563 non

510 3590 870 3650 reacinditur.
942 3590 1187 3669 Reliqua
1217 3589 1295 3649 ad
1320 3601 1596 3649 ornatum

510 3674 755 3735 adiecta.
854 3676 943 3732 lta
985 3677 1331 3735 sententiam
1374 3678 1593 3755 consti-

508 3770 641 3835 tuo,
684 3771 751 3819 ut
788 3758 937 3818 duae
978 3761 1093 3817 sint
1130 3760 1324 3821 hastae
1366 3762 1441 3819 ab
1468 3763 1594 3819 Ae-

508 3862 619 3903 nea
648 3845 907 3904 emissae.
976 3846 1128 3903 Nam
1167 3848 1269 3907 vix
1294 3848 1593 3927 probabile

509 3939 593 3985 est
610 3971 629 4003 ,
680 3931 787 3987 etsi
835 3930 1147 3989 verborum
1190 3944 1249 3991 et
1276 3936 1594 3991 sententia-

508 4032 641 4071 rum
666 4015 999 4073 iuncturam
1026 4018 1353 4077 aestimanti
1378 4019 1439 4077 in
1458 4021 1592 4077 ani-

506 4116 673 4155 mum
714 4097 778 4156 id
822 4103 1017 4159 venire
1062 4114 1280 4182 potest,
1354 4115 1590 4183 poetam

506 4180 953 4244 admirationem
1008 4189 1197 4247 facere
1240 4190 1488 4249 voluisse
1533 4200 1592 4247 et

506 4270 679 4328 unius
708 4268 905 4330 hastae
932 4273 1151 4333 iactum
1182 4285 1303 4332 tam
1330 4273 1591 4333 validum

507 4364 565 4413 et
612 4356 909 4417 efficacem
950 4378 1184 4417 narrare
1198 4403 1217 4434 ,
1278 4370 1345 4419 ut
1387 4361 1592 4419 Maeo-

504 4442 593 4501 nia
635 4440 873 4503 thorace
930 4455 991 4504 et
1044 4456 1278 4525 pectore
1350 4447 1590 4507 traiecto

1676 2401 1910 2470 tergum
1939 2409 2197 2470 egressa,
2224 2389 2528 2448 Alcanoris
2561 2390 2760 2462 fratris,

1679 2479 1783 2558 qui
1822 2479 1888 2537 in
1924 2478 2194 2558 proximo
2215 2530 2228 2547 ,
2249 2486 2404 2537 stans
2447 2477 2760 2536 corruentis

1677 2561 1952 2622 humeros
2021 2564 2374 2621 sustentabat
2403 2606 2423 2631 ,
2497 2562 2762 2621 dextram

1677 2651 2107 2731 perstringeret.
2173 2650 2340 2707 Esset
2366 2666 2506 2706 sane
2531 2646 2598 2707 id
2625 2668 2759 2728 pro-

1679 2734 1838 2813 digio
1893 2736 2167 2815 propius;
2223 2734 2409 2792 multo
2467 2736 2659 2813 magis
2703 2730 2758 2791 id

1678 2818 1842 2902 quod
1865 2824 2146 2901 sequitur,
2179 2819 2337 2901 quod
2357 2821 2630 2877 Numitor
2645 2820 2758 2878 fra-

1677 2916 1766 2965 ter
1793 2904 2020 2965 hastam
2046 2916 2174 2963 tam
2199 2908 2313 2965 alte
2331 2905 2580 2963 infixam
2605 2902 2758 2963 haud

1675 3010 1892 3070 magna
1909 3011 2086 3072 opera
2102 3011 2134 3048 e
2151 3010 2394 3071 corpore
2411 2992 2627 3051 evellit.
2643 2994 2757 3050 Ve-

1675 3096 1810 3135 rum
1853 3088 1920 3135 ut
1958 3074 2082 3135 dixi
2125 3096 2159 3133 e
2219 3096 2459 3157 corpore
2503 3076 2756 3136 Maeonis

1673 3164 1911 3221 iacentis
1941 3161 2168 3223 hastam
2193 3164 2387 3221 evellit
2415 3182 2664 3245 eamque
2699 3165 2756 3221 in

1675 3249 1944 3307 Aeneam
1996 3250 2176 3307 mittit
2238 3251 2527 3308 Numitor.
2615 3248 2755 3314 341.

1676 3335 1944 3392 Dextera
1975 3332 2338 3392 moribunda
2359 3356 2378 3390 :
2425 3337 2612 3416 qualis
2639 3354 2756 3393 esse

1675 3422 1822 3479 solet
1849 3418 2186 3479 moribundi
2213 3419 2482 3495 hominis,
2527 3422 2756 3499 langui-

1677 3504 1787 3565 da:
1853 3505 2070 3587 pendet
2111 3508 2312 3563 nervis
2329 3549 2351 3576 ,
2391 3527 2500 3586 per
2526 3525 2750 3581 nervos,

1674 3589 1738 3650 h.
1769 3611 1824 3649 e.
1851 3591 2136 3665 tendum,
2194 3592 2510 3671 ligamenta
2539 3605 2596 3653 et
2621 3612 2754 3651 mn-

1676 3678 1885 3736 sculos.
1939 3680 2028 3736 Ita
2057 3679 2218 3735 euim
2245 3688 2452 3757 poetae
2478 3676 2590 3737 hac
2615 3698 2752 3736 voce

1677 3764 2031 3823 abutuntur=
2071 3784 2130 3821 v.
2173 3784 2226 3821 c.
2267 3766 2470 3822 Horat.
2507 3768 2538 3823 1
2565 3766 2752 3823 Carm-

1676 3852 1780 3921 28,
1815 3852 1916 3913 13.
2001 3848 2262 3909 Occurrit
2305 3860 2505 3907 tamen
2535 3862 2592 3908 et
2619 3868 2751 3928 pro-

1676 3935 1800 4015 prie
1830 3934 2070 3993 dictmn.
2155 3936 2243 3993 Ita
2283 3937 2542 3995 Macrob.
2564 3936 2686 4007 vll,
2713 3936 2750 3997 9

1677 4023 1938 4100 agnoscit
1978 4030 2202 4100 septem
2227 4040 2542 4079 nervorum
2581 4022 2750 4092 συζυ-

1672 4107 1824 4187 γίας.
1911 4106 2197 4185 (Proprie
2237 4108 2466 4165 locutus
2513 4118 2599 4165 est
2623 4106 2748 4163 vir-

1674 4193 1876 4269 gilius3
1918 4192 2204 4251 recentior
2232 4203 2317 4251 est
2343 4193 2440 4249 ille
2469 4193 2747 4271 significa-

1675 4286 1798 4350 tus,
1854 4296 2034 4357 quem
2079 4279 2407 4337 Macrobius
2447 4278 2490 4337 l.
2530 4280 2572 4336 1.
2616 4276 2746 4335 huic

1677 4364 1960 4420 vocabulo
1982 4364 2199 4421 tribuit.
2236 4362 2416 4442 W.)
2473 4362 2618 4429 342.
2639 4364 2748 4420 Go-

1675 4446 1768 4507 lor
1808 4448 2026 4529 ubique
2069 4450 2411 4509 Homericus
2425 4492 2444 4523 ,
2503 4458 2570 4507 ut
2613 4459 2668 4508 et
2691 4448 2746 4505 in
