3009 5050
546 410 699 487 716
1010 405 1096 482 Ρ.
1148 401 1691 482 VIRGILII
1754 400 2315 483 MARONIS

648 595 751 669 At
772 588 1083 689 regina,
1136 612 1345 665 nova
1378 613 1691 691 pugnae
1725 592 2148 668 conterrita
2181 606 2420 690 sorte,

540 695 841 790 Flebat,
874 706 956 769 et
992 690 1409 769 ardentem
1437 718 1827 792 generum
1860 696 2244 772 moritura
2272 694 2640 773 tenebat:
2693 708 2790 777 55

545 804 855 893 Turne,
906 820 1055 898 per
1088 794 1229 871 has
1268 819 1415 895 ego
1444 812 1526 874 te
1558 797 1938 895 lacrimem,
1991 824 2141 900 per
2166 802 2230 875 si
2261 801 2440 902 quis
2475 805 2792 878 Amatae

544 902 829 1001 Tangit
855 898 1121 974 honos
1156 899 1510 975 animum
1569 909 1786 1003 (spes
1815 915 1904 978 tu
1949 926 2165 978 nunc
2193 928 2374 997 una,
2425 916 2790 981 senectae

542 1012 673 1083 Tu
696 1003 1019 1107 requies
1050 1002 1427 1096 miserae3
1484 1003 1728 1081 decus
1769 1006 2362 1107 imperiumque
2403 1008 2658 1083 Latini

541 1116 661 1187 Te
706 1132 993 1211 penes;
1046 1106 1127 1182 in
1170 1119 1251 1182 te
1285 1108 1547 1183 omnis
1583 1107 1876 1184 domus
1907 1110 2274 1186 inclinata
2321 1109 2788 1207 recumbit)=

537 1218 813 1293 Unum
844 1234 1025 1289 oro:
1075 1208 1361 1287 desiste
1389 1236 1720 1289 manum
1751 1214 2224 1290 conmittere
2253 1214 2600 1293 Teucria
2690 1222 2785 1293 60

540 1317 697 1413 Qui
726 1330 806 1392 te
846 1336 1193 1415 cumque
1226 1328 1559 1390 manent
1585 1315 1736 1391 isto
1767 1316 2201 1393 certamine
2233 1341 2477 1411 casm,

534 1424 639 1501 Et
680 1444 858 1517 me,
920 1421 1236 1515 Turne,
1304 1432 1666 1497 manent:
1735 1419 1976 1496 simul
2023 1418 2220 1497 haec
2266 1420 2512 1498 invisa
2544 1418 2782 1497 relin-

1813 1548 1944 1599 am

532 1627 908 1723 Lumina,
956 1646 1109 1701 nec
1152 1644 1546 1721 generum
1573 1548 1896 1703 Aenlgan
1933 1626 2232 1728 captiva
2259 1625 2580 1707 videbo,

672 1851 743 1905 54
785 1867 965 1902 novae
1011 1846 1119 1899 duo
1168 1846 1384 1913 Mon-et„
1444 1864 1554 1900 non
1613 1850 1781 1914 male,
1841 1848 1940 1901 nisi
1998 1850 2220 1903 alterum
2283 1848 2578 1919 elegantius
2625 1858 2780 1905 esset.

430 1910 435 1918 ⁸
532 1924 825 1989 Utrumque
876 1916 1202 1985 periphrasin
1248 1917 1380 1968 facit
1426 1916 1656 1985 vulgaris
1707 1916 1991 1972 orationis:
2049 1938 2197 1973 nova
2233 1938 2434 1991 pugna
2478 1921 2780 1972 conterrita.

524 1990 831 2060 perterrita
863 1996 988 2039 tert.
1022 1985 1271 2037 Rottend.
1309 2002 1341 2037 a
1375 2003 1443 2039 m.
1479 2004 1584 2039 sec.
1653 1990 1938 2041 contraria
1972 1989 2133 2043 Goth.
2182 1998 2302 2041 tert.
2441 1988 2510 2042 55
2547 2008 2616 2041 m.
2665 2008 2780 2041 mo-

530 2057 699 2112 nebas
732 2055 989 2108 Montalb.
1129 2054 1197 2109 57
1249 2071 1374 2137 spes
1418 2068 1475 2106 te
1519 2054 1661 2136 alter
1715 2057 1902 2110 Hamb.
2053 2058 2123 2111 58
2157 2075 2283 2129 spes
2327 2056 2456 2125 imp.
2494 2060 2605 2113 Erf.
2669 2061 2781 2125 (re-

528 2128 707 2198 quiem
741 2125 932 2177 Medic.
967 2143 997 2177 a
1031 2141 1099 2175 ιιι.
1136 2140 1234 2191 pr„
1278 2124 1419 2174 idem
1453 2142 1674 2190 muare,
1720 2126 1818 2180 sed
1852 2146 1890 2181 a
1920 2128 2288 2199 superscripta.
2331 2126 2476 2193 Wr.)
2581 2128 2646 2182 61
2685 2145 2781 2180 σο-

528 2213 667 2249 enus
701 2198 871 2259 Rom..
906 2204 963 2245 ut
997 2192 1175 2246 solent
1206 2202 1430 2247 veteres.
1465 2211 1515 2246 v.
1549 2194 1688 2247 Pier.

527 2386 639 2449 hac
670 2386 1035 2449 distinctione
1065 2396 1123 2447 et
1144 2388 1616 2470 interpretatione

524 2477 873 2538 sententiam
889 2520 905 2550 ‚
970 2472 1295 2551 docebunt,
1358 2496 1511 2558 quae
1551 2478 1613 2536 in

526 2565 597 2622 V.
624 2565 695 2621 L.
728 2561 1163 2643 disputavimus.
1214 2562 1386 2638 Wr.)

611 2647 715 2714 54.
758 2669 917 2706 nova
940 2668 1192 2727 pugnae
1230 2657 1403 2706 sorte.
1495 2649 1615 2706 Mi-

523 2753 635 2794 nus
676 2735 827 2792 bene
872 2753 979 2814 pro
1036 2753 1271 2813 magna.
1337 2735 1505 2792 Serv.
1557 2744 1616 2792 et

522 2821 643 2880 alii.
724 2822 949 2878 Immo:
993 2840 1148 2878 nova
1190 2839 1422 2899 pugnae
1465 2837 1614 2878 con·

524 2905 779 2980 ditione,
823 2925 978 2964 novo
1020 2923 1271 2986 genere:
1332 2906 1611 2983 singulari

520 3013 603 3052 so.
662 2995 997 3063 certamine.
1114 2989 1218 3056 55.
1288 2993 1608 3062 moritura,

521 3089 824 3159 tamquam
868 3095 1017 3158 quae
1060 3078 1213 3134 mori
1246 3075 1606 3150 decrevisset,

519 3165 631 3223 nisi
668 3165 768 3221 ille
810 3163 1153 3222 flecteretur.
1208 3161 1285 3220 cf.
1326 3163 1432 3236 xl,
1475 3160 1599 3225 741

520 3260 579 3309 et
626 3269 820 3330 saepe.
920 3251 1023 3314 57.
1084 3247 1313 3319 honos5
1384 3239 1605 3322 αἶδῶςς

517 3337 741 3416 passive
758 3378 775 3407 ,
814 3336 916 3416 qui
944 3333 1191 3392 habetur
1215 3379 1232 3404 ,
1264 3334 1606 3391 reverentia.

515 3441 647 3502 sup.
674 3422 799 3493 VII,
827 3418 975 3484 401.
997 3417 1125 3484 402
1146 3417 1375 3497 gmtia.
1422 3419 1604 3476 Com-

515 3517 723 3590 parant
762 3508 956 3584 Intpp.
1002 3501 1182 3562 modo
1230 3504 1505 3562 Hecubae
1534 3505 1604 3562 11.

515 3615 569 3674 χ,
600 3595 683 3658 82
709 3589 889 3650 modo
918 3586 1368 3648 Andromachae
1396 3608 1607 3647 exem-

516 3679 683 3759 plum
696 3675 860 3735 Iliad.
879 3678 925 3749 ζ,
954 3673 1058 3734 sed
1085 3686 1219 3733 sunt
1248 3673 1395 3734 haec
1405 3675 1604 3754 paullo

515 3763 847 3822 remotiora.
907 3761 1009 3826 58.
1040 3763 1278 3839 imperii
1303 3764 1608 3820 notionem

515 3859 683 3907 ornat
735 3858 792 3905 et
830 3858 1007 3925 auget
1032 3842 1101 3910 to*
1145 3847 1364 3919 decus,
1409 3845 1606 3926 digni-

512 3944 602 3994 tas
620 3977 635 4008 ,
682 3935 1008 3992 auctoritas.
1060 3933 1127 3990 in
1170 3943 1227 3990 te
1258 3934 1453 3990 omnis
1492 3933 1604 3990 do-

517 4037 653 4078 muc
681 4018 979 4076 inclinata
1004 4017 1297 4076 recumbit
1307 4041 1335 4091 ;
1366 4029 1601 4077 ornate:

510 4107 714 4166 nititur
730 4151 745 4180 ,
794 4116 861 4163 tu
890 4106 1163 4163 columen
1192 4123 1270 4179 es,
1298 4115 1421 4164 tam

515 4193 743 4252 futurus
787 4211 997 4271 gener,
1055 4189 1123 4252 ἐν
1168 4189 1337 4276 οἰκίᾳ
1377 4183 1598 4272 ἐρήμῃ.

514 4283 620 4345 60.
679 4278 919 4336 Τειισνίε
946 4295 1052 4356 pro
1081 4277 1315 4334 Teucro
1331 4319 1347 4350 ,
1376 4275 1599 4351 Aenea,

510 4366 767 4443 positum
796 4382 917 4424 esse
958 4363 1353 4444 unusquisque
1380 4359 1598 4421 videat.

511 4449 639 4510 Sed
666 4469 947 4534 quorsum
972 4441 1244 4509 factum?
1302 4457 1369 4508 ut
1396 4465 1431 4506 a
1458 4447 1595 4508 vul-

1697 2390 1824 2469 gari
1854 2390 2114 2449 oratione
2141 2408 2213 2449 eo
2255 2390 2439 2471 magis
2468 2388 2780 2449 recederet.

1700 2476 1914 2554 (Aliter
1939 2497 2001 2536 se
2044 2497 2132 2536 res
2171 2474 2381 2536 habet:
2423 2495 2609 2558 quum
2653 2476 2778 2558 quis

1696 2582 1818 2621 uon
1847 2583 1953 2622 suo
1983 2565 2212 2643 proprio
2251 2564 2492 2621 nomine
2521 2563 2780 2644 appella-

1695 2657 1824 2722 tur,
1868 2647 1972 2707 sed
1999 2651 2300 2707 communi
2328 2649 2524 2729 aliquo
2543 2693 2558 2716 ,
2599 2649 2779 2706 usita-

1695 2744 1791 2792 tus
1821 2743 1908 2793 est
1935 2745 1992 2793 et
2021 2735 2254 2792 Graecis
2283 2745 2342 2790 et
2366 2735 2588 2790 Latinis
2635 2735 2780 2792 scri-

1695 2821 1956 2899 ptoribus
2011 2821 2278 2899 pluralis;
2355 2817 2475 2878 vid.
2520 2821 2658 2878 Not.
2703 2816 2778 2876 ad

1693 2905 1847 2964 Aen.
1886 2908 1933 2979 1,
1976 2904 2037 2968 4.
2070 2915 2128 2963 et
2156 2907 2234 2978 X,
2265 2907 2368 2968 79.
2425 2903 2606 2983 W.)
2689 2906 2777 2962 Ita

1691 3009 1836 3049 mox
1877 2995 1960 3056 62
2009 2989 2160 3047 haee
2199 2989 2438 3048 lumina
2463 3009 2570 3069 pro
2591 3033 2607 3065 ‚
2660 2987 2776 3048 hoc

1689 3077 1910 3149 lumen,
1949 3077 2152 3134 vitam.
2203 3075 2392 3152 (haec
2427 3075 2665 3133 Iumina
2683 3117 2703 3145 ,
2731 3076 2772 3133 i.

1691 3181 1743 3220 e.
1785 3159 1945 3243 quod
1987 3181 2162 3241 supra
2201 3164 2305 3236 111,
2359 3165 2505 3226 600.
2550 3159 2774 3240 dixerat

1691 3244 1858 3322 „hoc
1931 3249 2080 3306 coeli
2148 3247 2415 3327 spirabile
2485 3248 2772 3320 lumen3“

1689 3331 1850 3414 quod
1863 3335 2001 3414 quia
2014 3335 2130 3392 late
2157 3333 2351 3392 fusum
2369 3341 2472 3406 est,
2500 3343 2772 3413 propter-

1689 3437 1756 3476 ea
1799 3429 2006 3498 poetae
2039 3419 2249 3499 plurali
2275 3419 2463 3477 solent
2489 3419 2595 3476 uti.
2645 3420 2770 3476 lam

1689 3505 1790 3585 qui
1817 3505 2054 3579 vivunt,
2096 3515 2398 3564 versantur
2420 3505 2480 3560 in
2511 3505 2768 3578 lumine3

1687 3587 1825 3649 hinc
1853 3591 1952 3663 vl,
1980 3583 2166 3654 ‘8222
2211 3591 2311 3666 „si
2337 3591 2636 3648 lumina
2664 3589 2768 3648 vi-

1686 3686 1812 3734 tae
1853 3677 2365 3754 Attig·erint.“
2421 3675 2546 3750 vn,
2586 3679 2766 3739 ⁴771.:

1688 3762 1813 3837 „ab
1855 3762 2078 3820 umbris
2119 3795 2206 3806 —·-
2251 3761 2488 3819 infernis
2533 3759 2620 3819 ad
2659 3761 2767 3818 lu-

1687 3849 1841 3904 min
1861 3867 1896 3906 a
1939 3867 1966 3905 s
1986 3867 2268 3926 urgere
2308 3847 2576 3905 vitae.“
2607 3839 2766 3904 Gon-

1685 3944 1775 3991 tra
1816 3934 1918 4014 qui
1961 3936 2114 3992 mori
2155 3933 2397 4012 cupiunt
2413 3975 2429 4006 ,
2499 3928 2764 4004 oderunt,

1685 4019 2042 4098 abrumpunt
2058 4061 2084 4089 ,
2159 4020 2494 4098 relinquunt
2565 4017 2764 4074 lumen

1685 4125 1731 4163 s.
1775 4106 2002 4178 lucem;
2063 4105 2162 4178 vl,
2205 4102 2386 4168 435:
2463 4103 2764 4178 „lucem

1683 4191 2008 4269 perosi.“
2075 4191 2173 4264 IV,
2213 4191 2394 4252 631.:
2470 4189 2762 4262 „invisam

1683 4276 2136 4354 abrumpere
2221 4273 2532 4332 lucem.“
2624 4269 2762 4330 ibid.

1681 4359 1803 4426 451
1835 4377 1997 4443 sqq.z
2054 4362 2358 4436 „Mortem
2389 4369 2550 4434 orat3
2591 4369 2662 4416 ta
2681 4378 2761 4414 e-

1679 4443 1806 4506 det
1867 4446 2072 4506 coeli
2131 4463 2474 4506 convexa
2535 4441 2756 4503 tueri.
