3009 5050
490 409 639 483 654

974 404 1057 478 P.
1110 400 1644 479 VIRGILII
1696 400 2254 478 MARONIS

487 589 957 690 Etruscique
986 587 1266 684 duces,
1322 589 1846 689 equitumque
1879 589 2262 666 exercitus
2295 591 2584 688 omnis,

493 692 906 794 Conpositi
934 717 1275 769 numero
1308 693 1391 766 in
1422 704 1740 771 turmas.

486 795 882 875 Insultans
917 799 1260 899 sonipeS‚
1318 809 1398 871 et
1428 797 1717 896 pressis
1752 808 2054 897 pugnat
2094 794 2425 872 habenis

1845 694 2149 768 Fremit
2178 717 2530 793 aequore
2560 708 2742 771 toto

2587 809 2743 880 600

488 905 665 978 Huc
698 900 1077 976 obversus
1114 913 1195 976 et
1226 899 1424 992 huc3
1478 912 1652 975 tum
1697 899 1852 975 late
1879 898 2188 976 ferreus
2219 898 2460 976 hastis

488 1009 787 1082 Horret
814 1026 1033 1104 ager,
1090 1005 1510 1106 campique
1543 1005 1778 1078 armis
1813 1002 2283 1080 sublimibus
2315 1004 2617 1083 ardent.

489 1115 657 1188 Nec
692 1132 861 1185 non
888 1115 1293 1210 Messapus
1330 1120 1642 1205 contra,
1699 1108 2166 1210 celeresque
2200 1109 2476 1206 Latini,

630 1319 732 1374 598
766 1319 1066 1388 Etr-urique
1107 1317 1191 1368 vel
1239 1319 1455 1370 Etrurii
1496 1315 1649 1368 multi
1683 1315 1824 1382 apud
1866 1315 2046 1370 Heius.
2083 1326 2137 1369 et
2169 1318 2361 1380 Bam..
2405 1315 2740 1370 librariorum
2857 1344 2864 1352 ·

490 1389 672 1456 utique
705 1388 939 1450 inscitia
974 1388 1077 1440 etti
1111 1387 1341 1440 dubitari
1376 1388 1460 1438 vix
1490 1396 1699 1455 potest,
1747 1385 1813 1436 ab
1859 1385 2016 1437 initio
2063 1391 2302 1438 Etruros
2351 1396 2408 1438 et
2453 1387 2740 1438 Etruriam

490 1461 684 1521 fnium
733 1467 789 1511 et
834 1457 1090 1525 temporis
1143 1475 1383 1510 successu
1432 1457 1654 1508 alterum
1703 1454 1758 1505 in
1803 1458 2040 1507 Etr-usos
2088 1454 2175 1507 vel
2206 1461 2476 1509 Etruscos
2523 1455 2738 1508 abiis-e.

490 1530 660 1582 Prima
695 1527 1057 1598 pronuntiatio
1096 1529 1333 1580 Tur-seni
1380 1536 1431 1578 et
1472 1527 1640 1578 Tarsi
1685 1523 1850 1578 fuisse
1880 1525 2121 1589 videtur,
2166 1523 2294 1578 inde
2331 1527 2517 1590 Trun',
2557 1526 2739 1589 Ttuai,

492 1601 747 1662 Etrusci,
801 1607 857 1649 et
906 1597 1149 1649 molliore
1200 1613 1333 1648 cono
1388 1598 1582 1660 Tusci,
1637 1597 1854 1646 Tuscia.
1937 1594 2062 1648 vid.
2097 1595 2382 1647 comment.
2413 1599 2535 1647 Soc.
2588 1595 2738 1646 Gott.

491 1669 564 1720 Τ.
599 1671 689 1732 ιιι,
732 1669 789 1719 Ρ.
826 1671 891 1730 ιι,
940 1685 995 1735 p.
1029 1667 1115 1720 38.

1255 1665 1357 1719 599
1394 1665 1697 1735 Composito
1743 1663 1943 1716 zulich.
2011 1666 2070 1717 in
2105 1665 2258 1716 abent
2303 1664 2440 1716 binis
2475 1665 2646 1716 But-m.
2683 1671 2739 1714 et

494 1737 653 1789 Goth.
693 1745 812 1787 tert.
884 1736 941 1786 in
990 1733 1184 1788 turbae
1228 1734 1368 1786 idem
1414 1744 1470 1786 et
1521 1739 1699 1804 Sprot.
1767 1735 1828 1785 in
1877 1735 2071 1785 turmis
2116 1733 2353 1788 Parthas.
2421 1735 2482 1785 in
2528 1745 2739 1784 turmas

490 1824 719 1858 numero
752 1805 857 1856 duo
894 1804 1065 1856 Burin.

1203 1805 1308 1858 600
1338 1805 1531 1870 pulsat
1563 1803 1681 1854 Ald.
1721 1803 1845 1872 (pr.)

1931 1815 2150 1874 spumat
2175 1805 2308 1856 Tan.
2337 1803 2508 1855 Faber
2555 1819 2737 1854 emen-

496 1875 610 1938 dat,
644 1891 948 1944 perperaum
998 1891 1115 1925 nam
1150 1871 1390 1956 habenis,
1404 1885 1627 1944 pugnae
1659 1881 1742 1923 est
1775 1881 1959 1924 contra
1993 1873 2222 1925 habenas
2255 1889 2460 1942 pressas
2493 1871 2735 1934 luctatur,

490 1945 640 2016 quod
676 1945 849 1994 Burm.
898 1942 1155 1995 illustrat:
1205 1952 1263 1994 ut
1310 1941 1594 2008 μαχεσθαί
1635 1957 1760 1992 τινι.

1903 1943 2002 1994 601
2052 1959 2347 2003 conversus
2377 1941 2572 1996 Medic.
2601 1940 2736 1996 oud.

490 2017 671 2080 sprot.
709 2023 765 2065 et
798 2011 951 2064 Leid.
985 2029 1101 2063 cum
1134 2012 1261 2074 Etr„
1297 2013 1437 2080 quod
1471 2011 1637 2062 minus
1671 2010 1914 2078 placere,
1958 2011 2206 2064 Heinsius
2237 2021 2434 2063 mouet.
2481 2014 2740 2075 (conver-

494 2101 594 2136 suc
625 2081 765 2135 haud
813 2080 972 2132 dubie
1008 2099 1075 2132 ex
1127 2079 1325 2132 adscita
1372 2079 1553 2132 ultima
1591 2079 1954 2147 praecedentis
2004 2081 2145 2134 vocis
2192 2080 2349 2134 litera
2395 2089 2593 2133 natum.
2673 2081 2739 2131 Et

494 2150 755 2205 obversus
782 2148 885 2218 ipsi
919 2149 999 2202 rei
1031 2150 1195 2219 magis
1230 2151 1437 2202 videtur
1472 2148 1768 2212 convenire,
1805 2159 1861 2200 ut
1893 2149 2160 2203 notionem
2197 2150 2470 2202 obnitendi
2503 2151 2592 2202 hie
2617 2167 2738 2202 suo-

492 2221 683 2274 tinens.
724 2221 873 2286 Wr.)
932 2236 1229 2272 conversus
1248 2220 1429 2272 adhuc
1457 2221 1641 2272 Franc.
1710 2219 1820 2270 iam
1852 2219 1966 2272 late
1992 2238 2076 2290 pr.
2100 2220 2287 2274 Hamb.

582 2381 729 2448 697.
773 2401 993 2438 manus
1034 2381 1332 2453 fili-ciam&
1378 2378 1453 2438 de
1467 2400 1578 2459 pe·-

494 2468 671 2529 destri
700 2470 967 2548 agmine,
1014 2465 1173 2549 quod
1204 2467 1434 2524 Aeneas
1464 2465 1578 2524 du-

495 2559 688 2629 cebat,
746 2557 976 2635 accipe,
1033 2564 1099 2611 ut
1158 2555 1459 2635 sequentia
1505 2552 1580 2611 de

496 2644 773 2724 equitatu.
817 2661 875 2699 v.
916 2660 1043 2719 sup.
1088 2638 1235 2703 449.
1276 2637 1423 2703 450.
1452 2641 1572 2704 511

493 2748 655 2811 seqq.
710 2738 769 2785 et
810 2729 945 2785 Not.
994 2725 1070 2784 ad
1098 2726 1244 2789 522.
1332 2725 1581 2782 Consta-

493 2816 595 2873 bat
638 2824 835 2873 autem
874 2814 1159 2893 equitatus
1198 2812 1457 2868 maxime
1500 2828 1578 2867 ex

492 2902 782 2961 Etruscis:
817 2918 941 2977 sup.
959 2917 1016 2956 v.
1033 2894 1177 2960 450.
1196 2896 1343 2960 517.
1366 2897 1571 2954 etNot.

495 2986 571 3045 ad
601 2986 725 3051 519
756 2996 814 3043 et
840 2982 900 3042 h.
918 2984 979 3057 l.,
1011 2985 1174 3063 isque
1202 3002 1308 3061 per
1336 3000 1571 3060 campos

494 3071 835 3131 incedebat:
910 3066 1047 3127 hinc
1102 3088 1360 3146 aequore
1424 3076 1563 3125 tolo.

495 3161 641 3221 599.
660 3175 904 3213 numero
925 3177 943 3211 .·
978 3154 1053 3212 ad
1066 3172 1381 3211 numerum
1396 3172 1570 3210 suum

494 3244 747 3299 militum
766 3286 781 3315 ,
856 3260 1002 3320 quos
1060 3258 1325 3321 quaeque
1382 3248 1576 3295 turma

492 3325 707 3385 habere
739 3326 1017 3401 debebat3
1060 3324 1217 3383 unde
1248 3326 1424 3384 etiam
1454 3345 1575 3381 nu-

494 3414 675 3487 meri,
743 3414 899 3491 ipsae
952 3410 1243 3481 cohortes,
1326 3420 1574 3469 turmae.

492 3502 626 3556 Nou
682 3496 1003 3555 audiendus
1072 3497 1325 3555 Servius.
1429 3496 1573 3559 599.

494 3587 638 3648 600.
670 3588 814 3647 601.
848 3575 1238 3662 ἔναργεστᾶτη
1269 3580 1574 3660 descriptio

496 3688 779 3750 equorum
822 3670 1257 3746 generosior-um
1301 3666 1574 3725 inceden-

492 3754 673 3812 tium:
708 3754 1025 3811 Insultans
1050 3752 1169 3812 vid.
1185 3755 1293 3813 Ge.
1308 3756 1409 3827 111,
1428 3756 1574 3816 117.

486 3850 731 3918 pugnat
773 3850 992 3919 spectat
1033 3838 1110 3897 ad
1134 3840 1576 3897 reluctationem

496 3944 810 4006 equorum,
868 3926 969 4007 qui
1009 3926 1185 3984 frenis
1229 3922 1485 3983 cohiberi
1513 3942 1576 3983 se

494 4014 594 4069 vix
622 4012 919 4091 patiuntur
946 4020 1006 4069 et
1032 4022 1389 4092 repugnant:
1434 4009 1574 4069 hino

494 4098 647 4155 Huc
674 4095 953 4155 obversus
982 4108 1038 4155 et
1069 4096 1210 4157 huc.
1294 4095 1574 4155 Prudent-

494 4182 809 4264 Psychom.
858 4181 980 4247 194
1022 4184 1174 4239 Iino
1212 4180 1363 4239 illuc
1387 4181 1574 4260 fien-

494 4270 643 4327 dena
699 4268 947 4327 obvertit
999 4280 1169 4347 terga
1220 4278 1330 4326 etc.
1428 4272 1574 4331 601.

492 4358 640 4419 602.
693 4356 997 4415 Poetioum
1064 4353 1177 4413 hoc
1234 4352 1576 4431 phantasma

494 4442 625 4498 satis
652 4452 893 4519 notum3
938 4452 995 4503 et
1036 4443 1155 4499 iam
1200 4440 1335 4499 alibi
1377 4440 1576 4497 obser·-

1661 2385 1864 2435 vatum
1884 2418 1901 2447 ,
1959 2379 2222 2436 Ennium
2256 2381 2320 2438 in
2351 2398 2422 2437 eo
2471 2397 2738 2457 praeces-

1660 2463 1796 2520 sisse
1811 2506 1828 2536 ,
1886 2465 2080 2522 Ennio
2121 2476 2316 2522 autem
2376 2466 2629 2524 Graecos
2683 2474 2738 2521 et

1659 2550 1854 2628 ipsum
1899 2553 2222 2609 Homerum
2261 2550 2424 2609 Iliad.
2468 2573 2541 2625 ν,
2593 2552 2735 2615 889.

1661 2637 1750 2691 De
1780 2633 1893 2694 hoc
1921 2638 2096 2715 igitur
2123 2639 2207 2695 nil
2222 2656 2379 2694 nunc
2407 2654 2735 2694 monemus.

1663 2719 1784 2779 Sed
1813 2721 2061 2799 ferreus
2087 2744 2235 2801 ager
2261 2721 2535 2781 audacius
2565 2724 2738 2780 etiam

1661 2826 1839 2886 quam
1867 2828 1994 2887 sup.
2023 2810 2147 2883 VH,
2179 2808 2304 2874 525
2337 2819 2594 2887 atraque
2619 2806 2737 2865 lale

1659 2892 1976 2949 Horrescit
2013 2894 2236 2951 strictis
2275 2914 2440 2973 seges
2471 2892 2726 2951 ensibus.

1659 2978 1892 3035 Scilicet
1927 3000 2076 3057 ager
2121 2979 2322 3037 horret
2357 2980 2481 3036 late
2521 2978 2734 3049 hastas,

1657 3073 1830 3143 atque
1871 3064 2008 3123 inde
2031 3066 2278 3144 jer-reue
2320 3064 2396 3123 ad
2436 3067 2628 3123 visum
2682 3074 2734 3122 et

1660 3150 1999 3227 opinionem
2013 3196 2029 3225 ,
2095 3153 2291 3209 ferreis
2351 3148 2528 3209 hastis
2585 3160 2736 3209 totus

1660 3235 1979 3294 collucens:
2027 3234 2166 3295 hinc
2193 3237 2524 3295 subiicitur:
2569 3256 2736 3294 oam-

1648 3321 1841 3398 pique
1871 3324 2060 3380 σηπία
2104 3320 2464 3381 sublimibus
2503 3322 2734 3379 ardent.

1661 3404 1822 3482 (vid.
1864 3408 1935 3465 V.
1976 3410 2046 3466 L.
2094 3408 2170 3467 ad
2207 3429 2290 3468 vs·
2335 3410 2482 3473 562.
2549 3406 2734 3485 W.)

1660 3492 1822 3562 Quae
1863 3495 1910 3551 si
1953 3492 2028 3551 ad
2069 3491 2228 3553 hunc
2267 3492 2512 3553 modum
2553 3512 2738 3570 expe-

1660 3576 1811 3651 dias,
1861 3580 2130 3659 intelligis
2147 3625 2164 3655 ,
2206 3600 2328 3638 non
2371 3581 2489 3638 sine
2517 3576 2736 3636 iudicio

1654 3674 1892 3741 poetam
1933 3664 2090 3724 hunc
2145 3684 2378 3725 versum
2417 3664 2486 3723 ab
2541 3665 2736 3723 Ennio

1659 3750 1902 3825 (Annal.
1959 3755 2006 3827 1,
2043 3774 2118 3831 p.-
2149 3756 2229 3815 38
2273 3750 2368 3811 ed.
2435 3750 2734 3828 column.)

1657 3837 1924 3895 smnsisse
1938 3882 1954 3911 ‚
2017 3840 2276 3896 Ennium
2336 3847 2532 3896 autem
2583 3836 2736 3895 male

1656 3923 1890 3981 irrisum
1932 3923 2104 3991 fuisse
2147 3924 2220 3981 ab
2262 3924 2486 3981 Lucilio
2501 3966 2518 3997 ‚
2577 3918 2736 4005 quod

1659 4006 1720 4066 h.
1751 4010 1790 4065 l.
1819 4008 2040 4067 factum
2062 4019 2255 4069 narrat
2281 4010 2540 4069 Servius.
2581 4004 2733 4067 Add.

1659 4089 1920 4155 Macrob.
1965 4096 2076 4170 VI,
2119 4093 2160 4158 4
2203 4114 2298 4173 pr.
2357 4093 2602 4165 ardent,
2630 4112 2734 4152 ex-

1661 4182 1923 4261 quisitius
1949 4200 2128 4263 quam
2155 4181 2466 4259 refulgent.
2525 4181 2624 4241 sic
2645 4190 2733 4237 ta-

1659 4286 1802 4326 men
1831 4278 1892 4325 et
1921 4268 2247 4343 αῧθεσθαι,
2303 4264 2511 4327 αἴθειν
2531 4308 2548 4341 ,
2593 4261 2732 4343 φλέ-

1657 4374 1788 4433 γειν
1819 4363 1880 4411 et
1903 4352 2034 4411 alia.

1746 4442 1892 4503 603.
1933 4434 2076 4502 604.
2133 4437 2212 4495 Ut
2257 4432 2623 4516 praedixerat
2675 4452 2729 4490 v.
