3009 5050
486 363 637 440 704
1056 295 2172 432 nxcunsnsm

948 708 1987 801 EXCURSUS
2106 709 2260 796 III

722 920 852 978 De
918 917 1429 1008 chlamyde
1501 919 1600 976 in
1653 915 1997 976 nodum
2059 914 2520 976 collecta.

658 1141 807 1208 775.
846 1145 911 1206 6.
980 1141 1072 1198 De
1111 1140 1367 1198 Arrunte
1409 1137 1681 1222 Phryge:
1755 1150 1886 1198 tum
1933 1158 2204 1196 croceam
2249 1137 2744 1219 chlamydemque

488 1231 775 1308 saumque
826 1235 1135 1304 crepantes
1204 1223 1530 1284 carbaseos
1563 1225 1755 1305 ficlvo
1816 1226 1886 1282 in
1926 1225 2154 1284 nodum
2205 1224 2530 1305 collegerat
2570 1245 2742 1285 am.

487 1317 667 1376 Plura
696 1324 860 1387 sunt,
906 1331 1057 1395 quae
1086 1310 1507 1371 dubitationem
1535 1313 1725 1370 facere
1753 1313 1990 1392 possint.
2075 1313 2276 1369 Primo
2289 1355 2306 1386 ‚
2365 1315 2554 1370 sintne
2583 1310 2743 1370 idem

490 1401 765 1478 chlamys
790 1401 1103 1477 sinusque,
1146 1417 1219 1455 an
1263 1399 1378 1456 sint
1402 1396 1662 1456 diversa:
1707 1400 1755 1456 si
1795 1396 2018 1456 diversa
2043 1407 2178 1456 sunt
2195 1441 2212 1471 ,
2255 1398 2426 1456 simas
2453 1408 2588 1456 sunt
2612 1399 2743 1478 pal-

488 1488 615 1562 lae,
660 1487 757 1546 cui
784 1481 1159 1566 superinduta
1190 1481 1451 1566 chlamys
1476 1483 1622 1560 fuit3
1666 1494 1796 1541 tum
1823 1484 1994 1541 sinus
2021 1485 2253 1563 proprie
2281 1485 2343 1540 in
2372 1485 2528 1563 palla
2559 1483 2742 1544 dictus

492 1584 613 1646 est,
670 1582 727 1630 et
767 1569 961 1628 nodus
1006 1589 1127 1628 esse
1166 1579 1356 1650 potest
1396 1571 1730 1650 cingulum,
1775 1589 1879 1627 seu
1907 1569 2128 1627 balteus
2159 1579 2364 1627 aureus
2381 1615 2398 1646 ,
2443 1589 2562 1650 quo
2589 1571 2742 1650 palla

490 1658 873 1736 colligebatur
888 1701 903 1731 ‚
968 1667 1035 1714 ut
1060 1657 1160 1714 ilia
1190 1657 1465 1730 ambiret3
1531 1659 1617 1714 uti
1655 1675 1830 1735 supra
1873 1654 2094 1714 dictum
2136 1657 2334 1734 accepi
2377 1655 2638 1715 nodum:
2693 1659 2738 1730 1,

492 1746 619 1808 320
662 1741 935 1820 nodoque
962 1743 1131 1799 sinus
1166 1740 1418 1799 collecta
1430 1741 1702 1818 fluentes
1723 1764 1742 1798 .-
1791 1742 1892 1799 ubi
1919 1762 1977 1799 v.
2006 1743 2238 1799 Notum.
2266 1739 2426 1799 idem
2458 1740 2617 1824 quod
2641 1743 2738 1816 lv,

496 1830 620 1892 139
662 1847 853 1884 aurea
880 1847 1263 1904 purpuream
1302 1826 1598 1885 subnectit
1621 1825 1836 1902 fibula
1885 1836 2106 1884 vestem
2122 1849 2141 1883 .·
2209 1829 2382 1885 etiam
2427 1830 2492 1885 in
2533 1829 2739 1888 balteo.

494 1914 713 1994 Sicque
758 1913 975 1971 Statius
1018 1910 1211 1971 Theb.
1249 1913 1347 1986 IV,
1388 1917 1518 1978 266
1560 1913 2010 1991 undantemque
2045 1914 2246 1970 sinum
2285 1911 2463 1972 nodis
2507 1915 2742 1994 irrugat

495 1997 687 2058 Iberis
702 2019 723 2056 .-
780 2007 1005 2056 vestem
1046 1998 1266 2075 colligit
1294 2009 1351 2055 et
1395 1995 1700 2076 adstringit
1727 1997 1922 2056 balteo
1951 2017 2264 2078 purpureo.
2350 1998 2653 2060 Claudiau.
2677 2002 2740 2058 in

491 2083 671 2146 Proh.
702 2094 760 2142 et
789 2083 958 2162 Olyb.
990 2082 1121 2142 Cos.
1149 2084 1197 2158 1,
1224 2085 1309 2146 89
1350 2082 1584 2155 nodus,
1630 2085 1740 2164 qui
1765 2081 2044 2166 sublevat
2079 2103 2303 2157 enam,
2343 2083 2589 2144 Album
2616 2106 2742 2164 pu·-

492 2171 659 2228 m'ceo
679 2178 895 2247 pectus
928 2167 1305 2226 discriminat
1334 2179 1511 2228 osv-o.

662 2342 791 2399 Iam
834 2350 1032 2400 autem
1074 2338 1135 2398 h.
1178 2339 1220 2400 l.
1260 2340 1511 2418 legimus
1527 2384 1544 2414 ,
1589 2343 1908 2400 Arruntem
1935 2337 2428 2422 chlamdemqtie
2461 2343 2744 2422 sinusque

492 2429 561 2486 in
604 2427 831 2486 nodum
874 2425 1183 2505 collegisse
1193 2449 1221 2501 ,-
1286 2425 1550 2508 adeoque
1591 2430 1822 2509 utrique
1847 2427 2008 2486 idem
2035 2429 2306 2488 tribuitur
2321 2473 2338 2502 ,
2379 2439 2448 2487 ut
2475 2427 2746 2506 chlanays

492 2532 617 2574 non
644 2517 839 2573 minus
870 2534 1049 2596 quam
1073 2513 1224 2594 palla
1266 2510 1460 2571 balteo
1500 2513 1677 2573 fuerit
1717 2513 2004 2574 adstricta.
2087 2516 2270 2596 Atqui
2315 2513 2588 2595 chlamys
2625 2535 2746 2574 non

495 2598 691 2659 balteo
736 2600 1176 2679 coflstringitur,
1230 2598 1332 2658 sed
1358 2598 1606 2674 fibula.-
1664 2599 1728 2660 id
1771 2599 1934 2682 quod
1972 2620 2005 2658 e
2041 2603 2427 2660 marmoribus
2457 2598 2516 2660 et
2543 2612 2746 2680 poeta-

492 2706 629 2745 rum
668 2688 811 2747 locis
839 2688 973 2745 satis
1016 2695 1259 2745 constat.
1344 2688 1568 2745 Notum
1611 2696 1696 2745 est
1735 2687 1832 2745 vel
1867 2707 1944 2745 ex
1973 2684 2118 2745 eod.
2147 2688 2254 2763 xl,
2288 2694 2387 2763 11,
2423 2694 2455 2751 1
2509 2686 2748 2746 mulis

495 2792 733 2853 quoque
772 2774 841 2829 in
880 2770 1302 2849 chlamydibus
1336 2771 1435 2830 his
1474 2782 1756 2847 utantur,
1816 2792 1973 2851 quae
1997 2770 2123 2831 solo
2159 2793 2311 2831 ‹zm-o
2345 2784 2404 2829 et
2437 2782 2568 2831 arte
2597 2792 2747 2851 pre-

496 2861 681 2917 tiosae
719 2868 885 2916 sunt.
974 2860 1173 2916 Restat
1213 2860 1409 2939 itaque
1428 2903 1445 2933 ,
1500 2868 1568 2915 ut
1608 2856 1683 2917 de
1710 2856 1844 2916 sola
1880 2858 2197 2935 chlamyde
2223 2869 2459 2937 poetam
2487 2878 2661 2939 agere
2689 2870 2746 2918 et

494 2942 793 3025 chlamydi
832 2946 1145 3024 improprie
1188 2944 1362 3001 sinus
1408 2945 1586 3002 tribui
1615 2943 1874 3003 dicamus
1891 2990 1908 3018 ‚
1953 2955 2012 3002 et
2038 2941 2146 3001 hos
2173 2947 2331 3003 sinus
2361 2943 2437 3004 de
2464 2947 2746 3024 plicarum

490 3030 731 3092 sinubus
760 3032 1144 3109 accipiamus3
1174 3026 1452 3088 hactenus
1482 3030 1642 3087 enim
1669 3028 1930 3111 chlamys
1959 3030 2110 3089 bene
2134 3032 2368 3089 sinuosa
2397 3030 2512 3090 dici
2537 3041 2744 3111 potest.

491 3114 855 3175 Manendum
894 3117 1093 3197 itaque
1134 3116 1198 3173 in
1228 3134 1332 3190 eo,
1389 3113 1550 3197 quod
1593 3117 1656 3173 in
1681 3125 1818 3174 nota
1847 3118 2048 3195 posui:
2135 3114 2552 3198 „chlamydem
2593 3138 2628 3177 e
2653 3127 2746 3177 te·

492 3204 600 3260 nui
640 3203 819 3261 linteo
836 3246 853 3279 ,
905 3220 1111 3261 croceo
1152 3201 1345 3261 colore
1362 3247 1379 3278 ‚
1440 3202 1863 3261 constrinxerat
1903 3203 2128 3263 Arruns
2169 3205 2234 3261 in
2276 3200 2524 3264 humero
2570 3203 2746 3263 fibula

494 3290 731 3350 wea·“

667 3444 961 3501 Hactenus
1002 3462 1079 3501 ex
1121 3442 1311 3502 verbis
1359 3452 1441 3501 est
1484 3440 1860 3523 disputatum.
1944 3446 2130 3527 Atqui
2157 3465 2292 3503 cum
2321 3443 2512 3504 verbis
2540 3443 2744 3523 explo—

494 3526 678 3586 randa
719 3538 842 3586 erat
882 3529 1007 3608 ipsa
1053 3548 1163 3587 res.
1248 3530 1564 3587 Versamur
1605 3530 1820 3589 scilicet
1849 3530 1916 3587 in
1947 3532 2190 3589 anzictu.
2211 3528 2484 3609 Pluygto
2499 3551 2526 3601 ;
2572 3540 2744 3611 atque

493 3610 592 3671 hic
640 3611 764 3671 erat
804 3616 993 3693 primo
1036 3614 1167 3672 loco
1214 3613 1623 3675 consulendus.
1709 3618 1931 3674 Extant
1967 3628 2168 3677 antem
2211 3618 2331 3676 eius
2375 3616 2645 3694 exempla
2683 3616 2744 3672 in

457 3700 472 3716 ⁰
492 3698 713 3778 priscae
742 3701 877 3758 artis
906 3701 1193 3779 operibus.
1277 3702 1484 3760 Nobile
1531 3712 1617 3760 est
1654 3703 1908 3781 signum,
1953 3704 2097 3761 olim
2140 3704 2203 3761 in
2230 3703 2456 3761 Palatio
2485 3702 2744 3780 Altemps

493 3796 789 3843 servatmn
806 3830 822 3860 ,
879 3798 1076 3866 postea
1116 3790 1181 3845 in
1222 3788 1492 3847 Museum
1535 3788 2112 3848 Pio—clementinum
2152 3790 2492 3857 translatum
2523 3786 2744 3865 (Tom-

494 3870 573 3943 11,
602 3880 647 3927 t.
680 3874 785 3937 87.
830 3880 889 3930 et
934 3884 1106 3931 antea
1146 3875 1209 3932 in
1254 3872 1557 3937 Raccolta
1581 3885 1628 3932 t.
1674 3874 1968 3953 CXXIV),
2011 3871 2172 3958 quod
2200 3876 2378 3953 vulgo
2401 3871 2625 3932 Paridis
2653 3892 2746 3931 se-

493 3952 694 4015 dentis*
726 3954 946 4017 oditur:
1006 3960 1231 4039 potiore
1274 3960 1480 4019 saltem
1524 3962 1651 4019 iure
1692 3980 1870 4043 quam
1914 3971 2001 4019 tot
2039 3962 2151 4019 alia
2191 3958 2422 4020 nudum
2474 3956 2746 4018 Paridem

495 4062 637 4104 cum
677 4062 856 4124 pomo
895 4044 961 4101 in
1003 4064 1187 4105 manu
1232 4046 1445 4103 referre
1491 4045 1728 4105 credita.
1815 4048 1896 4105 Ut
1938 4048 2170 4105 braccas
2217 4056 2274 4104 et
2300 4048 2527 4126 pileum
2552 4042 2748 4125 Phry-

494 4130 662 4209 gium
710 4132 979 4189 omittam
996 4175 1013 4205 ,
1070 4128 1309 4189 indutus
1348 4132 1450 4217 ille
1478 4142 1562 4190 est
1597 4134 1795 4191 tunica
1840 4132 2083 4215 duplici,
2137 4130 2412 4209 inteflore
2438 4132 2742 4205 manicata,

416 4237 425 4246 ·
495 4214 676 4274 altera
716 4218 1001 4280 extoeiore
1048 4218 1103 4275 ei
1130 4214 1355 4275 ‘iniecta
1370 4263 1386 4289 ‚
1430 4228 1490 4275 et
1519 4218 1711 4277 balteo
1751 4238 1926 4299 supra
1951 4218 2175 4277 femora
2205 4216 2504 4293 adstricta3
2547 4236 2746 4297 super-

493 4300 735 4363 inducta
778 4304 833 4362 ei
878 4301 1189 4385 chlamyde
1230 4304 1426 4383 ampla
1466 4322 1501 4361 a
1544 4314 1710 4383 tergo
1756 4301 2079 4379 defluente3
2137 4295 2376 4384 apparet
2413 4304 2478 4361 in
2505 4301 2744 4361 humero

496 4386 705 4449 dextro
752 4388 931 4449 fibula
944 4434 961 4467 ,
1017 4409 1132 4473 qua
1178 4387 1551 4480 chlmydem
1590 4400 1895 4473 tamquam
1931 4390 2166 4452 vinculo
2207 4391 2396 4449 teneri
2421 4388 2592 4448 facile
2621 4388 2743 4447 exi-
