3009 5050
724 447 1339 526 AENEIDos
1390 449 1603 526 ΜΒ.
1656 453 1746 547 X,
1802 459 2230 531 565—581
2451 464 2598 534 519

704 595 725 630 Ι

361 634 883 734 Quadriiuges
929 636 1011 711 in
1056 658 1307 735 equos
1352 633 1834 736 adversaque
1864 651 2184 737 pectora
2215 639 2490 723 tendit.

357 743 618 840 Atque
650 737 799 835 illi,
854 739 1093 838 longe
1123 739 1620 838 gradientem
1675 752 1756 814 et
1788 738 1954 837 dira
1983 741 2468 824 frementem

357 846 463 920 Ut
492 841 763 919 videre
784 901 807 938 ,
852 855 1080 919 metu
1102 842 1309 918 versi
1338 856 1719 943 retroque
1756 859 2079 920 ruentes

353 943 969 1046 Effunduntque
1000 945 1293 1025 ducem
1311 1005 1332 1041 ,
1382 945 1860 1046 rapiuntque
1895 947 1998 1027 ad
2029 947 2260 1026 litora
2301 975 2592 1030 currus.

351 1053 667 1126 Interea
694 1049 975 1146 biiugis
1001 1048 1245 1126 infert
1268 1074 1353 1125 se
1381 1052 1734 1147 Lucagus
1769 1049 1961 1125 albis
2443 1065 2592 1132 575

354 1156 449 1228 In
484 1152 835 1250 medios»,
888 1153 1297 1254 fraterque
1324 1153 1598 1250 Liger3
1651 1150 1796 1228 sed
1838 1151 2086 1228 frater‘
2121 1152 2453 1232 habenis

354 1254 633 1332 Flectit
674 1280 960 1355 equos:
1012 1258 1371 1333 strictum
1400 1268 1611 1334 rotat
1641 1280 1826 1331 acer
1865 1259 2218 1352 Lucagus
2250 1282 2542 1336 ensem.

350 1359 585 1436 Haud
614 1359 797 1438 tulit
820 1366 1129 1436 Aeneas
1161 1373 1382 1436 tanto
1408 1357 1730 1435 fervore
1769 1357 2161 1436 furentes=

348 1463 637 1558 Inruit,
692 1461 1178 1566 adversaque
1210 1464 1485 1562 ingens
1519 1461 1880 1564 adparuit
1920 1461 2159 1538 hasta.

354 1566 501 1642 Cui
556 1565 825 1663 Liger:
2443 1574 2594 1644 580

348 1673 530 1744 Non
563 1668 981 1746 Diomedis
1014 1691 1305 1770 equos»,
1357 1693 1510 1744 nec
1561 1691 1880 1743 currum
1907 1666 2162 1743 cernis
2188 1663 2491 1764 Achilli,

454 1816 626 1886 581.
682 1827 986 1882 cunnus
1025 1857 1047 1871 -

486 1996 589 2052 571
629 1995 1001 2066 Quadriiugos
1034 1993 1238 2066 aliquot
1270 1993 1404 2050 Pier.
1440 1995 1606 2048 Goth.
1643 2005 1768 2050 tert.
1804 2003 1861 2048 et
1883 1995 1982 2052 Ed.
2016 2014 2096 2066 pr.
2131 1999 2301 2050 Bam.
2355 1995 2596 2064 Quadri-

306 2065 315 2074 “
342 2067 491 2138 iugis
522 2065 719 2118 Medic.
758 2075 814 2116 et
845 2063 958 2116 bini
994 2065 1263 2118 Burmann.
1300 2064 1491 2131 iidem,
1533 2065 1629 2118 sed
1660 2065 1853 2118 Medic.
1889 2076 1946 2119 et
1977 2067 2184 2135 Menag.
2219 2084 2299 2132 pr.
2334 2084 2367 2118 a
2397 2085 2465 2119 m.
2497 2085 2597 2136 pn,

344 2153 539 2218 equos..
646 2135 753 2190 572
802 2135 957 2186 illum
992 2135 1201 2203 Menag.
1243 2151 1325 2202 pr.
1393 2148 1449 2186 ee
1482 2135 1630 2186 dura
1665 2135 1884 2188 Dorvill.
1960 2136 2062 2203 (ao
2094 2136 2148 2188 d.
2201 2135 2393 2188 Medic.
2446 2153 2477 2187 a
2527 2154 2597 2188 m.

342 2223 457 2328 ἕ74ὅ
482 2203 1099 2326 ἱννιιᾶὶὶεἳᾶνῖοξέζχᾼῖἆ.
1118 2206 1215 2342 2ρ1τ..
1247 2205 1503 2324 ,Ξῖῆεἶὶἰεο
1532 2203 1662 2326 Ξζῗο
1671 2207 2194 2327 rf‘tizpquguguffiffin
2206 2205 2380 2343 Bilgtgt..
2407 2205 2596 2342 Ieltmss:

340 2343 532 2394 Hamb.
569 2342 731 2407 (adde
765 2339 817 2394 4.
853 2342 905 2395 9.
945 2345 1092 2408 Wr.)
1160 2344 1223 2394 in
1257 2341 1450 2392 littora
1483 2341 1645 2394 Goth.
1695 2352 1854 2404 tert.;
1907 2352 1964 2393 et
1995 2353 2176 2412 potest
2209 2343 2432 2396 alterum
2466 2344 2596 2395 illud

341 2425 442 2478 pro
480 2409 917 2479 interpretatione
948 2427 1063 2463 esse
1092 2410 1335 2472 alterius;
1370 2418 1481 2461 tum
1506 2429 1726 2462 currum
1754 2409 1942 2478 optimi
1968 2410 2178 2480 quique,
2210 2412 2380 2482 inquit
2405 2415 2594 2478 Burin„

342 2476 523 2548 sicque
559 2481 707 2532 Rom.
746 2487 802 2531 et
836 2477 967 2530 alius
1000 2479 1170 2533 vatic.
1222 2496 1336 2531 cum
1372 2478 1533 2531 Goth.
1583 2495 1707 2541 sec„
1759 2480 2085 2533 sed'currus
2117 2481 2280 2551 magia
2314 2485 2595 2551 poeticum.

344 2550 587 2615 (out-tuin
618 2546 822 2615 recepit
854 2548 1082 2599 latinius.
1150 2547 1359 2601 Vellem
1382 2547 1669 2599 indicasset
1700 2551 2035 2611 Burmannus,
2071 2549 2158 2617 qui
2193 2550 2298 2602 sint
2333 2551 2412 2603 illi
2447 2551 2595 2620 opti-

342 2616 855 2753 {immitit
886 2614 1217 2747 ἰῖωΜῗίοῧο
1249 2616 1395 2737 {5¹1²ss
1424 2616 1648 2749 Faff⁸i³1⁵2¹'
1682 2627 2124 2751 ffi?3⁸⁸.⁰¹221⁸²i
2166 2620 2595 2743 ἓέῗῗαῗῗιῗίἶῖ

286 2754 291 2761 ’
340 2753 480 2807 Pier.
586 2756 687 2810 675
722 2718 995 2825 Lug’ogus
1026 2754 1148 2806 Exc.
1184 2754 1355 2805 Burm.
1398 2722 1483 2817 ⁹(et
1518 2754 1593 2805 sic
1627 2753 1713 2805 hic
1749 2752 1957 2823 quidem
1991 2754 2202 2821 Medic„
2248 2757 2344 2809 sed
2377 2757 2431 2809 in
2467 2707 2595 2828 qsqq.

339 2828 622 2895 Lucagus.
662 2824 809 2890 Wt.)
878 2824 1121 2893 Lioagus
1154 2822 1315 2875 Goth.
1352 2840 1457 2875 sec.
1494 2833 1550 2874 et
1581 2840 1722 2874 mox.
1857 2820 1962 2877 576
1989 2824 2058 2873 In
2087 2825 2404 2895 mediosque
2428 2828 2598 2893 Liger

328 2892 524 2965 stater
559 2894 719 2945 Goth.
757 2902 883 2945 tert.
1021 2889 1124 2947 578
1145 2890 1410 2963 fruentes
1443 2890 1582 2944 alter
1617 2891 1802 2945 Hamb.
1873 2906 2099 2945 ruentes
2130 2892 2373 2946 Perrhae.
2405 2905 2460 2946 et
2485 2895 2593 2947 Erf.

338 2964 623 3085 ⁴(isar-emis
655 2961 849 3029 Medic.
889 2962 975 3015 W
968 2960 1035 3027 r.)
1174 2960 1277 3016 579
1323 2962 1513 3013 Dio-uit
1545 2962 1642 3013 Ed.
1690 2978 1773 3031 pr.
1811 2960 1981 3013 Burm.
2133 2961 2239 3015 580
2274 2964 2374 3013 Cui
2413 2966 2480 3014 I..
2516 2965 2596 3015 ait

379 3048 447 3084 uo
486 3032 657 3083 Burm.
730 3034 829 3085 cai
862 3044 977 3085 tum
1020 3032 1191 3100 Liger
1226 3032 1307 3082 ait
1338 3030 1436 3083 Ed.
1468 3032 1604 3085 Ven.
1674 3037 1745 3083 At
1779 3029 1836 3081 in
1869 3028 1988 3083 Ald.
2022 3040 2143 3085 tert.
2180 3041 2236 3083 et
2269 3031 2393 3084 hinc
2426 3030 2595 3085 ducti·

340 3100 537 3155 excidit
569 3110 737 3154 totum
772 3101 893 3153 hoc.
962 3103 1021 3151 ln
1070 3100 1254 3151 eadem
1302 3110 1355 3153 et
1396 3110 1519 3153 cett.
1566 3098 1667 3155 581
1717 3118 1830 3153 non
1882 3118 2104 3151 currum
2152 3102 2331 3154 cernis
2361 3100 2595 3155 Achillis

334 3170 553 3238 legitur.
623 3188 723 3221 nec
750 3189 794 3222 c.
824 3170 1005 3221 Heius.
1041 3186 1155 3221 cum
1189 3176 1345 3237 parte
1381 3168 1537 3221 codd.
1585 3178 1639 3221 et
1687 3168 1808 3223 odd.
1877 3168 1985 3221 Alii
2020 3186 2132 3221 non
2169 3188 2244 3233 ας
2315 3180 2426 3222 tum
2460 3188 2592 3223 cur-

340 3258 462 3293 rum
498 3255 677 3291 omnes
698 3240 879 3291 Heius.
906 3257 1021 3292 cum
1045 3238 1236 3290 Medio.
1274 3248 1326 3289 et
1360 3237 1565 3307 aliquot
1597 3238 1755 3303 Pien,
1791 3242 1912 3290 item
1947 3237 2084 3291 binis
2108 3239 2270 3292 Goth.
2305 3257 2355 3293 V.
2383 3240 2480 3303 IX,
2509 3240 2590 3295 12.

336 3310 489 3377 (Non
522 3308 648 3359 satis
684 3318 924 3362 accurate
940 3307 1189 3377 Heynius.
1230 3306 1486 3370 „Codices
1515 3308 1684 3361 nostri
1714 3324 1893 3360 omnes
1913 3325 2027 3359 cum
2060 3306 2301 3361 mediceo
2329 3326 2430 3361 neo
2457 3328 2593 3361 car-

338 3396 493 3443 rum,
539 3377 649 3429 vel
700 3396 806 3431 neo
858 3381 1107 3431 cauus?
1178 3378 1323 3429 Haec
1365 3376 1548 3429 Heius.
1615 3378 1684 3429 Et
1717 3376 1900 3443 recepi
1945 3394 2194 3445 currum,
2241 3378 2381 3448 qaod
2421 3388 2505 3431 eat
2535 3378 2592 3431 in

336 3548 450 3595 etc.
506 3536 675 3596 Serv.
760 3514 987 3597 Locum
1038 3538 1187 3597 bene
1229 3547 1421 3595 tram-
1502 3536 1644 3595 stitit
1685 3536 1904 3595 intenta
1943 3554 2081 3595 cum
2120 3532 2319 3594 hasta:
2360 3533 2462 3595 sed
2491 3554 2590 3595 or-

336 3624 470 3680 tulit
498 3621 574 3680 ad
602 3620 880 3703 Tydeum
908 3624 1124 3682 Statius
1149 3625 1205 3680 11
1225 3620 1419 3682 Theb.
1502 3624 1713 3679 natius.
1801 3618 1945 3684 581.
1974 3621 2324 3700 Congressus
2354 3620 2590 3703 quidem

340 3707 467 3772 595
500 3727 589 3788 sq.
1082 3734 1095 3747 κ
1408 3732 1414 3739 ·
1506 3717 1594 3765 est
1621 3708 1851 3765 Aeneas
1881 3724 2018 3765 cum
2043 3705 2330 3765 Diomede
2355 3706 2520 3766 Iliad.
2540 3728 2588 3781 ε,

428 3792 574 3857 572.
616 3792 795 3870 longe
826 3790 1237 3870 gradientem3
1288 3792 1423 3850 lon-
1507 3795 1654 3856 217.
1683 3796 1766 3857 27
1769 3791 1810 3857 5
1838 3810 1999 3873 seqq.
2017 3836 2035 3866 ,
2081 3802 2138 3851 et
2178 3812 2326 3859 cum,
2363 3791 2588 3853 Achille

338 3877 429 3955 gis
468 3875 739 3953 gradibus
782 3876 1181 3951 incedentem3
1238 3896 1358 3935 non
1390 3898 1423 3934 e
1504 3875 1672 3935 Iliad.
1701 3900 1773 3951 v,
1805 3880 1890 3939 79
1917 3896 2081 3959 seqq.
2167 3878 2290 3937 Sed
2329 3880 2588 3937 neutrius

339 3963 697 4043 longinquo:
729 3958 930 4044 μακρὰ
961 3962 1247 4043 βιβῶντα.
1291 3964 1424 4019 Ma·
1506 3980 1740 4043 pugnae
1793 3962 1980 4023 exitus
2019 3964 2070 4021 is
2107 3962 2219 4021 fuit
2232 4006 2250 4038 ,
2291 3973 2360 4022 ut
2415 3974 2586 4044 poeta

426 4050 439 4062 '
486 4066 623 4105 cum
662 4066 801 4105 vero
848 4058 904 4105 et
944 4046 1059 4106 hoc
1108 4046 1183 4106 de
1224 4050 1426 4105 Aenea
1511 4068 1650 4106 eum
1689 4046 1786 4105 hie
1825 4050 2140 4128 respexisse
2181 4046 2364 4107 videri
2389 4050 2585 4129 possit.

340 4143 400 4191 et
426 4152 571 4193 mox
605 4153 664 4192 v.
694 4130 818 4197 579
862 4134 1076 4213 ingena
1109 4134 1421 4210 apparuit.
1509 4136 1714 4215 Itaque
1744 4132 1931 4192 cerda
1971 4144 2056 4193 est
2095 4132 2414 4192 audiendus
2428 4178 2444 4207 ‚
2487 4133 2587 4212 qui

316 4217 425 4283 *57
427 4218 468 4284 5
498 4238 627 4299 sqq.
672 4218 1021 4297 Comparare
1050 4219 1237 4279 solent
1260 4218 1424 4277 Iliad.
1510 4220 1856 4279 sententiam
1885 4238 1956 4277 eo
1983 4220 2180 4278 retulit
2194 4262 2212 4294 ,
2253 4228 2322 4276 ut
2348 4218 2586 4276 omnino

336 4308 395 4378 λ,
430 4307 546 4369 101
584 4322 749 4384 seqq.
780 4316 879 4363 aut
913 4308 1035 4369 122
1060 4322 1257 4385 seqq„
1322 4304 1426 4362 ubi
1511 4306 1748 4364 Latinos
1788 4305 2074 4385 praeferat
2114 4301 2350 4362 Achivis
2392 4303 2584 4378 Liger,

340 4388 465 4449 duo
490 4390 693 4449 stau-ea
721 4388 913 4448 eidem
934 4392 1131 4449 currui
1140 4392 1425 4448 insistunt.
1509 4392 1744 4449 Latium
1799 4388 2054 4464 Troadir,
2133 4406 2254 4447 esse
2300 4388 2410 4466 ipsi
2459 4403 2588 4443 rem

338 4476 488 4542 579.
542 4475 735 4555 simpl.
785 4476 1015 4555 accipe:
1078 4475 1241 4537 venit
1256 4520 1274 4551 ‚
1320 4472 1427 4535 ad-
1515 4496 1672 4537 nunc
1701 4492 1836 4533 cum
1863 4473 2190 4533 fortioribus
2229 4472 2364 4531 viris
2381 4516 2397 4546 ,
2441 4490 2586 4553 quos
