3009 5050
538 393 688 469 448

992 388 1103 464 P.
1153 386 1680 466 VIRGILII
1731 383 2288 464 MARONIS

538 578 743 649 Tros
766 572 1206 652 Rutulusve
1235 570 1442 669 fuat,
1496 571 1722 650 nullo
1759 572 2210 650 discrimine
2239 569 2608 652 habebo:

538 679 701 752 Seu
726 675 903 752 fatis
930 676 1219 753 Italum
1251 689 1497 754 castra
1528 674 1950 752 obsidione
1979 688 2379 773 tenentur,

538 780 719 856 Sive
747 803 1019 856 errore
1047 779 1259 856 malo
1291 779 1579 856 Troiae
1607 780 2094 880 monitisque
2146 779 2488 857 sinistris,

1464 885 1622 960 Sua
1669 884 1954 984 cuique
1989 905 2260 959 exorsa
2295 882 2674 958 laborem

534 887 702 962 Nec
733 883 1071 963 Rutulos
1114 882 1357 962 solvo.

672 1057 773 1110 108
804 1057 1121 1109 Rutulusne
1156 1055 1357 1127 aliquot
1396 1056 1535 1109 Pier.
1589 1073 1726 1108 cum'
1749 1057 1928 1117 Rom.;

2645 788 2782 858 110

1993 1063 2103 1106 tum
2145 1054 2336 1108 Medic.
2377 1063 2433 1107 et
2473 1073 2508 1106 ι
2551 1074 2630 1108 ιιι.
2677 1073 2778 1106 sec.

532 1133 658 1178 tert.
688 1125 940 1178 Rottend.
976 1125 1105 1195 (vid.
1134 1127 1200 1189 Q.
1224 1127 1294 1178 V.
1320 1125 1584 1190 xxxvl,
1621 1127 1670 1180 1.
1711 1127 1858 1194 Wr.)
1929 1125 2052 1176 luae
2093 1123 2310 1176 Mentel.
2344 1141 2426 1193 pr.
2453 1133 2510 1177 et
2539 1125 2779 1178 Parthas.

533 1208 665 1247 ruat
700 1195 954 1247 Montalb.
994 1213 1106 1246 cum
1135 1195 1300 1246 Goth.
1334 1205 1453 1246 tert.
1509 1195 1626 1262 fiat
1651 1194 1839 1246 Medic.
1869 1203 1923 1246 et
1971 1193 2170 1246 zulich.
2197 1212 2228 1246 a
2247 1211 2318 1246 m.
2345 1211 2427 1262 pr.
2495 1195 2614 1246 Sed
2651 1195 2772 1246 satis

530 1273 739 1316 constat
774 1266 915 1334 fuae
952 1282 1067 1317 esse
1104 1281 1311 1324 verum,
1351 1280 1414 1314 ex
1443 1263 1658 1332 antiquo
1688 1261 1830 1332 suo,
1852 1261 2049 1332 suere,
2085 1262 2224 1314 unde
2263 1264 2455 1314 mansit
2483 1263 2608 1332 sui.
2679 1265 2778 1314 lta-

530 1331 653 1385 beeo
692 1334 847 1384 Voss.
891 1351 995 1386 sec.
1042 1343 1097 1384 et
1130 1350 1234 1385 sec.
1272 1333 1473 1398 flumin,
1533 1333 1671 1384 unde
1715 1331 1894 1385 Heius.
1942 1331 2079 1384 coni.
2119 1330 2364 1384 habetor.
2433 1333 2594 1386 Conf.
2635 1331 2775 1384 nind.

527 1402 593 1468 s,
628 1403 748 1456 430.
779 1401 899 1456 431.

528 1480 654 1523 tert.
758 1473 856 1525 111
899 1472 1054 1523 salvo
1081 1470 1283 1522 zulich.
1316 1487 1415 1538 pro
1452 1489 1561 1522 var.
1597 1471 1739 1534 lect„
1789 1470 1967 1538 sicque
2009 1470 2176 1522 Goth.
2204 1479 2327 1522 tert.

1040 1403 1140 1456 110
1175 1404 1346 1454 Troes
1369 1403 1572 1469 Hagen.
1605 1420 1637 1454 a
1659 1419 1728 1455 ιιι.
1758 1419 1862 1454 sec.
1931 1401 2215 1453 monitisve
2249 1401 2418 1469 Bigot.
2465 1420 2590 1453 cum
2619 1401 2773 1454 Goth.

2433 1473 2634 1541 uisque
2661 1472 2772 1522 He-

527 1541 631 1592 dic.
672 1557 705 1592 a
744 1557 814 1591 m.
854 1557 937 1608 pr.
1017 1540 1377 1610 Interpunctio
1418 1540 1572 1592 etiam
1622 1541 1699 1594 sic
1741 1539 1942 1592 institui
1992 1548 2197 1608 potest:
2267 1537 2406 1592 habe
2441 1559 2489 1593 0.
2569 1545 2686 1593 Seu
2713 1568 2770 1578 -

531 1699 683 1761 quae
710 1680 828 1738 fata
853 1680 1059 1738 ferent.
1117 1682 1317 1751 Haec,
1346 1681 1606 1757 arbitror,

527 1767 813 1824 sententia
824 1767 1013 1824 verbis
1030 1767 1285 1825 subiecta
1312 1777 1415 1825 est.
1462 1771 1606 1831 107.

530 1854 672 1914 108.
697 1871 883 1930 quam
900 1853 1177 1930 quisque,
1216 1853 1361 1909 Tros
1394 1852 1606 1909 Rutu-

426 1935 439 1952 “
526 1934 697 1992 lusve
716 1935 924 2014 fuerit
934 1977 961 2007 ,
1004 1957 1171 2014 spem
1214 1946 1395 1993 secat.
1478 1938 1602 1996 Ob·-

522 2039 689 2079 scura
719 2032 778 2080 et
804 2022 1080 2100 ambigua
1122 2032 1208 2079 est
1232 2023 1393 2080 notio
1421 2041 1601 2081 voca-

524 2107 647 2164 buli
670 2117 833 2164 secat
846 2128 865 2163 .·
911 2127 968 2165 v.
1009 2109 1143 2166 Var.
1170 2109 1366 2182 Lect.;
1410 2118 1600 2187 potest

521 2202 817 2271 praeterea
857 2195 1139 2250 sententia
1173 2191 1393 2272 duplici
1418 2192 1599 2253 modo

520 2278 789 2335 constitui
805 2322 821 2352 ,
864 2288 965 2336 aut
1007 2288 1074 2336 ut
1116 2280 1189 2336 sit
1238 2279 1608 2358 explicativg

517 2371 587 2420 ut
626 2373 941 2444 utrumque
980 2359 1409 2422 hemistichium
1451 2384 1600 2422 eun-

524 2447 662 2507 dem
700 2469 935 2508 sensum
973 2446 1223 2509 habeat:
1272 2469 1428 2530 quae
1464 2453 1598 2508 cui-

518 2554 635 2613 que
668 2546 755 2592 est
763 2534 1031 2613 Jbrtuna
1052 2578 1075 2607 ‚
1119 2556 1307 2616 quam
1344 2536 1595 2616 quis⁸que

516 2630 683 2677 secat
716 2641 881 2698 spem
900 2644 919 2678 .·
996 2631 1097 2679 aut
1134 2632 1201 2679 ut
1244 2624 1419 2681 altera
1458 2642 1592 2701 pars

512 2706 587 2764 sit
631 2704 1016 2767 adversativa:
1092 2726 1271 2788 quam
1318 2708 1592 2766 alteruter

510 2790 807 2849 fortunam
834 2802 937 2851 aut
964 2789 1142 2851 habet
1156 2838 1172 2867 ,
1204 2803 1305 2850 aut
1330 2794 1439 2851 sibi
1464 2795 1588 2873 ipse

510 2877 791 2956 praecidit
818 2888 875 2936 et
902 2880 1121 2937 evertit.
1177 2879 1445 2937 Alterum
1473 2876 1590 2937 hoc

510 2964 702 3022 malo:
746 2966 827 3023 sic
854 2982 1053 3021 secare
1080 2974 1165 3021 est
1190 2962 1463 3036 incidere,
1490 2966 1590 3020 in·-

510 3050 789 3127 tercipere
806 3093 822 3123 ,
866 3066 1060 3127 spem:
1106 3057 1172 3105 ut
1200 3045 1357 3127 apud
1384 3051 1586 3108 Horat.

510 3130 727 3189 ludum
754 3134 1013 3191 incidere
1036 3152 1161 3213 pro,
1184 3133 1385 3191 finire:
1414 3135 1588 3213 paul-

506 3216 697 3275 lulum
718 3216 1008 3277 diversum
1038 3228 1123 3277 est
1149 3238 1315 3296 spem
1334 3218 1585 3299 longam

505 3321 769 3359 resecare
782 3344 808 3372 ‚
880 3303 1076 3363 demto
1117 3306 1275 3362 enim
1333 3303 1449 3363 hoc
1496 3304 1581 3380 fit,

508 3386 667 3468 quod
694 3390 945 3446 nimium
981 3401 1099 3465 est3
1144 3388 1355 3448 dixeris
1382 3400 1580 3449 tamen

504 3473 778 3553 simplex,
819 3494 1019 3532 secare
1041 3494 1231 3551 spem,
1260 3477 1433 3533 simili
1444 3496 1584 3534 mo-

505 3554 617 3633 do,
661 3554 985 3641 ἆναλόγως,
1017 3558 1217 3641 (quod
1244 3571 1453 3641 poetae
1486 3562 1594 3619 fa-·

504 3662 636 3701 cere
664 3645 837 3723 licet)
866 3665 973 3725 pro
1000 3665 1167 3725 spem
1193 3648 1413 3721 tollere,
1444 3667 1582 3726 spe-

501 3738 626 3786 rata
666 3728 926 3789 scindere
943 3776 959 3805 ‚
1014 3741 1083 3790 ut
1130 3741 1294 3807 vota,
1338 3732 1581 3811 gaudia

499 3812 685 3871 scindi
730 3812 1017 3875 dicuntur.
1100 3820 1171 3874 In
1214 3816 1329 3876 hoc
1371 3819 1578 3878 saltem

502 3900 831 3979 analogiam
856 3900 1051 3975 habes,
1096 3922 1276 3983 quam
1301 3922 1577 3984 sequare3

498 3984 754 4044 necdum
780 3984 901 4045 vidi
926 3989 1185 4045 meliora.
1243 3990 1578 4068 Respiciunt

496 4080 695 4129 autem
740 4071 883 4131 haec
924 4072 999 4132 ad
1039 4091 1205 4153 spem
1230 4074 1466 4133 Veneris
1496 4073 1571 4132 de

496 4156 691 4216 futuro
717 4160 829 4216 Iuli
855 4160 917 4216 in
945 4158 1109 4217 Italia
1136 4178 1317 4237 regno
1333 4201 1360 4229 ,
1390 4178 1568 4239 quam

494 4240 675 4302 incidi
702 4254 761 4302 et
786 4245 1041 4303 interImi
1068 4262 1299 4303 necesse
1338 4256 1461 4304 erat
1474 4289 1490 4319 ,
1520 4246 1572 4305 si

496 4339 679 4389 castra
738 4348 773 4387 a
819 4330 1027 4390 Turno
1066 4332 1566 4411 expugnabantur.

493 4414 571 4475 cf.
598 4433 728 4496 sup.
756 4413 859 4483 42.
886 4416 993 4483 50.
1076 4414 1362 4495 (Locutio
1402 4436 1568 4497 spem

1689 1699 1889 1738 secare
1935 1699 2012 1738 an
2041 1699 2076 1737 a
2115 1681 2488 1759 navigatione
2537 1679 2768 1740 desum-

1686 1759 1794 1826 ta?
1837 1786 1913 1824 an
1956 1767 2246 1824 Graecum
2288 1758 2365 1827 δι’
2397 1765 2651 1840 ἐλπίδος
2695 1763 2766 1826 ἰέ-

1687 1873 1794 1913 ναι
1825 1850 2080 1910 reddere
2096 1853 2283 1910 voluit
2307 1861 2484 1930 poeta
2499 1847 2536 1910 Ρ
2625 1849 2764 1909 Illud

1685 1947 1840 1995 certe
1881 1935 2130 1995 dubitari
2181 1939 2286 1996 vix
2327 1947 2518 2016 potest
2533 1983 2555 2015 ,
2631 1939 2762 2018 quin

1683 2019 1796 2080 hoc
1841 2024 2165 2103 exprimere
2218 2023 2496 2082 voluerit:
2573 2019 2761 2105 „quod

1681 2111 1927 2189 quisque
1954 2109 2204 2187 sperat.“
2255 2107 2432 2186 Wr.)

1769 2197 1912 2257 109.
1947 2198 2088 2259 110.
2116 2195 2306 2271 lungo
2325 2203 2528 2250 castra
2565 2203 2760 2250 tmen-

1682 2287 1782 2334 tm·
1805 2277 2107 2336 obsidione
2149 2277 2447 2336 Italorum
2463 2301 2483 2334 .·
2529 2297 2642 2336 seu
2648 2279 2758 2356 fiz-

1683 2364 1760 2420 tis
1775 2405 1802 2433 ,
1842 2363 2005 2445 quod
2031 2365 2148 2422 fata
2173 2365 2406 2445 iniqua,
2452 2363 2619 2446 quod
2650 2364 2756 2421 Ve-

1680 2468 1792 2506 nus
1819 2451 2052 2507 volebat
2066 2494 2083 2523 ,
2125 2459 2560 2532 prosequuntur
2608 2451 2753 2508 Tro-

1677 2537 1840 2593 ianos
1883 2538 2058 2593 etiam
2099 2537 2164 2593 in
2199 2536 2462 2595 medium
2503 2538 2752 2608 Latium,

1679 2622 1804 2691 siue
1829 2640 2018 2678 errore
2052 2620 2216 2678 malo
2260 2622 2470 2679 Doiae
2495 2619 2592 2699 (h.
2605 2624 2750 2680 Tro-

1671 2708 1942 2763 ianorum
1963 2750 1979 2779 ,
2065 2708 2168 2787 qui
2225 2708 2456 2765 oracula
2523 2716 2750 2786 accepta

1675 2792 1830 2849 male
1857 2793 2213 2870 interpretati
2245 2794 2424 2871 sunt)
2483 2794 2748 2851 mna&-

1673 2896 1790 2955 que
1824 2878 2081 2933 sinistris
2095 2920 2119 2947 ,
2181 2878 2423 2937 oraculis
2463 2888 2524 2935 et
2549 2879 2749 2937 vatici-

1670 2964 1781 3020 niis
1827 2963 1980 3020 falsis
1996 3006 2012 3037 ,
2065 2962 2266 3042 furiis
2346 2962 2740 3021 Cassandrae.

1669 3045 1806 3105 vide
1844 3066 1972 3127 sup.
2016 3066 2101 3106 vs.
2151 3051 2257 3112 67.
2289 3052 2392 3113 68.
2478 3048 2746 3124 (Italum

1669 3135 1717 3190 si
1747 3152 1822 3190 ex
1829 3132 1998 3211 faus
2010 3152 2354 3213 suspensum
2381 3153 2502 3192 esse
2531 3136 2745 3193 voluis-

1669 3228 1756 3277 set
1811 3229 1982 3298 poeta
1998 3261 2025 3289 ,
2081 3221 2310 3278 inverso
2357 3217 2500 3277 haec
2545 3220 2743 3279 ordine

1673 3304 1816 3363 Sive
1859 3302 2091 3362 Italum
2125 3304 2294 3382 fatis
2330 3307 2742 3365 collocaturum

1663 3389 1836 3448 fuisse
1862 3401 2026 3468 puto.
2075 3390 2245 3468 W.)
2318 3393 2500 3449 Porro
2527 3412 2587 3453 v.
2626 3394 2732 3455 111

1665 3474 1801 3532 Nec
1845 3474 2114 3533 Rutulos
2157 3474 2322 3535 solvo
2347 3518 2374 3547 ,
2433 3478 2738 3537 obscurum

1664 3571 1750 3619 est
1774 3581 1879 3640 per
1904 3562 2246 3621 brevitatem
2295 3560 2554 3621 affectus.
2637 3562 2738 3620 Vi-

1664 3644 1834 3705 detur
1845 3646 2231 3726 supplendum
2245 3668 2368 3706 esse
2383 3668 2459 3706 ex
2484 3650 2572 3723 iis,
2591 3666 2736 3728 quae

1661 3734 1929 3813 proxima
1955 3744 2118 3791 sunt:
2149 3752 2270 3792 non
2285 3735 2466 3809 solvo,
2483 3736 2732 3805 exsolvo,

1662 3820 1858 3877 eximo
1874 3862 1890 3892 ,
1961 3820 2204 3878 Rutulos
2247 3816 2452 3877 labore
2503 3830 2562 3876 et
2591 3818 2734 3898 Jbr-

1661 3914 1839 3973 mna,
1883 3922 2034 3984 quae
2063 3924 2160 3963 eos
2185 3914 2405 3963 manet.
2451 3924 2585 3975 nec,
2613 3923 2730 3963 non

1657 3991 1843 4067 magis
1903 3990 2147 4049 Rutulos
2206 4010 2388 4071 quam
2427 3991 2728 4049 Troianos.

1657 4076 1999 4154 Inter-prete·
2070 4073 2394 4133 secundum
2461 4076 2728 4137 Servium

1649 4158 1816 4217 solvo
1851 4178 1958 4239 pro
1980 4161 2220 4220 absolvo
2261 4162 2580 4242 accipiunt;
2622 4180 2726 4241 pa-

1649 4264 1784 4303 rum
1827 4244 2136 4303 commode
2193 4248 2454 4306 arbitror.
2559 4246 2727 4325 (Nec

1651 4331 1738 4388 R.
1783 4330 1977 4401 solvo,
2019 4333 2059 4390 i.
2091 4352 2144 4391 e.
2171 4352 2284 4391 nec
2312 4336 2382 4391 R.
2415 4334 2598 4391 libero
2621 4330 2726 4389 hac

1653 4414 1996 4476 condicione
2009 4460 2026 4494 ,
2053 4428 2139 4495 ut,
2169 4416 2454 4501 quidquid
2480 4419 2600 4477 fata
2624 4416 2726 4475 de-
