3009 5050
493 362 596 438 48

971 357 1054 434 Ρ.
1123 353 1653 438 VIRGILII
1716 351 2271 432 MARONIS

495 545 700 619 Tam
731 565 1006 618 saevae
1039 539 1315 636 facies,
1367 553 1490 617 tot
1517 539 1857 642 pullulat
1886 553 2049 618 atra
2080 539 2447 622 colubris.

495 650 758 740 Quam
786 648 990 723 Iuno
1017 644 1144 722 his
1179 644 1383 720 acuit
1410 645 1707 738 verhiS,
1760 668 1851 722 ac
1890 645 2073 721 talia
2102 641 2343 723 fatur:

385 755 390 758 ’
492 753 727 826 Hunc
752 749 952 826 mihi
992 748 1090 827 da
1125 748 1569 850 proprium,
1598 749 1821 847 virgo
1852 762 2013 826 sata
2044 753 2323 846 Nocte,
2351 747 2753 846 laborem,

2588 655 2757 724 330

493 855 716 930 Hanc
750 876 1118 954 operam,
1174 876 1279 929 ne
1313 863 1588 928 noster
1622 849 1889 928 honos
1918 849 2343 930 infractave
2384 849 2615 930 cedat

632 1044 736 1098 329
773 1047 946 1110 Quam
969 1062 1014 1097 a.
1038 1035 1197 1098 Voss.
1227 1062 1313 1114 pr.
1379 1055 1464 1098 tot
1503 1061 1549 1096 e.
1584 1043 1655 1096 ali
1695 1054 1789 1096 not
1812 1045 1985 1098 Burm-

493 1113 626 1166 item
662 1117 844 1182 sprot.
875 1123 928 1166 et
971 1113 1135 1167 Goth.
1177 1131 1285 1167 see.
1349 1113 1601 1166 Placebat

1796 1113 1811 1128 ⁶
2046 1064 2107 1130 p.
2134 1062 2237 1098 ota
2264 1063 2313 1098 e.
2338 1043 2581 1114 plerique
2604 1042 2757 1096 Pier-

1683 1114 1876 1179 einmo,
1922 1130 2101 1167 nescio
2150 1130 2311 1184 quare
2325 1151 2342 1178 ,
2390 1131 2506 1166 cam
2542 1130 2645 1166 om
2680 1130 2755 1164 ex

495 1181 767 1306 aperiero
807 1199 960 1236 versu
990 1183 1164 1238 adhuc
1193 1183 1308 1238 auri
1329 1181 1577 1236 insideat.
1624 1184 1781 1256 (apt
1796 1201 1833 1234 a
1862 1184 1969 1238 col.
2006 1200 2145 1236 eorr.
2174 1182 2389 1236 Wakef.
2424 1183 2495 1235 ad
2528 1182 2755 1234 Lucret-

571 1290 590 1318 ,
627 1251 743 1306 140.
783 1253 870 1306 W
862 1255 934 1316 r.)
1003 1251 1256 1305 Pollulat
1299 1261 1355 1304 et
1389 1250 1626 1305 eolobn's
1659 1251 1844 1304 scribit
1879 1253 2033 1308 Rom.
2069 1263 2126 1304 et
2169 1251 2291 1318 alii,
2328 1269 2393 1306 ex
2425 1251 2755 1322 pronuntia-

494 1321 640 1376 tione
668 1320 863 1374 saeculi
891 1321 998 1374 sui:
1034 1339 1168 1391 qaae
1191 1322 1310 1390 ipsa
1341 1337 1427 1374 rea
1465 1320 1852 1374 dubitationem
1888 1321 2063 1374 faeere
2090 1331 2307 1392 potest,
2352 1339 2418 1374 an
2448 1339 2625 1375 verum
2656 1320 2753 1388 rit,

496 1391 638 1462 quod
667 1399 910 1458 nunaut,
943 1389 1158 1460 virg-ilii
1197 1407 1329 1443 aevo
1363 1399 1420 1442 et
1455 1389 1835 1460 antiquioribus
1879 1391 2151 1460 proprium
2187 1391 2244 1442 id
2284 1389 2479 1456 fuis-o,
2530 1402 2585 1444 ut
2614 1407 2755 1460 pro-

495 1460 794 1514 nuntiarent
824 1471 1083 1522 ver-tunt,
1118 1460 1350 1530 volgus,
1383 1459 1611 1522 volnus,
1660 1470 1718 1512 et
1743 1459 1843 1514 inf.
1866 1479 1915 1512 v.
1942 1460 2045 1515 399
2076 1473 2303 1512 corvom.
2375 1461 2611 1518 (Diversa
2660 1459 2757 1512 hie

495 1531 682 1583 miscet
707 1529 976 1596 Heyniu03
1009 1529 1216 1582 dicetur
1250 1529 1320 1580 de
1347 1545 1409 1580 ea
1443 1545 1504 1580 re
1540 1527 1647 1583 alio
1678 1538 1922 1600 tempore
1960 1530 2200 1598 locoque.
2238 1530 2385 1596 Wr.)

2524 1529 2759 1584 saonis

495 1601 650 1654 mule
691 1599 857 1651 dietis
905 1597 974 1651 ali
1011 1608 1107 1650 not
1148 1597 1285 1652 Pier.
1326 1602 1504 1668 sprot.
1540 1599 1640 1653 Ed.
1689 1600 1823 1652 Ven-
1852 1598 2017 1652 Goth.
2048 1615 2154 1652 sec.
2198 1600 2335 1668 (cum
2376 1599 2429 1654 8.
2469 1601 2553 1654 11.
2601 1599 2755 1664 Wr.)

495 1669 598 1724 331
632 1667 799 1723 Nune
829 1668 936 1721 dao
1011 1667 1142 1721 eins.
1212 1665 1461 1722 laborum
1484 1668 1656 1736 Rom„
1703 1667 1847 1740 quod
1888 1668 2074 1722 durum
2096 1669 2269 1722 foret:
2301 1669 2451 1723 Imm:
2482 1665 2755 1722 laborm

495 1827 562 1888 in
588 1837 712 1886 tota
751 1845 949 1886 rerum
989 1835 1215 1885 namra.
1295 1823 1586 1886 hnitatio-

495 1933 641 1973 nem
669 1912 950 1994 Spenceri
977 1931 1100 1970 non
1141 1908 1440 1970 indoctam
1467 1929 1585 1970 no-

497 2001 642 2058 tavit
655 1995 1152 2078 Uptonus(Fa12ry
1175 1996 1378 2074 Quem
1399 1997 1575 2058 Cant.

498 2085 626 2160 vn,
675 2087 756 2158 X,
804 2105 865 2165 p.
909 2083 1095 2162 644),
1146 2083 1321 2141 aliam
1357 2083 1583 2142 Lucani

497 2169 635 2232 vide
673 2171 775 2228 lib.
817 2171 896 2245 X,
953 2167 1100 2234 645.
1137 2188 1265 2251 sqq.
1323 2179 1411 2226 tot
1459 2187 1583 2228 sese

499 2257 680 2316 vertit
709 2255 778 2312 in
815 2275 923 2314 ora
935 2295 963 2326 ,
1015 2251 1093 2313 ad
1133 2252 1584 2314 declarationem

499 2345 615 2406 τοῦ
655 2351 987 2398 monstrum
1039 2342 1324 2420 pertinere
1365 2351 1587 2419 pum-

501 2425 668 2487 dum.
781 2427 904 2484 Nec
967 2426 1161 2484 vultus
1215 2427 1585 2502 mutationes,

498 2534 608 2595 pro
636 2511 795 2573 vario
823 2512 1033 2573 mentis
1059 2508 1263 2573 habitu
1290 2532 1358 2572 ac
1384 2531 1586 2588 sensu3

499 2618 644 2659 nam
669 2597 734 2658 id
759 2600 934 2658 nimis
960 2607 1135 2657 tenue
1161 2598 1344 2673 foret3
1383 2618 1496 2657 nec
1524 2598 1591 2655 in

499 2686 688 2747 varias
712 2686 932 2766 species
972 2694 1031 2742 et
1055 2684 1268 2765 figuras
1295 2694 1591 2743 mutatum

501 2790 568 2831 os
593 2772 774 2831 velim
799 2770 1121 2848 intelligere
1165 2770 1336 2845 (nam
1371 2767 1437 2829 id
1463 2770 1589 2827 Fu-

500 2857 598 2915 riis
625 2876 746 2915 non
772 2856 1086 2937 praecipua
1127 2854 1322 2937 aliqua
1361 2855 1589 2915 ratione

501 2942 762 3002 sollenne
803 2952 917 3017 θεῖς
977 2943 1084 3001 etsi
1131 2960 1314 3001 novas
1369 2940 1590 2999 formas

499 3046 791 3087 assumere
817 3029 1018 3085 Furias
1059 3024 1310 3084 dubitari
1349 3026 1592 3105 nequit3

501 3111 664 3195 quod
689 3115 753 3171 in
781 3110 843 3172 h.
871 3113 914 3170 1.
945 3130 1181 3193 quoque
1207 3110 1416 3169 Alecto
1451 3110 1593 3169 facit

500 3198 608 3257 inf.
639 3218 698 3257 v.
725 3196 874 3271 415,
901 3198 1006 3256 ubi
1033 3197 1310 3255 Tun-num
1338 3192 1490 3270 adit,
1521 3196 1590 3253 in

503 3281 714 3342 mlius
763 3300 888 3339 sese
953 3278 1348 3359 tramjbmzat
1393 3279 1589 3339 aniles

503 3378 616 3427 etc.
703 3366 809 3424 Et
859 3364 1110 3444 Calybe.
1197 3368 1277 3427 Et
1337 3366 1589 3426 similem

501 3454 728 3513 formae
769 3454 1160 3511 mutationem
1215 3450 1434 3513 videbis
1489 3469 1586 3533 ap·

481 3536 810 3598 'Claudiam
837 3539 902 3595 in
930 3538 1065 3597 Ruf.
1107 3540 1155 3611 Ι,
1205 3537 1325 3602 184
1367 3550 1478 3598 etc.
1530 3548 1591 3597 et

505 3624 721 3685 Silium
748 3625 824 3697 11,
872 3623 996 3689 553
1024 3624 1176 3705 sq.);
1230 3621 1337 3682 sed
1375 3626 1442 3681 in
1501 3634 1592 3682 tot

503 3730 615 3769 ora
629 3752 655 3781 ,
697 3730 778 3769 sc.
806 3728 989 3773 saeva
1005 3752 1032 3780 ,
1064 3710 1130 3767 iu
1159 3718 1243 3767 tot
1267 3706 1587 3770 horrendos

503 3796 700 3857 vultus
723 3839 740 3870 ,
782 3805 850 3853 ut
875 3794 1024 3853 bene
1065 3796 1356 3875 Pompon.
1397 3815 1587 3875 expo-

503 3882 594 3940 nit
607 3926 625 3954 ,
667 3882 732 3939 in
757 3880 1036 3940 terribiles
1079 3900 1146 3940 ao
1185 3882 1444 3941 minaces
1472 3884 1587 3940 oris

505 3964 764 4041 habitus,
807 3986 883 4025 ex
922 3986 992 4025 eo
1009 4010 1028 4043 ,
1071 3964 1232 4051 quod
1269 3968 1587 4041 subiicitur,

522 4052 674 4111 Dzm
697 4072 912 4110 saevae
921 4052 1146 4132 facies.
1207 4054 1400 4133 Saepe
1427 4052 1589 4109 enim

503 4138 586 4197 sic
631 4135 882 4218 epitheta
929 4160 1004 4198 ex
1029 4159 1192 4221 seqq.
1244 4134 1591 4197 retrahenda

503 4234 642 4284 sunt
666 4222 744 4282 ad
769 4225 982 4306 priora.
1037 4222 1188 4301 (non
1219 4221 1468 4281 dixerim
1493 4220 1591 4282 hic

505 4330 690 4369 saeva
719 4330 794 4369 ex
821 4329 1038 4369 saevae
1073 4305 1457 4388 repetendum
1499 4328 1593 4370 es-

504 4414 567 4483 se
595 4438 614 4471 ,
685 4391 791 4455 sed
845 4405 1162 4476 utrumque
1227 4394 1593 4455 enuntiatum

1666 1837 1753 1886 tot
1788 1847 1914 1886 sese
1923 1823 2215 1906 -saciee
2254 1827 2410 1886 coire
2452 1823 2531 1886 ad
2566 1843 2756 1884 unam

1664 1915 1935 1974 saevitiae
1978 1914 2149 1972 variis
2202 1911 2391 1972 modis
2430 1913 2599 1972 vultu
2638 1931 2755 1968 ex-

1662 2019 1891 2080 pressae
1918 2001 2241 2058 notionem.
2280 1997 2456 2079 Wr.)
2544 1997 2756 2056 Solent

1662 2086 1881 2145 scilicet
1907 2085 2193 2166 Erinnyes
2234 2085 2418 2146 varias
2460 2083 2571 2142 oris
2614 2101 2759 2162 spe-

1665 2170 1783 2230 cies
1812 2181 1873 2230 et
1898 2171 2093 2230 vultus
2120 2167 2199 2228 ad
2234 2168 2573 2228 terrendum
2616 2165 2757 2226 ido-

1662 2276 1807 2315 neos
1827 2275 2057 2315 sumere
2072 2301 2089 2330 ,
2126 2266 2195 2313 ut
2218 2256 2325 2314 inf.
2352 2277 2410 2314 v.
2439 2252 2587 2329 447,
2614 2273 2757 2312 cum

1668 2343 1908 2402 Turnus
1951 2341 2350 2421 obtemperare
2394 2341 2598 2398 nollet.
2684 2341 2757 2396 Iu

1667 2425 1829 2486 hunc
1866 2447 2102 2486 sensum
2156 2419 2610 2505 αἰυλομὸρφους
2658 2443 2759 2482 eas

1672 2511 1789 2573 dici
1827 2513 2071 2573 arbitror
2112 2512 2268 2593 apud
2322 2509 2623 2593 Orpheum
2678 2511 2757 2569 H.

1667 2600 1933 2673 LXVIII,
1982 2602 2047 2665 8.
2126 2602 2249 2658 Nec
2302 2596 2595 2657 diversum
2648 2606 2757 2671 est,

1670 2682 1834 2767 quod
1862 2687 1969 2745 Ge.
1998 2686 2097 2759 111,
2138 2684 2262 2750 558
2302 2681 2627 2763 Tisiphone
2666 2712 2763 2727 -·

1670 2772 1869 2851 Inque
1894 2770 2022 2830 dies
2050 2769 2305 2827 avidum
2346 2788 2599 2848 cta-gem
2646 2788 2759 2824 ca·-

1659 2866 1787 2935 put
1800 2854 1988 2914 altius
2019 2854 2206 2936 effert.
2300 2854 2530 2913 Pluton
2544 2864 2752 2933 pater.

1670 2942 1867 3001 Sensit
1892 2961 2031 3001 cum
2060 2936 2293 3020 Orpheo
2322 2938 2456 3000 eod.
2475 2943 2518 3000 1.
2543 2934 2761 3004 Ἀΐδεο

1668 3020 1952 3109 χθόνιαι,
1997 3022 2258 3109 φοβεραὶ
2288 3020 2485 3111 κόραι.

1758 3196 2142 3263 330-340-
2185 3197 2397 3268 acuit,
2440 3214 2577 3256 cum
2607 3192 2761 3255 dile-

1670 3292 1773 3343 otu
1790 3326 1807 3357 ,
1878 3303 1985 3363 pro
2044 3284 2357 3365 alloquitur
2374 3327 2390 3358 ,
2473 3280 2760 3341 hortatur.

1668 3370 1844 3447 vir-gv
1872 3378 2010 3426 sata
2036 3368 2233 3426 Necte
2270 3367 2425 3428 conf.
2466 3368 2565 3443 VI,
2606 3368 2761 3433 250.

1674 3456 1855 3529 (Hinc
1901 3453 2099 3511 Nocte
2136 3465 2306 3512 satae
2342 3446 2489 3515 κατ’
2539 3449 2761 3533 ἕξοχῆν

1672 3537 1919 3598 audiunt
1954 3541 2163 3597 Furiae
2206 3537 2364 3621 apud
2417 3540 2763 3619 posteriores

1668 3636 1871 3705 poetas
1898 3670 1916 3701 ,
1990 3635 2059 3683 ut
2120 3626 2250 3685 val.
2307 3626 2397 3684 ΕΙ.
2454 3627 2554 3701 III,
2608 3626 2761 3691 252.

1678 3710 1858 3789 W.)
1954 3709 2312 3770 Eumenides
2368 3702 2466 3773 οἷεὶ
2522 3706 2764 3793 παρθέ-

1674 3818 1827 3869 νους
1878 3815 2031 3871 esse,
2086 3808 2225 3855 nota
2280 3816 2391 3855 res.
2464 3796 2540 3856 cf.
2595 3793 2659 3854 h.
2720 3798 2765 3856 1.

1670 3882 1866 3941 Guell.
1906 3882 2101 3940 ῙΙιιηο
2118 3880 2273 3939 mihi
2292 3882 2378 3940 da
2394 3882 2719 3959 proprium
2736 3906 2763 3956 ;

1668 3985 1779 4047 pro
1822 3969 2083 4046 vulgari:
2126 3970 2417 4047 singulare
2456 3964 2572 4026 hoc
2610 3964 2767 4026 mihi

1671 4062 1917 4133 praesta,
1944 4072 2078 4112 mea
2104 4057 2289 4133 gratia
2318 4055 2563 4132 suscipe.
2605 4054 2767 4112 Male

1674 4139 1843 4198 Serv.
1874 4140 2056 4198 aliter.
2100 4138 2369 4219 inst-aeta
2398 4139 2570 4197 cedat
2602 4138 2767 4211 loco,

1674 4226 1971 4284 cumulate
2010 4244 2119 4306 pro
2172 4225 2521 4305 infringatur
2536 4270 2554 4301 ,
2595 4226 2771 4285 labe-

1674 4310 1923 4369 factetur
1939 4354 1956 4386 ,
2044 4312 2447 4387 convellatur3
2530 4308 2773 4393 hocque

1674 4396 1973 4476 vulgarius
2026 4392 2246 4457 diceres
2271 4440 2291 4474 ,
2358 4396 2776 4462 ruminantur.
