3009 5050
621 408 1228 489 AENEmos
1278 407 1488 485 mn.
1526 408 1732 505 vm,
1781 413 2206 487 417-431
2367 416 2515 487 233

293 604 462 677 Hoc
493 611 685 674 tunc
711 600 1161 700 ignipotens
1189 595 1414 672 coelo
1444 592 1869 671 'descendit
1902 592 1999 669 ab
2034 592 2215 673 alto,

290 708 626 779 Ferrum
662 701 1132 778 exercebant
1161 712 1383 775 vasto
1417 698 1797 799 Cyclopes
1824 699 1906 773 in
1938 712 2189 796 antr0,

293 810 826 907 Brontesque,
883 807 1460 905 Steropesque,
1516 814 1594 877 et
1646 799 1909 876 nudus
1962 802 2328 878 membra
2371 806 2520 899 Py-

1439 928 1790 983 racmon.
2368 915 2517 989 425

289 1012 426 1087 His
465 1008 985 1086 informatum
1014 1007 1380 1084 manibus
1418 1009 1575 1083 iam
1604 1020 1829 1109 parte
1855 1008 2103 1109 polita

287 1114 626 1191 Fulmen
660 1127 862 1206 erat;
905 1125 1082 1187 toto
1109 1113 1422 1210 genitor
1449 1136 1655 1213 quae
1686 1109 2029 1211 plurima
2061 1111 2289 1187 coelo

287 1218 571 1295 Deiicit
597 1218 678 1292 in
717 1230 1005 1309 terras;
1061 1240 1240 1316 pars
1271 1212 1707 1317 inperfecta
1742 1215 2133 1293 manebat.

294 1322 469 1396 Tris
497 1318 771 1395 imbris
802 1320 988 1395 torti
1016 1320 1317 1412 radim,
1369 1320 1509 1395 tris
1539 1317 1770 1393 nubis
1810 1340 2151 1419 aquosae

288 1422 817 1519 Addiderant,
870 1421 1079 1498 rutili
1105 1422 1244 1497 tris
1274 1423 1509 1521 igniS,
1562 1434 1642 1498 et
1674 1420 1871 1497 alitis
1909 1420 2167 1499 austri.
2370 1426 2525 1499 430

287 1526 670 1625 Fulgores
725 1550 940 1602 nunc
981 1524 1400 1623 terrificos,
1445 1526 2001 1626 sonitumque,
2052 1536 2523 1625 metumque

349 1650 568 1745 ‘431.
607 1684 1086 1740 nonnmcos

428 1854 534 1911 423
557 1858 704 1908 Hoc:
747 1865 920 1919 recte,
969 1852 1182 1923 antiqno
1223 1869 1324 1921 pro
1359 1854 1496 1919 huc,
1547 1855 1689 1925 qnod
1723 1852 1959 1909 nonnulli
1993 1854 2133 1923 (cnm
2169 1852 2225 1907 9.
2264 1853 2345 1907 12.
2378 1854 2525 1918 Wr.)

287 1924 508 1979 habent.
575 1924 699 1978 vid.
726 1923 864 1977 Pier.
893 1926 1072 1976 Heius.
1103 1924 1278 1975 Burm.
1311 1932 1435 1991 post
1460 1925 1721 1987 Servinm3
1768 1942 1885 1977 nam
1914 1923 1969 1975 in
2002 1923 2197 1975 talibus
2237 1920 2527 1975 liberalitas

287 1994 522 2047 virorum
555 1994 829 2047 doctorum
867 2012 1050 2062 magna
1091 1993 1292 2063 plerum
1333 2010 1398 2043 ne
1435 2011 1551 2047 esse
1600 1994 1753 2048 uolet.
1788 1992 1915 2063 (vid.
1956 1996 2022 2057 Q.
2050 1996 2117 2045 V.
2154 1992 2391 2043 XXXII!
2412 2030 2427 2051 ‚
2477 1997 2527 2044 1.

292 2066 446 2131 Wr.)
553 2063 657 2119 424
703 2062 854 2117 vasti
881 2082 964 2133 pr.
1011 2064 1196 2115 Hamb.
1295 2010 1402 2117 225
1437 2067 1773 2135 Pyragmon,
1824 2065 1907 2131 (ut
1942 2072 2023 2115 est
2058 2062 2113 2114 in
2148 2060 2339 2115 Medic.
2380 2062 2525 2129 Wr.)

285 2134 612 2203 Pygmmon
629 2171 646 2195 ‚
693 2132 944 2185 aberratt.
1045 2132 1148 2187 428
1179 2132 1342 2184 deicio
1356 2172 1372 2197 ,
1421 2134 1615 2185 deiecit
1628 2172 1642 2198 ,
1690 2131 1883 2202 passim
1918 2131 2070 2187 codd.
2106 2132 2243 2183 Pier.
2269 2140 2324 2181 et
2345 2132 2526 2183 Franc-

285 2201 585 2255 manebant
627 2200 759 2255 alter
803 2202 1018 2255 Mentel.
1065 2220 1095 2253 a
1139 2219 1208 2253 m.
1253 2218 1336 2269 pr.
1439 2202 1543 2257 ω
1566 2214 1715 2255 torto
1751 2205 1885 2254 Ven.
1954 2202 2180 2272 rapidos
2202 2198 2365 2253 Goth.
2398 2208 2527 2251 tert.

289 2274 502 2336 (Tres
538 2269 727 2323 imbris
750 2300 818 2311 -—-
847 2274 950 2323 tri
962 2288 992 2325 e
1023 2268 1185 2323 nubis
1213 2296 1280 2311 --
1305 2284 1452 2323 eree
1482 2274 1633 2343 ignis
1660 2270 1805 2342 Lips.
1831 2280 1959 2339 ntq.,
1980 2270 2121 2341 quod
2147 2287 2177 2321 e
2201 2270 2343 2321 nullo
2366 2286 2529 2339 prae-

286 2353 437 2393 terea
461 2339 580 2391 cod.
603 2350 901 2395 enotatumz
936 2342 1040 2392 trie
1062 2350 1149 2392 ter
1169 2344 1314 2392 Serv.
1338 2341 1525 2393 Dresd.
1596 2344 1710 2405 Qua
1734 2341 1801 2393 de
1824 2359 1883 2407 re
1904 2340 2109 2393 dicetur
2131 2340 2285 2399 alibi3
2322 2338 2531 2391 interim

285 2408 399 2462 vid.
433 2411 502 2463 V.
539 2408 604 2461 Ia.
643 2408 713 2461 ad
745 2411 817 2473 V,
863 2408 981 2462 560.
1033 2412 1118 2462 W
1111 2410 1181 2475 r.)
1315 2405 1419 2463 430
1439 2410 1735 2462 addiderat
1756 2409 1949 2463 Medic.
1981 2409 2219 2461 Parrhas.
2242 2410 2403 2463 Goth.
2428 2426 2531 2477 pr„

287 2490 348 2532 et
373 2482 517 2532 serr.
539 2477 610 2530 ad
629 2482 754 2531 Aen.
778 2480 842 2541 11,
873 2477 994 2532 649.
1066 2494 1332 2546 erperann
1387 2496 1506 2530 nam
1530 2479 1597 2530 de
1620 2478 1932 2549 Cyclopum,
1966 2494 2072 2532 non
2097 2477 2333 2543 Vulcani,
2369 2494 2533 2548 opere

285 2547 485 2618 agitur.
534 2548 616 2614 (ln
645 2548 886 2600 Mediceo
924 2547 1012 2613 qui
1053 2565 1134 2598 em
1166 2565 1205 2598 n
1244 2550 1619 2616 superscripta.
1688 2551 1746 2599 In
1780 2549 1967 2600 eodem
2006 2549 2199 2609 rumh}
2256 2548 2352 2600 sed
2402 2547 2535 2600 alibi

287 2627 600 2672 constanter
623 2615 854 2678 rutilum
891 2616 1069 2666 rutuli
1090 2626 1260 2668 tamen
1285 2617 1444 2668 etiam
1462 2618 1517 2667 in
1540 2617 1744 2668 scholio
1766 2617 2033 2669 Serviano.
2065 2621 2207 2681 Wr.)
2274 2617 2373 2672 431
2397 2618 2535 2670 hor·-

287 2686 483 2754 nsficos
504 2693 626 2754 post
651 2683 788 2736 Pier.
813 2701 846 2734 o
887 2683 1125 2736 timorum
1147 2683 1400 2736 librorum
1423 2685 1731 2737 auctoritate
1755 2687 2005 2752 praetulit
2028 2685 2288 2739 Heinsius.
2340 2687 2533 2754 Vulgg.

289 2753 422 2809 edd.
443 2753 733 2822 terr-{ficos-
775 2753 846 2804 Er
871 2791 885 2806 .
909 2753 1229 2805 horrisonos
1269 2756 1602 2823 sonitusque.
1662 2753 1887 2821 (Vellem
1932 2756 2286 2806 nominassent
2324 2755 2534 2806 codices
2610 2763 2617 2774 ·

289 2915 522 2956 mssa.
585 2893 756 2954 conf.
803 2892 1126 2954 Schneider
1169 2893 1244 2952 ad
1281 2893 1378 2953 hi-
1447 2893 1725 2972 plurima
1741 2938 1763 2965 ,
1807 2894 1965 2975 quod
1992 2915 2173 2973 genus
2202 2895 2535 2972 fulminum,

287 2995 435 3044 stor.
486 2983 771 3040 metallor.
827 2999 889 3061 p.
946 2985 1048 3045 82.
1132 2981 1278 3039 Mox
1319 3003 1376 3041 v.
1461 3001 1538 3040 ex
1566 3001 1683 3062 quo
1712 3001 1925 3060 genere
1954 2983 2236 3060 plurima:
2268 2981 2539 3062 frequens

289 3068 422 3133 428
451 3066 564 3124 hoe
593 3070 828 3148 antique
855 3087 961 3146 pro
990 3065 1132 3124 huc.
1458 3079 1767 3149 poetarum
1804 3067 2023 3145 figura:
2084 3070 2267 3144 κῆτος
2307 3099 2392 3112 -—
2431 3059 2536 3129 οἷά

271 3186 284 3192 -
381 3150 528 3216 424.
557 3149 701 3217 425.
742 3153 952 3210 Libera
989 3152 1230 3234 quidem
1258 3164 1380 3211 erat
1460 3175 1524 3214 τε
1565 3149 1759 3216 πολλά
1807 3151 2015 3234 τρέφει
2064 3149 2278 3226 κλυτός
2324 3145 2539 3232 'Amps-

289 3241 608 3298 nominmn
633 3239 966 3297 informatio
985 3284 1001 3314 ,
1045 3237 1146 3298 sed
1185 3242 1378 3298 Brou-

295 3335 402 3383 ten
441 3334 500 3381 et
543 3325 830 3404 Steropen
874 3326 1048 3382 etiam
1109 3325 1208 3382 alii
1264 3324 1378 3382 ha-

294 3411 482 3468 bem:
569 3409 806 3468 Hesiod.
861 3409 1172 3490 Theogon.
1237 3410 1376 3474 140.

295 3493 638 3554 callimach.
665 3497 729 3554 in
757 3497 926 3554 Dian.
958 3501 1060 3561 68.
1117 3497 1270 3554 Plin.
1300 3498 1376 3554 H.

295 3583 372 3640 N.
403 3581 650 3655 XXXV,
697 3585 776 3644 10
815 3601 862 3638 s.
903 3585 1010 3655 36,
1054 3585 1154 3646 17.
1241 3581 1380 3640 Sta-

296 3669 450 3725 tium
507 3677 565 3724 et
635 3664 1025 3724 Claudianum
1091 3688 1150 3726 v.
1225 3666 1382 3748 apud

295 3749 571 3810 Cer-dam.
655 3753 1084 3830 Pyracmonem
1147 3751 1382 3810 aliunde

299 3839 543 3914 accepit.
627 3838 827 3914 Argen
865 3847 1154 3896 memorat
1195 3839 1384 3916 Apol-

298 3920 423 3981 lod.
451 3923 500 3995 1,
534 3924 590 3995 1,
619 3927 680 3996 2,
709 3921 812 3979 ubi
850 3943 909 3980 v.
949 3923 1014 3980 in
1057 3923 1192 3980 Not.
1237 3942 1297 4000 p.
1343 3923 1384 3986 9

301 3996 381 4066 de
409 4005 636 4066 diverso
667 4003 780 4064 hoe
809 4007 1130 4086 Cyclopum
1172 4026 1385 4086 genere

300 4093 378 4150 ab
427 4093 686 4170 antiquis
707 4093 1076 4172 ‚Cyclopibus
1095 4137 1112 4168 ,
1204 4093 1267 4150 ui
1321 4094 1385 4149 in

299 4175 632 4254 theogoniis
661 4189 1076 4236 memorantur.
1201 4181 1386 4241 26—

299 4261 454 4325 428.
513 4261 664 4317 Nota
715 4263 1002 4321 inversam
1066 4263 1388 4320 orationem

300 4365 414 4426 pro
433 4389 450 4420 ,
495 4354 660 4422 parte
685 4344 804 4402 iam
829 4349 1008 4426 polita
1027 4391 1044 4423 ,
1085 4357 1250 4426 parte
1279 4345 1388 4406 acl-

299 4427 424 4490 huo
451 4427 810 4507 imperfecta.
870 4431 1122 4510 fulmen
1135 4465 1220 4476 —-
1233 4453 1388 4512 quae

1459 3239 1626 3318 τρίτη
1653 3237 1856 3318 Odyss.
1890 3260 1937 3315 ε,
1967 3238 2093 3303 422
2134 3250 2192 3298 et
2230 3259 2402 3320 saepe
2430 3240 2539 3296 ali-

1461 3327 1541 3382 bi.
1602 3325 1756 3382 conf.
1825 3325 2017 3382 Gueu.
2100 3325 2339 3383 Vax-iant
2394 3323 2541 3384 haec

1462 3412 1785 3468 orationem
1826 3421 1883 3469 et
1927 3409 2230 3469 delectant.
2316 3410 2541 3476 429-
2595 3452 2603 3460 .
2652 3429 2659 3436 ·

1460 3494 1606 3560 432.
1634 3499 1939 3576 Ingeniose
1964 3498 2028 3554 in
2053 3497 2311 3556 fulminis
2352 3509 2543 3554 mate-

1461 3582 1611 3638 riam
1636 3585 1808 3640 vertit
1837 3602 1903 3639 ea
1920 3625 1939 3658 ,
1985 3601 2063 3639 ex
2105 3603 2357 3663 quorum
2399 3604 2543 3640 con-

1461 3665 1624 3724 flictu
1652 3668 1876 3726 fulmen
1902 3669 2170 3742 nascitur,
2198 3665 2545 3746 grandinem

1466 3750 1685 3828 (imber
1746 3763 1934 3810 tortus
1992 3751 2075 3832 h„
2105 3757 2441 3813 constrictus
2489 3765 2547 3812 et

1467 3847 1699 3896 coactus
1744 3841 1805 3896 in
1850 3837 2228 3916 grandinem:
2288 3839 2394 3900 inf.
2438 3842 2545 3914 IX,

1469 3927 1590 3986 671
1627 3945 1813 4002 quam
1833 3923 2027 3980 midta
2048 3923 2330 4002 grandine
2360 3921 2553 3982 nimbi

1471 4009 1551 4066 In
1578 4009 1741 4066 vada
1765 4010 2215 4087 praec-zpitcmt,
2261 4029 2401 4066 cum
2437 4009 2549 4066 Ito-

1455 4093 1621 4170 piter
1672 4093 1951 4150 horridus
2010 4095 2233 4152 austris
2282 4095 2553 4172 Torquet

1467 4198 1752 4263 aquosam
1777 4175 2037 4237 hiemem
2054 4225 2069 4254 ,
2122 4188 2178 4236 et
2202 4177 2365 4233 caelo
2396 4195 2553 4232 cava

1471 4261 1689 4320 nubila
1708 4264 2012 4341 rumpit),
2054 4265 2277 4322 nubem
2290 4303 2308 4332 ,
2352 4261 2553 4335 ignem

1470 4359 1531 4406 et
1568 4358 1833 4406 ventum.
1918 4349 2077 4406 Haeo
2128 4347 2251 4402 fere
2294 4359 2370 4397 ex
2412 4342 2557 4399 Ser-

1471 4435 1657 4492 vianis
1684 4433 2037 4509 amplector-3
2080 4440 2269 4488 cetere
2298 4435 2433 4482 sunt
2460 4445 2559 4482 re-
