3009 5050
685 441 1313 538 AENEmos
1351 448 1566 527 Lm.
1619 450 1750 547 JX,
1799 459 2128 533 78—88

2383 468 2530 541 313

291 606 467 735 Ipsa
500 631 744 709 deum
772 630 1027 712 fertur
1054 634 1409 731 genetrix
1431 637 1891 733 Berecyntia
1918 661 2298 737 magnum

290 736 641 816 Vocibus
677 736 799 812 his
825 734 1082 813 adfata
1113 740 1431 815 Iovem:
1482 742 1634 834 Da,
1689 753 1908 837 nate,
1959 746 2286 843 petenti,

294 840 537 937 Quod
568 853 696 916 tua
732 863 903 915 cara
933 865 1220 940 parens
1252 841 1564 917 domito
1592 855 1675 917 te
1708 846 1961 943 poscit
1991 847 2360 951 Olymp0.

290 946 532 1024 Pinea
563 942 750 1019 silva
779 942 1012 1039 mihi,
1064 942 1370 1019 multos
1399 944 1682 1021 dilecta
1707 971 1856 1046 per
1889 972 2176 1044 annos;

2434 962 2530 1035 85

290 1050 551 1125 Lucus
585 1048 665 1123 in
696 1072 874 1123 arce
905 1046 1058 1146 fuit
1084 1071 1432 1146 summa,
1487 1073 1651 1150 quo
1683 1072 1893 1126 sacra
1919 1040 2310 1153 ferebant,

288 1152 641 1249 Nigranti
675 1152 897 1251 picea
924 1151 1439 1251 trabibusque
1467 1152 1849 1229 obscurus
1879 1157 2212 1235 acernis:

288 1258 449 1331 Has
473 1277 622 1353 ego
656 1253 1057 1333 Dardanio
1086 1255 1354 1331 iuveni
1372 1314 1393 1352 ,

1062 1402 1182 1473 86.
1233 1396 1552 1471 *Lucus
1600 1418 1603 1421 ·

398 1402 519 1471 85.
572 1413 853 1489 ANNOS,

1448 1280 1697 1359 quum
1729 1256 1984 1333 classis
2012 1273 2300 1357 egeret,

1761 1404 1879 1475 87.
1921 1400 2380 1473 *Nmmmn

431 1602 502 1656 82
544 1602 799 1671 genetrix
833 1600 1027 1671 set-tm
1061 1602 1243 1667 Rom„
1300 1608 1355 1653 et
1400 1599 1478 1653 sic
1525 1602 1689 1656 Goth.
1733 1620 1814 1671 pr.
1883 1604 2272 1673 (Berecynthia
2315 1602 2533 1669 Medica

290 1670 402 1724 via.
438 1672 508 1725 v.
531 1670 593 1724 1..
631 1673 697 1723 aa
732 1670 822 1736 v1‚
870 1668 993 1726 785.
1044 1674 1188 1739 W..)

1328 1670 1396 1725 83
1438 1676 1525 1722 Da
1540 1711 1556 1736 ,
1602 1690 1659 1726 n.
1705 1676 1929 1739 parenti
1969 1674 2125 1727 Goth.
2172 1683 2298 1731 tert.
2363 1685 2544 1746 gnate,

291 1758 424 1793 nnus
458 1741 668 1808 Menag.
704 1740 797 1793 alt.
832 1740 961 1805 (vid.
999 1743 1067 1805 Q.
1098 1742 1163 1791 V.
1198 1740 1505 1805 XXXVIII,
1539 1740 1592 1795 3.
1643 1744 1787 1810 Wr.)

1925 1742 1996 1799 84
2035 1746 2146 1795 iam
2189 1746 2366 1814 poscit
2402 1746 2535 1797 Ven.

293 1806 529 1863 domitor
562 1822 618 1861 te
648 1829 704 1881 p.
746 1810 963 1881 Olympi
992 1810 1246 1865 Wadde1.
1276 1808 1426 1873 ibid„
1459 1810 1758 1879 ingeniose3
1793 1812 1890 1865 sed
1923 1814 2062 1865 conf.
2096 1814 2225 1865 Not.
2329 1812 2396 1867 85
2433 1812 2535 1865 de-

292 1880 437 1934 lecta
459 1880 651 1931 Medic.
679 1896 793 1931 cum
816 1884 995 1949 Sprot.
1022 1890 1076 1931 et
1102 1880 1349 1931 Rottend.
1376 1897 1459 1949 pr.

1599 1882 1670 1935 86
1702 1880 1962 1935 tenebant
1995 1882 2128 1934 Gud.
2155 1900 2185 1933 a
2210 1900 2280 1935 m.
2308 1900 2535 1965 puopa-

293 1948 495 2001 rabam
538 1948 741 2002 zulich.
782 1950 850 2003 cf.
894 1950 986 2015 VI,
1020 1950 1139 2005 810.
1209 1950 1447 2000 Ceterum
1488 1950 1558 2001 ad
1599 1950 1698 2001 hos
1737 1969 1918 2005 versus
1942 1951 2026 2007 85.
2056 1952 2139 2005 86.
2177 1953 2245 2006 87
2279 1968 2537 2003 nemmem

292 2016 575 2069 offendisse
610 2020 789 2071 miror.
858 2018 985 2070 Esse
1018 2020 1153 2071 enim
1198 2017 1404 2070 hiulcos
1451 2028 1507 2069 et
1543 2020 1786 2084 scabros,
1829 2039 1926 2073 nec
1961 2020 2222 2073 sententia
2249 2022 2537 2073 cohaerere

292 2104 409 2142 cum
440 2086 663 2154 ceteris,
696 2089 764 2141 ad
790 2105 994 2140 sensum
1032 2088 1267 2156 proclive
1308 2096 1421 2139 est:
1462 2090 1632 2157 pinea
1673 2090 1816 2141 silva
1855 2090 1987 2141 mihi
2005 2120 2076 2129 —
2112 2093 2298 2142 Lucus
2328 2093 2384 2142 in
2409 2108 2537 2143 arce

280 2154 519 2225 suie—,
552 2175 797 2227 quorsum
838 2176 975 2210 nuno
1015 2166 1331 2209 memoratur
1371 2158 1530 2214 lucus
1574 2162 1634 2209 ln
1673 2176 1828 2225 aree,
1862 2176 1976 2211 cum
2007 2160 2061 2211 in
2103 2161 2194 2211 Ida
2233 2159 2302 2210 ad
2331 2164 2536 2212 Antan-

290 2226 439 2277 drum
468 2227 649 2279 classis
678 2226 953 2279 aedificata
984 2226 1158 2279 esset?
1193 2244 1289 2279 nec
1314 2225 1369 2276 in
1399 2227 1634 2295 acropoli
1667 2226 1746 2279 nii
1773 2246 1921 2281 caesa
1946 2246 2059 2281 esse
2087 2228 2262 2299 potuit
2293 2228 2535 2281 materies

288 2296 510 2348 navium.
557 2296 693 2349 alter
716 2298 897 2366 utique
923 2314 1103 2347 versus
1130 2295 1505 2347 rescindendus
1535 2306 1669 2352 erat.
1739 2300 1852 2349 Nec
1872 2299 2000 2349 ‚satis
2031 2308 2456 2363 consentaneum,
2491 2296 2538 2349 si

286 2366 515 2483 Bineam
546 2365 727 2416 silvam
754 2367 915 2431 dixit,
952 2366 1173 2417 eandem
1198 2366 1370 2416 facere
1399 2365 1844 2487 Nigrantilticea
1874 2380 1928 2418 et
1956 2366 2203 2419 acen-ibus
2237 2366 2536 2419 obscuram.

333 2434 597 2485 raestabat
630 2434 810 2485 delere
844 2436 948 2487 dno
974 2452 1153 2487 versus
1170 2473 1184 2497 ,
1228 2444 1489 2501 tamquam
1528 2434 1669 2487 aliun

1711 2453 1739 2486 e
1765 2436 1820 2487 in
1849 2436 2083 2503 margine
2109 2436 2378 2505 appictos‚
2415 2453 2538 2487 mu·—

292 2510 408 2553 tato
437 2519 587 2563 mox.
620 2504 686 2556 iis
715 2504 907 2566 illatis,
954 2520 1069 2556 voc.
1098 2506 1259 2555 Hanc
1288 2502 1345 2552 in
1372 2504 1520 2563 Has3
1556 2502 1739 2556 saltem
1767 2503 2031 2557 includere
2063 2523 2181 2569 eos,
2217 2514 2473 2576 tamquam
2502 2522 2536 2558 a.

290 2580 452 2640 poeta
476 2583 775 2638 narratore,
815 2574 884 2625 ad
912 2572 1400 2640 interpretationem
1416 2572 1659 2636 insertos,
1693 2573 1748 2624 in
1772 2575 1906 2626 hunc
1930 2574 2169 2626 modum:
2205 2575 2379 2626 Pinea
2393 2576 2540 2627 silva

294 2641 427 2692 mihi
446 2641 648 2693 multos
671 2642 873 2696 dilecta
904 2659 1011 2712 per
1050 2657 1229 2691 annos
1256 2642 1478 2705 (Lucus
1506 2642 1565 2691 in
1598 2659 1724 2692 arce
1751 2643 1876 2713 suit
1907 2671 1975 2682 --
2003 2641 2267 2695 obscurus
2301 2643 2538 2710 acer-nis)

297 2713 460 2761 Hanc
491 2727 591 2778 ego
620 2713 687 2760 D.
757 2709 949 2761 Verum
969 2748 986 2775 ,
1032 2719 1092 2759 ut
1119 2708 1371 2770 diximus,
1420 2725 1637 2775 prorsus
1666 2721 1786 2760 sunt
1825 2711 1983 2762 alieni
2009 2711 2076 2762 ab
2101 2713 2159 2765 h.
2185 2713 2222 2762 l.
2293 2712 2540 2778 (Removi

293 2780 573 2830 asteriscos
593 2777 827 2830 versibus
859 2781 942 2833 86.
962 2786 1017 2828 et
1036 2778 1120 2832 87.
1150 2775 1438 2846 appositos.
1493 2777 1706 2842 Nesci0,
1733 2779 1858 2846 quid
1891 2781 2146 2848 Heyuium
2173 2778 2260 2830 hic
2281 2780 2356 2832 ita
2380 2798 2540 2848 prae—

292 2847 507 2917 cipitem
553 2851 735 2918 egerit.
802 2849 892 2902 Ne
929 2856 1057 2900 nnus
1096 2846 1305 2916 quidem
1340 2846 1529 2898 horum
1565 2847 1936 2899 versiculorum
1968 2848 2091 2900 toni
2130 2847 2333 2917 poterit
2347 2887 2364 2913 ‚
2416 2845 2540 2918 quin

294 3025 369 3087 cf.
398 3047 457 3086 v.
490 3027 593 3094 85.
622 3022 725 3102 86,
752 3045 874 3085 non
905 3026 1101 3089 minus
1139 3043 1205 3084 ac
1246 3025 1377 3082 Be-
1458 3023 1708 3086 eandem
1735 3045 1874 3086 cum
1913 3025 2128 3108 Cybele
2173 3043 2294 3084 esse
2337 3020 2541 3104 perhi-

242 3183 255 3196 ·
290 3123 570 3192 reqyntus
581 3155 609 3184 ,
653 3111 944 3194 Phrygiae
973 3132 1141 3171 mons
1170 3121 1227 3169 et
1253 3122 1375 3170 tra-

293 3210 435 3274 ctus,
464 3219 499 3256 a
528 3195 646 3282 quo
680 3197 738 3257 h.
768 3201 811 3258 1.
840 3219 1060 3258 nomen
1087 3198 1373 3274 inditum3

294 3287 379 3342 uti
408 3286 547 3344 alias
574 3287 675 3343 illa
704 3285 897 3344 Idaea
941 3285 1055 3343 dea
1085 3285 1371 3368 appellata

292 3381 396 3430 est.
440 3371 515 3429 cf.
548 3371 757 3430 Strabo
803 3373 881 3446 X,
926 3391 987 3450 p.
1029 3374 1154 3437 718
1202 3371 1266 3444 C,
1312 3379 1371 3428 et

292 3457 397 3515 inf.
425 3457 504 3531 X,
533 3459 660 3522 252
702 3455 901 3514 Alma
924 3472 1153 3535 parens
1182 3455 1373 3527 Idaea

290 3543 489 3600 deum.
584 3543 1053 3602 Consentaneum
1095 3552 1249 3618 erat,
1308 3551 1374 3599 ut

288 3630 487 3711 pineta
544 3631 761 3687 montis
839 3631 893 3687 ei
953 3639 1141 3687 essent
1192 3645 1373 3686 sacra.

290 3712 395 3778 84.
466 3713 685 3772 domito
761 3712 1018 3794 Ohmpo
1082 3711 1375 3772 adiectum

290 3817 569 3880 quorsum
638 3801 712 3858 sit
741 3844 759 3876 ,
846 3799 1097 3860 dubitari
1166 3808 1373 3878 potest.

291 3885 633 3965 Sequuntur
657 3888 1023 3966 interpretes,
1060 3903 1205 3966 quoa
1234 3882 1372 3958 vidi,

292 3971 598 4044 Servium,
650 3969 903 4030 Videtur
916 4014 942 4042 ,
991 3973 1212 4052 inquit,
1260 3967 1374 4026 hoc

291 4055 485 4113 dicere
503 4079 521 4112 .·
570 4055 827 4114 Praesta
852 4059 907 4114 ei
922 4099 945 4126 ,
990 4057 1164 4114 cuius
1196 4053 1373 4111 hene-

272 4141 429 4216 ficio
459 4149 729 4198 servatus
758 4139 849 4199 ad
897 4140 1145 4221 Ohmpi
1181 4161 1375 4219 regna

292 4226 524 4284 venisti.
636 4225 937 4284 Summus
1013 4229 1171 4284 enim
1232 4245 1372 4282 cum

292 4331 493 4371 omnes
524 4323 887 4370 consumeret
897 4311 1075 4386 filios
1100 4355 1123 4382 ‚
1168 4311 1373 4370 Iovem

290 4396 488 4456 solum
513 4415 632 4454 esse
673 4417 793 4454 non
825 4399 1029 4474 potuit
1042 4440 1068 4469 ,
1112 4395 1373 4456 celatum

292 4485 504 4541 mcv-123
545 4479 713 4562 (Opis
756 4501 861 4542 seu
900 4480 1097 4543 Rheae
1114 4527 1133 4559 ,
1190 4501 1371 4566 quam

1456 3111 1626 3191 bent)
1673 3112 1923 3170 auxilio.
2012 3113 2094 3170 At
2146 3113 2319 3168 nimis
2362 3112 2540 3188 longe

1455 3201 1704 3280 petitum
1731 3197 1863 3272 hoc,
1902 3217 2040 3257 cum
2067 3195 2162 3256 hio
2193 3195 2266 3255 de
2296 3217 2376 3272 re,
2415 3215 2540 3254 non

1456 3287 1675 3342 recenti
1733 3287 1888 3344 Iovis
1951 3283 2376 3358 dominatione,
2437 3281 2540 3340 sed

1458 3372 1673 3429 Troiae
1701 3380 1906 3450 captae
1940 3380 2204 3450 tempore
2250 3379 2377 3426 acta
2415 3387 2542 3426 ser—

1454 3475 1556 3513 mo
1612 3455 1730 3530 sit3
1798 3457 1900 3514 etsi
1945 3453 2185 3514 doctum
2225 3473 2292 3513 ao
2331 3473 2542 3514 verum

1454 3539 1602 3599 illud
1645 3542 1750 3600 sit:
1810 3542 1886 3602 cf.
1931 3539 2206 3622 Apollod.
2261 3541 2310 3614 Ι,
2371 3531 2428 3615 1,
2479 3543 2540 3604 8.

1455 3628 1689 3686 Paravit
1719 3646 1953 3708 quoque
1970 3630 2184 3686 iterum
2203 3626 2310 3684 sibi
2334 3626 2542 3704 Olym-

1456 3714 1521 3792 pi
1545 3714 1854 3792 imperium
1897 3715 2117 3772 Terrae
2161 3731 2336 3790 opera
2377 3713 2544 3790 lupi-

1457 3809 1548 3856 ter
1576 3817 1775 3877 pugna
1815 3819 1954 3858 cum
1995 3799 2304 3856 Titanibus
2348 3797 2499 3855 facta
2520 3814 2540 3854 ε

1454 3882 1598 3943 ibid.
1639 3885 1685 3960 Ι,
1739 3887 1800 3958 2,
1862 3890 1918 3948 1.
2001 3883 2212 3942 Dicam
2268 3881 2544 3963 equidem

1457 3970 1794 4049 simpliciter
1823 4013 1842 4044 ‚
1924 3967 2216 4028 adiectum
2276 3987 2312 4026 a
2370 3979 2544 4047 poeta

1456 4053 1678 4114 donato
1715 4054 1970 4134 Oh‘mpo
1991 4097 2014 4125 ,
2069 4075 2178 4134 pro
2221 4073 2289 4110 eo
2305 4097 2323 4127 ,
2384 4051 2544 4132 quod

1454 4141 1688 4200 volebat
1705 4185 1722 4216 ,
1781 4151 1840 4199 te
1891 4141 2276 4212 domitorem,
2323 4145 2544 4213 poten·

1458 4235 1576 4284 tem
1630 4225 1879 4304 Olympi
1907 4269 1932 4297 ,
2004 4245 2210 4306 regem
2267 4221 2542 4289 deorum,

1454 4311 1649 4370 dicere
1666 4357 1683 4388 ,
1729 4314 1831 4394 qui
1870 4309 2017 4372 adeo
2057 4318 2250 4390 posset
2275 4305 2544 4383 precibus

1452 4397 1797 4456 satisfacere.
1894 4398 1977 4461 85
2031 4415 2196 4474 seqq.
2249 4399 2546 4466 suspectus

1452 4485 1650 4562 locus3
1689 4481 1852 4540 silva
1884 4492 1942 4540 et
1977 4479 2154 4538 lucus
2194 4475 2402 4533 saltem
2439 4491 2546 4551 per
