<?xml version="1.0" encoding="UTF-8"?>
<!DOCTYPE html PUBLIC "-//W3C//DTD XHTML 1.0 Transitional//EN"
    "http://www.w3.org/TR/xhtml1/DTD/xhtml1-transitional.dtd">
<html xmlns="http://www.w3.org/1999/xhtml" xml:lang="en" lang="en">
 <head>
  <title>
</title>
<meta http-equiv="Content-Type" content="text/html;charset=utf-8" />
  <meta name='ocr-system' content='tesseract 3.04.00' />
  <meta name='ocr-capabilities' content='ocr_page ocr_carea ocr_par ocr_line ocrx_word'/>
</head>
<body>
  <div class='ocr_page' id='page_1' title='image "./pvblivsvirgiliv00unkngoog_0282.png"; bbox 0 0 3009 5050; ppageno 0'>
   <div class='ocr_carea' id='block_1_1' title="bbox 679 402 2577 493">
    <p class='ocr_par' dir='ltr' id='par_1_1' title="bbox 679 402 2577 493">
     <span class='ocr_line' id='line_1_1' title="bbox 679 402 2577 493; baseline 0.006 -12"><span class='ocrx_word' id='word_1_1' title='bbox 679 402 1420 485; x_wconf 80' lang='lat' dir='ltr'><strong>ARGUMENTUM</strong></span> <span class='ocrx_word' id='word_1_2' title='bbox 1461 406 1597 479; x_wconf 87' lang='lat' dir='ltr'><strong>AD</strong></span> <span class='ocrx_word' id='word_1_3' title='bbox 1640 404 1826 485; x_wconf 87' lang='lat' dir='ltr'><strong>LIB.</strong></span> <span class='ocrx_word' id='word_1_4' title='bbox 1852 403 2237 491; x_wconf 82' lang='lat' dir='ltr'><strong>NONUM</strong></span> <span class='ocrx_word' id='word_1_5' title='bbox 2430 420 2577 493; x_wconf 79' lang='lat'><strong>301</strong></span> 
     </span>
    </p>
   </div>
   <div class='ocr_carea' id='block_1_2' title="bbox 331 596 2589 1280">
    <p class='ocr_par' dir='ltr' id='par_1_2' title="bbox 331 596 2589 1280">
     <span class='ocr_line' id='line_1_2' title="bbox 333 596 2587 676; baseline -0.001 -13"><span class='ocrx_word' id='word_1_6' title='bbox 333 599 605 663; x_wconf 62' lang='lat' dir='ltr'><strong>Troianis</strong></span> <span class='ocrx_word' id='word_1_7' title='bbox 635 620 670 657; x_wconf 94' lang='lat' dir='ltr'><strong>e</strong></span> <span class='ocrx_word' id='word_1_8' title='bbox 691 599 998 658; x_wconf 73' lang='lat' dir='ltr'><strong>menibus</strong></span> <span class='ocrx_word' id='word_1_9' title='bbox 1018 598 1213 676; x_wconf 86' lang='lat' dir='ltr'><strong>agnita</strong></span> <span class='ocrx_word' id='word_1_10' title='bbox 1238 598 1543 676; x_wconf 84' lang='lat' dir='ltr'><strong>ingentem</strong></span> <span class='ocrx_word' id='word_1_11' title='bbox 1566 596 1631 655; x_wconf 86' lang='lat' dir='ltr'><strong>in</strong></span> <span class='ocrx_word' id='word_1_12' title='bbox 1644 598 1791 657; x_wconf 83' lang='lat' dir='ltr'><strong>urbe</strong></span> <span class='ocrx_word' id='word_1_13' title='bbox 1818 598 2043 659; x_wconf 79' lang='lat' dir='ltr'><strong>luctum</strong></span> <span class='ocrx_word' id='word_1_14' title='bbox 2070 602 2587 670; x_wconf 68' lang='lat' dir='ltr'><strong>excitant—502.</strong></span> 
     </span>
     <span class='ocr_line' id='line_1_3' title="bbox 331 681 2588 770; baseline 0.001 -23"><span class='ocrx_word' id='word_1_15' title='bbox 331 690 576 747; x_wconf 78' lang='lat' dir='ltr'><strong>Interim</strong></span> <span class='ocrx_word' id='word_1_16' title='bbox 603 687 842 747; x_wconf 83' lang='lat' dir='ltr'><strong>Turnus</strong></span> <span class='ocrx_word' id='word_1_17' title='bbox 869 685 1004 744; x_wconf 79' lang='lat' dir='ltr'><strong>totis</strong></span> <span class='ocrx_word' id='word_1_18' title='bbox 1033 682 1246 743; x_wconf 80' lang='lat' dir='ltr'><strong>viribus</strong></span> <span class='ocrx_word' id='word_1_19' title='bbox 1276 681 1468 741; x_wconf 82' lang='lat' dir='ltr'><strong>hostes</strong></span> <span class='ocrx_word' id='word_1_20' title='bbox 1500 693 1832 761; x_wconf 78' lang='lat' dir='ltr'><strong>oppugnat:</strong></span> <span class='ocrx_word' id='word_1_21' title='bbox 1874 704 2091 764; x_wconf 83' lang='lat' dir='ltr'><strong>magna</strong></span> <span class='ocrx_word' id='word_1_22' title='bbox 2118 688 2411 770; x_wconf 81' lang='lat' dir='ltr'><strong>utrimque</strong></span> <span class='ocrx_word' id='word_1_23' title='bbox 2426 700 2588 767; x_wconf 29' lang='lat' dir='ltr'><strong>,sua-</strong></span> 
     </span>
     <span class='ocr_line' id='line_1_4' title="bbox 335 768 2589 853; baseline 0 -20"><span class='ocrx_word' id='word_1_24' title='bbox 335 795 436 853; x_wconf 86' lang='lat' dir='ltr'><strong>ges</strong></span> <span class='ocrx_word' id='word_1_25' title='bbox 469 771 660 831; x_wconf 81' lang='lat' dir='ltr'>editur</span> <span class='ocrx_word' id='word_1_26' title='bbox 683 804 770 815; x_wconf 91' lang='grc'><strong>--</strong></span> <span class='ocrx_word' id='word_1_27' title='bbox 801 771 946 836; x_wconf 87' lang='grc'><strong>589.</strong></span> <span class='ocrx_word' id='word_1_28' title='bbox 1029 771 1118 829; x_wconf 91' lang='lat' dir='ltr'><strong>Ibi</strong></span> <span class='ocrx_word' id='word_1_29' title='bbox 1145 768 1430 827; x_wconf 83' lang='lat' dir='ltr'><strong>Ascanius</strong></span> <span class='ocrx_word' id='word_1_30' title='bbox 1456 768 1797 827; x_wconf 79' lang='lat' dir='ltr'><strong>Numanum</strong></span> <span class='ocrx_word' id='word_1_31' title='bbox 1820 770 2157 831; x_wconf 81' lang='lat' dir='ltr'><strong>insolentius</strong></span> <span class='ocrx_word' id='word_1_32' title='bbox 2183 794 2245 833; x_wconf 87' lang='lat' dir='ltr'><strong>se</strong></span> <span class='ocrx_word' id='word_1_33' title='bbox 2272 776 2589 833; x_wconf 75' lang='lat' dir='ltr'><strong>iactantem</strong></span> 
     </span>
     <span class='ocr_line' id='line_1_5' title="bbox 335 853 2589 941; baseline 0 -23"><span class='ocrx_word' id='word_1_34' title='bbox 335 861 576 941; x_wconf 73' lang='lat' dir='ltr'><strong>sagittae</strong></span> <span class='ocrx_word' id='word_1_35' title='bbox 603 858 726 916; x_wconf 87' lang='lat' dir='ltr'><strong>ictu</strong></span> <span class='ocrx_word' id='word_1_36' title='bbox 751 855 1022 915; x_wconf 83' lang='lat' dir='ltr'><strong>interficit</strong></span> <span class='ocrx_word' id='word_1_37' title='bbox 1043 888 1134 901; x_wconf 87' lang='lat'><strong>-—-</strong></span> <span class='ocrx_word' id='word_1_38' title='bbox 1163 858 1308 919; x_wconf 86' lang='lat'>671.</span> <span class='ocrx_word' id='word_1_39' title='bbox 1369 853 1669 913; x_wconf 75' lang='lat' dir='ltr'><strong>Pandarus</strong></span> <span class='ocrx_word' id='word_1_40' title='bbox 1701 865 1757 913; x_wconf 92' lang='lat' dir='ltr'><strong>et</strong></span> <span class='ocrx_word' id='word_1_41' title='bbox 1782 856 1962 914; x_wconf 78' lang='lat' dir='ltr'>Bitias</span> <span class='ocrx_word' id='word_1_42' title='bbox 1986 877 2255 917; x_wconf 75' lang='lat' dir='ltr'><strong>successu</strong></span> <span class='ocrx_word' id='word_1_43' title='bbox 2282 860 2419 918; x_wconf 81' lang='lat' dir='ltr'><strong>elati</strong></span> <span class='ocrx_word' id='word_1_44' title='bbox 2444 874 2589 939; x_wconf 74' lang='lat' dir='ltr'><strong>por-³</strong></span> 
     </span>
     <span class='ocr_line' id='line_1_6' title="bbox 335 938 2589 1023; baseline -0 -18"><span class='ocrx_word' id='word_1_45' title='bbox 335 957 460 1006; x_wconf 85' lang='lat' dir='ltr'><strong>tam</strong></span> <span class='ocrx_word' id='word_1_46' title='bbox 489 941 814 1017; x_wconf 79' lang='lat' dir='ltr'><strong>recludunt,</strong></span> <span class='ocrx_word' id='word_1_47' title='bbox 858 938 1164 1023; x_wconf 77' lang='lat' dir='ltr'><strong>hostesque</strong></span> <span class='ocrx_word' id='word_1_48' title='bbox 1191 940 1501 998; x_wconf 83' lang='lat' dir='ltr'><strong>subeuntes</strong></span> <span class='ocrx_word' id='word_1_49' title='bbox 1530 941 1754 1017; x_wconf 84' lang='lat' dir='ltr'><strong>ingenti</strong></span> <span class='ocrx_word' id='word_1_50' title='bbox 1782 940 1959 999; x_wconf 81' lang='lat' dir='ltr'><strong>caede</strong></span> <span class='ocrx_word' id='word_1_51' title='bbox 1983 944 2411 1022; x_wconf 82' lang='lat' dir='ltr'><strong>propellunt-</strong></span> <span class='ocrx_word' id='word_1_52' title='bbox 2438 948 2589 1009; x_wconf 86' lang='grc'><strong>690.</strong></span> 
     </span>
     <span class='ocr_line' id='line_1_7' title="bbox 337 1026 2589 1111; baseline -0.001 -20"><span class='ocrx_word' id='word_1_53' title='bbox 337 1034 480 1091; x_wconf 80' lang='lat' dir='ltr'><strong>Eius</strong></span> <span class='ocrx_word' id='word_1_54' title='bbox 523 1034 607 1089; x_wconf 84' lang='lat' dir='ltr'><strong>rei</strong></span> <span class='ocrx_word' id='word_1_55' title='bbox 647 1031 854 1087; x_wconf 88' lang='lat' dir='ltr'><strong>nuntio</strong></span> <span class='ocrx_word' id='word_1_56' title='bbox 895 1039 1133 1107; x_wconf 72' lang='lat' dir='ltr'><strong>accepto</strong></span> <span class='ocrx_word' id='word_1_57' title='bbox 1179 1026 1419 1085; x_wconf 78' lang='lat' dir='ltr'><strong>Turnus</strong></span> <span class='ocrx_word' id='word_1_58' title='bbox 1457 1044 1563 1105; x_wconf 85' lang='lat' dir='ltr'><strong>per</strong></span> <span class='ocrx_word' id='word_1_59' title='bbox 1598 1034 1831 1103; x_wconf 83' lang='lat' dir='ltr'><strong>portam</strong></span> <span class='ocrx_word' id='word_1_60' title='bbox 1874 1038 2173 1105; x_wconf 87' lang='lat' dir='ltr'><strong>patentem</strong></span> <span class='ocrx_word' id='word_1_61' title='bbox 2210 1032 2275 1089; x_wconf 88' lang='lat' dir='ltr'><strong>in</strong></span> <span class='ocrx_word' id='word_1_62' title='bbox 2303 1029 2589 1111; x_wconf 86' lang='lat' dir='ltr'><strong>oppidum</strong></span> 
     </span>
     <span class='ocr_line' id='line_1_8' title="bbox 337 1110 2589 1197; baseline -0.003 -18"><span class='ocrx_word' id='word_1_63' title='bbox 337 1120 610 1197; x_wconf 82' lang='lat' dir='ltr'><strong>irrumpit</strong></span> <span class='ocrx_word' id='word_1_64' title='bbox 631 1146 722 1159; x_wconf 87' lang='lat'><strong>—--</strong></span> <span class='ocrx_word' id='word_1_65' title='bbox 749 1118 874 1179; x_wconf 83' lang='lat'><strong>733</strong></span> <span class='ocrx_word' id='word_1_66' title='bbox 888 1158 905 1187; x_wconf 94' lang='lat'>‚</span> <span class='ocrx_word' id='word_1_67' title='bbox 965 1114 1370 1192; x_wconf 80' lang='lat' dir='ltr'><strong>Troianosque</strong></span> <span class='ocrx_word' id='word_1_68' title='bbox 1393 1112 1458 1168; x_wconf 88' lang='lat' dir='ltr'><strong>in</strong></span> <span class='ocrx_word' id='word_1_69' title='bbox 1484 1110 1691 1189; x_wconf 84' lang='lat' dir='ltr'><strong>fugam</strong></span> <span class='ocrx_word' id='word_1_70' title='bbox 1718 1114 1999 1172; x_wconf 76' lang='lat' dir='ltr'><strong>convertit</strong></span> <span class='ocrx_word' id='word_1_71' title='bbox 2022 1146 2111 1157; x_wconf 88' lang='lat'><strong>—-</strong></span> <span class='ocrx_word' id='word_1_72' title='bbox 2136 1116 2288 1179; x_wconf 87' lang='lat'>777:</span> <span class='ocrx_word' id='word_1_73' title='bbox 2344 1112 2589 1185; x_wconf 83' lang='lat' dir='ltr'><strong>tandem</strong></span> 
     </span>
     <span class='ocr_line' id='line_1_9' title="bbox 336 1196 2588 1280; baseline -0.002 -18"><span class='ocrx_word' id='word_1_74' title='bbox 336 1200 594 1263; x_wconf 79' lang='lat' dir='ltr'><strong>hostium</strong></span> <span class='ocrx_word' id='word_1_75' title='bbox 635 1198 1012 1259; x_wconf 87' lang='lat' dir='ltr'><strong>multitudine</strong></span> <span class='ocrx_word' id='word_1_76' title='bbox 1061 1200 1488 1258; x_wconf 72' lang='lat' dir='ltr'><strong>circumventus</strong></span> <span class='ocrx_word' id='word_1_77' title='bbox 1503 1240 1523 1272; x_wconf 89' lang='lat'>‚</span> <span class='ocrx_word' id='word_1_78' title='bbox 1564 1197 1871 1277; x_wconf 83' lang='lat' dir='ltr'><strong>paullatim</strong></span> <span class='ocrx_word' id='word_1_79' title='bbox 1916 1196 2071 1257; x_wconf 84' lang='lat' dir='ltr'><strong>cedit</strong></span> <span class='ocrx_word' id='word_1_80' title='bbox 2110 1197 2189 1257; x_wconf 83' lang='lat' dir='ltr'><strong>ad</strong></span> <span class='ocrx_word' id='word_1_81' title='bbox 2225 1218 2358 1259; x_wconf 86' lang='lat' dir='ltr'><strong>eam</strong></span> <span class='ocrx_word' id='word_1_82' title='bbox 2388 1196 2588 1280; x_wconf 84' lang='lat' dir='ltr'><strong>oppidi</strong></span> 
     </span>
    </p>
   </div>
   <div class='ocr_carea' id='block_1_3' title="bbox 337 1284 2587 1448">
    <p class='ocr_par' dir='ltr' id='par_1_3' title="bbox 337 1284 2587 1448">
     <span class='ocr_line' id='line_1_10' title="bbox 337 1284 2587 1371; baseline -0 -27"><span class='ocrx_word' id='word_1_83' title='bbox 337 1301 602 1371; x_wconf 79' lang='lat' dir='ltr'><strong>partem,</strong></span> <span class='ocrx_word' id='word_1_84' title='bbox 675 1305 826 1368; x_wconf 88' lang='lat' dir='ltr'><strong>quae</strong></span> <span class='ocrx_word' id='word_1_85' title='bbox 875 1284 1053 1345; x_wconf 73' lang='lat' dir='ltr'><strong>fluvio</strong></span> <span class='ocrx_word' id='word_1_86' title='bbox 1096 1286 1328 1343; x_wconf 85' lang='lat' dir='ltr'><strong>alluitur</strong></span> <span class='ocrx_word' id='word_1_87' title='bbox 1353 1314 1440 1327; x_wconf 87' lang='lat'><strong>--</strong></span> <span class='ocrx_word' id='word_1_88' title='bbox 1467 1284 1629 1349; x_wconf 84' lang='lat'>789:</span> <span class='ocrx_word' id='word_1_89' title='bbox 1687 1293 1745 1341; x_wconf 90' lang='lat' dir='ltr'><strong>et</strong></span> <span class='ocrx_word' id='word_1_90' title='bbox 1786 1293 1855 1341; x_wconf 89' lang='lat' dir='ltr'><strong>ut</strong></span> <span class='ocrx_word' id='word_1_91' title='bbox 1892 1294 2015 1344; x_wconf 79' lang='lat' dir='ltr'><strong>erat</strong></span> <span class='ocrx_word' id='word_1_92' title='bbox 2040 1294 2323 1361; x_wconf 74' lang='lat' dir='ltr'><strong>armatus,</strong></span> <span class='ocrx_word' id='word_1_93' title='bbox 2366 1284 2587 1345; x_wconf 86' lang='lat' dir='ltr'><strong>flumen</strong></span> 
     </span>
     <span class='ocr_line' id='line_1_11' title="bbox 339 1366 1905 1448; baseline -0.003 -16"><span class='ocrx_word' id='word_1_94' title='bbox 339 1388 605 1448; x_wconf 76' lang='lat' dir='ltr'><strong>tranans,</strong></span> <span class='ocrx_word' id='word_1_95' title='bbox 649 1372 958 1430; x_wconf 83' lang='lat' dir='ltr'><strong>incolumis</strong></span> <span class='ocrx_word' id='word_1_96' title='bbox 987 1368 1062 1429; x_wconf 84' lang='lat' dir='ltr'><strong>ad</strong></span> <span class='ocrx_word' id='word_1_97' title='bbox 1093 1390 1226 1431; x_wconf 83' lang='lat' dir='ltr'><strong>suos</strong></span> <span class='ocrx_word' id='word_1_98' title='bbox 1253 1370 1558 1431; x_wconf 80' lang='lat' dir='ltr'><strong>revertitur</strong></span> <span class='ocrx_word' id='word_1_99' title='bbox 1583 1400 1669 1415; x_wconf 82' lang='lat'><strong>.-.</strong></span> <span class='ocrx_word' id='word_1_100' title='bbox 1696 1366 1773 1427; x_wconf 87' lang='lat' dir='ltr'><strong>ad</strong></span> <span class='ocrx_word' id='word_1_101' title='bbox 1802 1369 1905 1429; x_wconf 89' lang='lat' dir='ltr'><strong>fin.</strong></span> 
     </span>
    </p>
   </div>
   <div class='ocr_carea' id='block_1_4' title="bbox 1264 1598 1668 1610">
    <p class='ocr_par' dir='ltr' id='par_1_4' title="bbox 1264 1598 1668 1610">
     <span class='ocr_line' id='line_1_12' title="bbox 1264 1598 1668 1610; baseline 0.005 -4"><span class='ocrx_word' id='word_1_102' title='bbox 1264 1598 1668 1610; x_wconf 52' lang='lat' dir='ltr'><strong>ffl—</strong></span> 
     </span>
    </p>
   </div>
   <div class='ocr_carea' id='block_1_5' title="bbox 347 1785 2594 1963">
    <p class='ocr_par' dir='ltr' id='par_1_5' title="bbox 347 1785 2594 1963">
     <span class='ocr_line' id='line_1_13' title="bbox 430 1785 2591 1877; baseline 0 -22"><span class='ocrx_word' id='word_1_103' title='bbox 430 1792 604 1868; x_wconf 75' lang='lat' dir='ltr'><strong>Quod</strong></span> <span class='ocrx_word' id='word_1_104' title='bbox 658 1794 782 1875; x_wconf 72' lang='lat' dir='ltr'><strong>ipsa</strong></span> <span class='ocrx_word' id='word_1_105' title='bbox 832 1814 926 1860; x_wconf 79' lang='lat' dir='ltr'><strong>res</strong></span> <span class='ocrx_word' id='word_1_106' title='bbox 995 1805 1054 1855; x_wconf 85' lang='lat' dir='ltr'><strong>et</strong></span> <span class='ocrx_word' id='word_1_107' title='bbox 1125 1785 1432 1875; x_wconf 77' lang='lat' dir='ltr'><strong>prudentia</strong></span> <span class='ocrx_word' id='word_1_108' title='bbox 1512 1792 1603 1852; x_wconf 74' lang='lat' dir='ltr'><strong>nis</strong></span> <span class='ocrx_word' id='word_1_109' title='bbox 1632 1804 1817 1875; x_wconf 76' lang='lat' dir='ltr'><strong>gestas</strong></span> <span class='ocrx_word' id='word_1_110' title='bbox 1844 1805 2098 1857; x_wconf 70' lang='lat' dir='ltr'><strong>ven-satus</strong></span> <span class='ocrx_word' id='word_1_111' title='bbox 2112 1838 2131 1871; x_wconf 92' lang='lat'>‚</span> <span class='ocrx_word' id='word_1_112' title='bbox 2182 1796 2591 1877; x_wconf 70' lang='lat' dir='ltr'><strong>occupavisset,</strong></span> 
     </span>
     <span class='ocr_line' id='line_1_14' title="bbox 347 1880 2594 1963; baseline -0.001 -22"><span class='ocrx_word' id='word_1_113' title='bbox 347 1882 590 1941; x_wconf 74' lang='lat' dir='ltr'><strong>suade-re</strong></span> <span class='ocrx_word' id='word_1_114' title='bbox 636 1880 837 1940; x_wconf 80' lang='lat' dir='ltr'><strong>debuit</strong></span> <span class='ocrx_word' id='word_1_115' title='bbox 851 1926 868 1957; x_wconf 93' lang='lat'>,</span> <span class='ocrx_word' id='word_1_116' title='bbox 926 1892 994 1941; x_wconf 85' lang='lat' dir='ltr'><strong>ut</strong></span> <span class='ocrx_word' id='word_1_117' title='bbox 1035 1902 1141 1961; x_wconf 88' lang='lat' dir='ltr'><strong>per</strong></span> <span class='ocrx_word' id='word_1_118' title='bbox 1196 1883 1432 1941; x_wconf 77' lang='lat' dir='ltr'><strong>Aeneae</strong></span> <span class='ocrx_word' id='word_1_119' title='bbox 1516 1880 1795 1963; x_wconf 82' lang='lat' dir='ltr'><strong>quiequid</strong></span> <span class='ocrx_word' id='word_1_120' title='bbox 1818 1883 2072 1943; x_wconf 77' lang='lat' dir='ltr'><strong>novitate</strong></span> <span class='ocrx_word' id='word_1_121' title='bbox 2114 1890 2175 1940; x_wconf 83' lang='lat' dir='ltr'><strong>et</strong></span> <span class='ocrx_word' id='word_1_122' title='bbox 2217 1884 2368 1941; x_wconf 83' lang='lat' dir='ltr'><strong>vitae</strong></span> <span class='ocrx_word' id='word_1_123' title='bbox 2395 1880 2594 1941; x_wconf 88' lang='lat' dir='ltr'><strong>heroi-</strong></span> 
     </span>
    </p>
   </div>
   <div class='ocr_carea' id='block_1_6' title="bbox 343 1968 1452 4017">
    <p class='ocr_par' dir='ltr' id='par_1_6' title="bbox 343 1968 1452 4017">
     <span class='ocr_line' id='line_1_15' title="bbox 347 1968 1434 2047; baseline -0.001 -20"><span class='ocrx_word' id='word_1_124' title='bbox 347 1970 668 2027; x_wconf 75' lang='lat' dir='ltr'><strong>absemtiam</strong></span> <span class='ocrx_word' id='word_1_125' title='bbox 709 1968 904 2026; x_wconf 78' lang='lat' dir='ltr'><strong>Latini</strong></span> <span class='ocrx_word' id='word_1_126' title='bbox 953 1979 1020 2039; x_wconf 68' lang='lat' dir='ltr'><strong>,et</strong></span> <span class='ocrx_word' id='word_1_127' title='bbox 1063 1968 1263 2027; x_wconf 85' lang='lat' dir='ltr'><strong>Rutuli</strong></span> <span class='ocrx_word' id='word_1_128' title='bbox 1320 1988 1434 2047; x_wconf 87' lang='lat' dir='ltr'><strong>op-</strong></span> 
     </span>
     <span class='ocr_line' id='line_1_16' title="bbox 346 2053 1432 2135; baseline -0.005 -19"><span class='ocrx_word' id='word_1_129' title='bbox 346 2064 676 2135; x_wconf 73' lang='lat' dir='ltr'><strong>pugnarent</strong></span> <span class='ocrx_word' id='word_1_130' title='bbox 743 2053 963 2113; x_wconf 80' lang='lat' dir='ltr'><strong>vallum</strong></span> <span class='ocrx_word' id='word_1_131' title='bbox 1019 2054 1432 2129; x_wconf 77' lang='lat' dir='ltr'><strong>Troianorum,</strong></span> 
     </span>
     <span class='ocr_line' id='line_1_17' title="bbox 351 2137 1434 2223; baseline -0.002 -24"><span class='ocrx_word' id='word_1_132' title='bbox 351 2138 504 2217; x_wconf 81' lang='lat' dir='ltr'><strong>hoo,</strong></span> <span class='ocrx_word' id='word_1_133' title='bbox 543 2142 709 2223; x_wconf 85' lang='lat' dir='ltr'><strong>epico</strong></span> <span class='ocrx_word' id='word_1_134' title='bbox 753 2160 954 2215; x_wconf 89' lang='lat' dir='ltr'><strong>more,</strong></span> <span class='ocrx_word' id='word_1_135' title='bbox 999 2137 1145 2201; x_wconf 85' lang='lat' dir='ltr'><strong>deae</strong></span> <span class='ocrx_word' id='word_1_136' title='bbox 1188 2138 1352 2199; x_wconf 82' lang='lat' dir='ltr'><strong>Iridis</strong></span> <span class='ocrx_word' id='word_1_137' title='bbox 1398 2158 1434 2197; x_wconf 85' lang='lat' dir='ltr'><strong>a</strong></span> 
     </span>
     <span class='ocr_line' id='line_1_18' title="bbox 347 2224 1436 2285; baseline -0.002 -1"><span class='ocrx_word' id='word_1_138' title='bbox 347 2226 572 2285; x_wconf 84' lang='lat' dir='ltr'><strong>lunone</strong></span> <span class='ocrx_word' id='word_1_139' title='bbox 642 2224 852 2285; x_wconf 64' lang='lat' dir='ltr'><strong>mistae</strong></span> <span class='ocrx_word' id='word_1_140' title='bbox 923 2228 1149 2285; x_wconf 86' lang='lat' dir='ltr'><strong>monito</strong></span> <span class='ocrx_word' id='word_1_141' title='bbox 1222 2225 1436 2285; x_wconf 79' lang='lat' dir='ltr'><strong>tribui-</strong></span> 
     </span>
     <span class='ocr_line' id='line_1_19' title="bbox 349 2311 1434 2393; baseline -0.002 -22"><span class='ocrx_word' id='word_1_142' title='bbox 349 2322 473 2371; x_wconf 81' lang='lat' dir='ltr'><strong>tut:</strong></span> <span class='ocrx_word' id='word_1_143' title='bbox 523 2313 768 2371; x_wconf 87' lang='lat' dir='ltr'><strong>Homeri</strong></span> <span class='ocrx_word' id='word_1_144' title='bbox 805 2312 1102 2393; x_wconf 85' lang='lat' dir='ltr'><strong>exemp10,</strong></span> <span class='ocrx_word' id='word_1_145' title='bbox 1146 2330 1206 2369; x_wconf 81' lang='lat' dir='ltr'><strong>v.</strong></span> <span class='ocrx_word' id='word_1_146' title='bbox 1249 2332 1302 2369; x_wconf 85' lang='lat' dir='ltr'><strong>o.</strong></span> <span class='ocrx_word' id='word_1_147' title='bbox 1331 2311 1434 2369; x_wconf 83' lang='lat' dir='ltr'><strong>Ili-</strong></span> 
     </span>
     <span class='ocr_line' id='line_1_20' title="bbox 352 2394 1436 2476; baseline -0.001 -22"><span class='ocrx_word' id='word_1_148' title='bbox 352 2396 446 2455; x_wconf 82' lang='lat' dir='ltr'><strong>ad.</strong></span> <span class='ocrx_word' id='word_1_149' title='bbox 478 2414 532 2470; x_wconf 82' lang='grc' dir='ltr'><strong>σ,</strong></span> <span class='ocrx_word' id='word_1_150' title='bbox 567 2402 688 2461; x_wconf 90' lang='grc'><strong>166</strong></span> <span class='ocrx_word' id='word_1_151' title='bbox 711 2408 824 2455; x_wconf 81' lang='lat' dir='ltr'><strong>eto.</strong></span> <span class='ocrx_word' id='word_1_152' title='bbox 882 2394 978 2455; x_wconf 84' lang='lat' dir='ltr'><strong>Ad</strong></span> <span class='ocrx_word' id='word_1_153' title='bbox 1005 2407 1212 2476; x_wconf 85' lang='lat' dir='ltr'><strong>poetae</strong></span> <span class='ocrx_word' id='word_1_154' title='bbox 1253 2396 1436 2454; x_wconf 82' lang='lat' dir='ltr'><strong>artifi-</strong></span> 
     </span>
     <span class='ocr_line' id='line_1_21' title="bbox 353 2480 1437 2560; baseline 0 -20"><span class='ocrx_word' id='word_1_155' title='bbox 353 2484 514 2540; x_wconf 83' lang='lat' dir='ltr'><strong>cium</strong></span> <span class='ocrx_word' id='word_1_156' title='bbox 571 2480 1008 2560; x_wconf 83' lang='lat' dir='ltr'><strong>agnosoendum</strong></span> <span class='ocrx_word' id='word_1_157' title='bbox 1052 2482 1240 2542; x_wconf 86' lang='lat' dir='ltr'><strong>Servii</strong></span> <span class='ocrx_word' id='word_1_158' title='bbox 1295 2492 1437 2540; x_wconf 86' lang='lat' dir='ltr'><strong>nota</strong></span> 
     </span>
     <span class='ocr_line' id='line_1_22' title="bbox 351 2565 1440 2626; baseline -0.002 -1"><span class='ocrx_word' id='word_1_159' title='bbox 351 2567 524 2626; x_wconf 80' lang='lat' dir='ltr'><strong>facit:</strong></span> <span class='ocrx_word' id='word_1_160' title='bbox 583 2569 664 2624; x_wconf 80' lang='lat' dir='ltr'><strong>In</strong></span> <span class='ocrx_word' id='word_1_161' title='bbox 703 2565 820 2624; x_wconf 73' lang='lat' dir='ltr'><strong>hoe</strong></span> <span class='ocrx_word' id='word_1_162' title='bbox 854 2565 1009 2626; x_wconf 73' lang='lat' dir='ltr'><strong>libro</strong></span> <span class='ocrx_word' id='word_1_163' title='bbox 1053 2567 1305 2626; x_wconf 69' lang='lat' dir='ltr'><strong>mutatio</strong></span> <span class='ocrx_word' id='word_1_164' title='bbox 1353 2577 1440 2624; x_wconf 71' lang='lat' dir='ltr'><strong>est</strong></span> 
     </span>
     <span class='ocr_line' id='line_1_23' title="bbox 355 2651 1444 2726; baseline -0.005 -14"><span class='ocrx_word' id='word_1_165' title='bbox 355 2653 627 2712; x_wconf 77' lang='lat' dir='ltr'><strong>omnium</strong></span> <span class='ocrx_word' id='word_1_166' title='bbox 669 2671 870 2710; x_wconf 81' lang='lat' dir='ltr'><strong>rerum</strong></span> <span class='ocrx_word' id='word_1_167' title='bbox 885 2675 911 2726; x_wconf 86' lang='lat'><strong>,·</strong></span> <span class='ocrx_word' id='word_1_168' title='bbox 985 2673 1138 2710; x_wconf 84' lang='lat' dir='ltr'><strong>nam</strong></span> <span class='ocrx_word' id='word_1_169' title='bbox 1172 2662 1230 2711; x_wconf 77' lang='lat' dir='ltr'><strong>et</strong></span> <span class='ocrx_word' id='word_1_170' title='bbox 1280 2651 1444 2710; x_wconf 79' lang='lat' dir='ltr'><strong>aliae</strong></span> 
     </span>
     <span class='ocr_line' id='line_1_24' title="bbox 343 2737 1448 2817; baseline -0.004 -21"><span class='ocrx_word' id='word_1_171' title='bbox 343 2757 643 2817; x_wconf 68' lang='lat' dir='ltr'><strong>personae</strong></span> <span class='ocrx_word' id='word_1_172' title='bbox 687 2748 747 2794; x_wconf 72' lang='lat' dir='ltr'><strong>et</strong></span> <span class='ocrx_word' id='word_1_173' title='bbox 805 2737 945 2796; x_wconf 80' lang='lat' dir='ltr'><strong>loca</strong></span> <span class='ocrx_word' id='word_1_174' title='bbox 983 2737 1114 2794; x_wconf 79' lang='lat' dir='ltr'><strong>alia</strong></span> <span class='ocrx_word' id='word_1_175' title='bbox 1157 2745 1300 2794; x_wconf 73' lang='lat' dir='ltr'><strong>sunt</strong></span> <span class='ocrx_word' id='word_1_176' title='bbox 1313 2778 1340 2807; x_wconf 88' lang='lat'><em>,</em></span> <span class='ocrx_word' id='word_1_177' title='bbox 1388 2746 1448 2792; x_wconf 74' lang='lat' dir='ltr'><strong>et</strong></span> 
     </span>
     <span class='ocr_line' id='line_1_25' title="bbox 352 2817 1443 2902; baseline -0.004 -21"><span class='ocrx_word' id='word_1_178' title='bbox 352 2823 538 2885; x_wconf 77' lang='lat' dir='ltr'><strong>aliud</strong></span> <span class='ocrx_word' id='word_1_179' title='bbox 586 2825 896 2902; x_wconf 77' lang='lat' dir='ltr'><strong>negotium</strong></span> <span class='ocrx_word' id='word_1_180' title='bbox 935 2822 1244 2898; x_wconf 73' lang='lat' dir='ltr'><strong>incipitur.</strong></span> <span class='ocrx_word' id='word_1_181' title='bbox 1333 2819 1404 2878; x_wconf 85' lang='lat' dir='ltr'><em>A</em></span> <span class='ocrx_word' id='word_1_182' title='bbox 1408 2817 1443 2877; x_wconf 84' lang='lat' dir='ltr'><strong>b</strong></span> 
     </span>
     <span class='ocr_line' id='line_1_26' title="bbox 355 2905 1443 2980; baseline -0.001 -12"><span class='ocrx_word' id='word_1_183' title='bbox 355 2909 574 2968; x_wconf 82' lang='lat' dir='ltr'><strong>Aenea</strong></span> <span class='ocrx_word' id='word_1_184' title='bbox 605 2912 764 2966; x_wconf 70' lang='lat' dir='ltr'><strong>enim</strong></span> <span class='ocrx_word' id='word_1_185' title='bbox 785 2909 1006 2980; x_wconf 65' lang='lat' dir='ltr'><strong>transit</strong></span> <span class='ocrx_word' id='word_1_186' title='bbox 1030 2905 1120 2966; x_wconf 83' lang='lat' dir='ltr'><strong>ad</strong></span> <span class='ocrx_word' id='word_1_187' title='bbox 1144 2907 1443 2978; x_wconf 63' lang='lat' dir='ltr'><strong>Danum„</strong></span> 
     </span>
     <span class='ocr_line' id='line_1_27' title="bbox 354 2993 1444 3071; baseline -0.006 -15"><span class='ocrx_word' id='word_1_188' title='bbox 354 3017 396 3056; x_wconf 85' lang='lat' dir='ltr'><strong><em>a</em></strong></span> <span class='ocrx_word' id='word_1_189' title='bbox 459 2997 680 3054; x_wconf 66' lang='grc' dir='ltr'><em>Ἰῖιεσὲα</em></span> <span class='ocrx_word' id='word_1_190' title='bbox 739 2993 832 3053; x_wconf 83' lang='lat' dir='ltr'><strong>ad</strong></span> <span class='ocrx_word' id='word_1_191' title='bbox 865 2993 1145 3052; x_wconf 85' lang='lat' dir='ltr'><strong>Ardeam</strong></span> <span class='ocrx_word' id='word_1_192' title='bbox 1153 3016 1181 3068; x_wconf 88' lang='lat'><strong>,·</strong></span> <span class='ocrx_word' id='word_1_193' title='bbox 1241 3013 1283 3050; x_wconf 84' lang='lat' dir='ltr'><strong><em>a</em></strong></span> <span class='ocrx_word' id='word_1_194' title='bbox 1323 3013 1444 3071; x_wconf 85' lang='lat' dir='ltr'><strong>pe-</strong></span> 
     </span>
     <span class='ocr_line' id='line_1_28' title="bbox 358 3075 1437 3140; baseline -0.001 -2"><span class='ocrx_word' id='word_1_195' title='bbox 358 3083 563 3140; x_wconf 75' lang='lat' dir='ltr'><strong>titione</strong></span> <span class='ocrx_word' id='word_1_196' title='bbox 624 3079 998 3139; x_wconf 70' lang='lat' dir='ltr'><strong>auxiliorum</strong></span> <span class='ocrx_word' id='word_1_197' title='bbox 1049 3079 1143 3138; x_wconf 80' lang='lat' dir='ltr'><strong>ad</strong></span> <span class='ocrx_word' id='word_1_198' title='bbox 1192 3075 1437 3137; x_wconf 80' lang='lat' dir='ltr'><strong>bellum.</strong></span> 
     </span>
     <span class='ocr_line' id='line_1_29' title="bbox 356 3163 1446 3247; baseline -0.002 -21"><span class='ocrx_word' id='word_1_199' title='bbox 356 3165 626 3227; x_wconf 82' lang='lat' dir='ltr'><strong>Redeunt</strong></span> <span class='ocrx_word' id='word_1_200' title='bbox 653 3178 853 3224; x_wconf 88' lang='lat' dir='ltr'><strong>autem</strong></span> <span class='ocrx_word' id='word_1_201' title='bbox 881 3163 1077 3224; x_wconf 83' lang='lat' dir='ltr'><strong>inhoc</strong></span> <span class='ocrx_word' id='word_1_202' title='bbox 1109 3177 1166 3223; x_wconf 87' lang='lat' dir='ltr'><strong>et</strong></span> <span class='ocrx_word' id='word_1_203' title='bbox 1191 3185 1446 3247; x_wconf 81' lang='lat' dir='ltr'><strong>sequen-</strong></span> 
     </span>
     <span class='ocr_line' id='line_1_30' title="bbox 357 3249 1445 3332; baseline -0.001 -21"><span class='ocrx_word' id='word_1_204' title='bbox 357 3254 508 3313; x_wconf 79' lang='lat' dir='ltr'><strong>tibus</strong></span> <span class='ocrx_word' id='word_1_205' title='bbox 557 3254 712 3312; x_wconf 81' lang='lat' dir='ltr'><strong>libris</strong></span> <span class='ocrx_word' id='word_1_206' title='bbox 760 3262 993 3312; x_wconf 85' lang='lat' dir='ltr'><strong>narrata</strong></span> <span class='ocrx_word' id='word_1_207' title='bbox 1032 3253 1314 3332; x_wconf 79' lang='lat' dir='ltr'><strong>pleraque</strong></span> <span class='ocrx_word' id='word_1_208' title='bbox 1369 3249 1445 3310; x_wconf 83' lang='lat' dir='ltr'><strong>ad</strong></span> 
     </span>
     <span class='ocr_line' id='line_1_31' title="bbox 358 3338 1442 3418; baseline -0.002 -22"><span class='ocrx_word' id='word_1_209' title='bbox 358 3338 598 3398; x_wconf 78' lang='lat' dir='ltr'><strong>bellicos</strong></span> <span class='ocrx_word' id='word_1_210' title='bbox 673 3347 980 3418; x_wconf 80' lang='lat' dir='ltr'><strong>apparatus</strong></span> <span class='ocrx_word' id='word_1_211' title='bbox 1055 3349 1112 3395; x_wconf 86' lang='lat' dir='ltr'><strong>et</strong></span> <span class='ocrx_word' id='word_1_212' title='bbox 1181 3355 1442 3418; x_wconf 85' lang='lat' dir='ltr'><strong>pugnas:</strong></span> 
     </span>
     <span class='ocr_line' id='line_1_32' title="bbox 363 3425 1448 3506; baseline -0.002 -24"><span class='ocrx_word' id='word_1_213' title='bbox 363 3425 748 3506; x_wconf 86' lang='lat' dir='ltr'><strong>quamobrem</strong></span> <span class='ocrx_word' id='word_1_214' title='bbox 785 3434 959 3503; x_wconf 86' lang='lat' dir='ltr'><strong>poeta</strong></span> <span class='ocrx_word' id='word_1_215' title='bbox 997 3443 1062 3480; x_wconf 78' lang='lat' dir='ltr'><strong>se</strong></span> <span class='ocrx_word' id='word_1_216' title='bbox 1089 3433 1448 3482; x_wconf 80' lang='lat' dir='ltr'><strong>coarctatum</strong></span> 
     </span>
     <span class='ocr_line' id='line_1_33' title="bbox 361 3507 1447 3588; baseline -0.002 -20"><span class='ocrx_word' id='word_1_217' title='bbox 361 3521 420 3568; x_wconf 87' lang='lat' dir='ltr'><strong>et</strong></span> <span class='ocrx_word' id='word_1_218' title='bbox 446 3511 946 3588; x_wconf 78' lang='lat' dir='ltr'><strong>circumscriptum</strong></span> <span class='ocrx_word' id='word_1_219' title='bbox 988 3510 1198 3566; x_wconf 78' lang='lat' dir='ltr'><strong>sentire</strong></span> <span class='ocrx_word' id='word_1_220' title='bbox 1229 3507 1447 3583; x_wconf 80' lang='lat' dir='ltr'><strong>debuit,</strong></span> 
     </span>
     <span class='ocr_line' id='line_1_34' title="bbox 363 3591 1449 3674; baseline -0.002 -22"><span class='ocrx_word' id='word_1_221' title='bbox 363 3593 510 3654; x_wconf 89' lang='lat' dir='ltr'><strong>dum</strong></span> <span class='ocrx_word' id='word_1_222' title='bbox 549 3597 842 3653; x_wconf 77' lang='lat' dir='ltr'><strong>Homerus</strong></span> <span class='ocrx_word' id='word_1_223' title='bbox 883 3591 1109 3654; x_wconf 86' lang='lat' dir='ltr'><strong>dudum</strong></span> <span class='ocrx_word' id='word_1_224' title='bbox 1149 3610 1219 3651; x_wconf 87' lang='lat' dir='ltr'><strong>ea</strong></span> <span class='ocrx_word' id='word_1_225' title='bbox 1235 3637 1252 3668; x_wconf 88' lang='lat'>,</span> <span class='ocrx_word' id='word_1_226' title='bbox 1297 3613 1449 3674; x_wconf 80' lang='lat' dir='ltr'><strong>quae</strong></span> 
     </span>
     <span class='ocr_line' id='line_1_35' title="bbox 359 3679 1451 3760; baseline -0.002 -22"><span class='ocrx_word' id='word_1_227' title='bbox 359 3682 422 3738; x_wconf 87' lang='lat' dir='ltr'><strong>in</strong></span> <span class='ocrx_word' id='word_1_228' title='bbox 449 3697 650 3760; x_wconf 80' lang='lat' dir='ltr'><strong>pugna</strong></span> <span class='ocrx_word' id='word_1_229' title='bbox 669 3679 794 3738; x_wconf 84' lang='lat' dir='ltr'><strong>fieri</strong></span> <span class='ocrx_word' id='word_1_230' title='bbox 821 3679 1026 3754; x_wconf 79' lang='lat' dir='ltr'><strong>solent,</strong></span> <span class='ocrx_word' id='word_1_231' title='bbox 1053 3692 1285 3738; x_wconf 79' lang='lat' dir='ltr'><strong>summa</strong></span> <span class='ocrx_word' id='word_1_232' title='bbox 1312 3697 1451 3736; x_wconf 86' lang='lat' dir='ltr'><strong>oum</strong></span> 
     </span>
     <span class='ocr_line' id='line_1_36' title="bbox 362 3763 1452 3846; baseline -0.006 -17"><span class='ocrx_word' id='word_1_233' title='bbox 362 3768 638 3838; x_wconf 71' lang='lat' dir='ltr'><strong>varietate</strong></span> <span class='ocrx_word' id='word_1_234' title='bbox 669 3777 729 3824; x_wconf 88' lang='lat' dir='ltr'><strong>et</strong></span> <span class='ocrx_word' id='word_1_235' title='bbox 774 3763 942 3846; x_wconf 82' lang='lat' dir='ltr'><strong>eopia</strong></span> <span class='ocrx_word' id='word_1_236' title='bbox 973 3767 1330 3844; x_wconf 77' lang='lat' dir='ltr'><strong>exposuisset</strong></span> <span class='ocrx_word' id='word_1_237' title='bbox 1359 3773 1452 3822; x_wconf 78' lang='lat' dir='ltr'><strong>at·-</strong></span> 
     </span>
     <span class='ocr_line' id='line_1_37' title="bbox 365 3850 1452 3932; baseline 0 -24"><span class='ocrx_word' id='word_1_238' title='bbox 365 3869 482 3932; x_wconf 88' lang='lat' dir='ltr'><strong>que</strong></span> <span class='ocrx_word' id='word_1_239' title='bbox 501 3895 518 3924; x_wconf 85' lang='lat'>,</span> <span class='ocrx_word' id='word_1_240' title='bbox 577 3851 728 3910; x_wconf 81' lang='lat' dir='ltr'><strong>eirea</strong></span> <span class='ocrx_word' id='word_1_241' title='bbox 767 3871 858 3910; x_wconf 75' lang='lat' dir='ltr'><strong>res</strong></span> <span class='ocrx_word' id='word_1_242' title='bbox 897 3850 1106 3909; x_wconf 85' lang='lat' dir='ltr'><strong>eadem</strong></span> <span class='ocrx_word' id='word_1_243' title='bbox 1157 3859 1342 3909; x_wconf 82' lang='lat' dir='ltr'><strong>aetate</strong></span> <span class='ocrx_word' id='word_1_244' title='bbox 1393 3860 1452 3922; x_wconf 74' lang='lat' dir='ltr'><strong>et</strong></span> 
     </span>
     <span class='ocr_line' id='line_1_38' title="bbox 367 3930 1452 4017; baseline -0.002 -21"><span class='ocrx_word' id='word_1_245' title='bbox 367 3930 578 3996; x_wconf 87' lang='lat' dir='ltr'><strong>eodem</strong></span> <span class='ocrx_word' id='word_1_246' title='bbox 632 3937 787 3996; x_wconf 90' lang='lat' dir='ltr'><strong>bello</strong></span> <span class='ocrx_word' id='word_1_247' title='bbox 836 3945 899 3995; x_wconf 84' lang='lat' dir='ltr'><strong>et</strong></span> <span class='ocrx_word' id='word_1_248' title='bbox 941 3937 1014 3998; x_wconf 83' lang='lat' dir='ltr'><strong>ab</strong></span> <span class='ocrx_word' id='word_1_249' title='bbox 1057 3937 1194 4017; x_wconf 72' lang='lat' dir='ltr'><strong>ipsis</strong></span> <span class='ocrx_word' id='word_1_250' title='bbox 1236 3935 1452 3996; x_wconf 86' lang='lat' dir='ltr'><strong>Troia-</strong></span> 
     </span>
    </p>
   </div>
   <div class='ocr_carea' id='block_1_7' title="bbox 1514 1970 2605 2904">
    <p class='ocr_par' dir='ltr' id='par_1_7' title="bbox 1514 1970 2605 2904">
     <span class='ocr_line' id='line_1_39' title="bbox 1516 1970 2594 2048; baseline 0.002 -23"><span class='ocrx_word' id='word_1_251' title='bbox 1516 1984 1619 2028; x_wconf 83' lang='lat' dir='ltr'><strong>oae</strong></span> <span class='ocrx_word' id='word_1_252' title='bbox 1684 1986 1850 2027; x_wconf 83' lang='lat' dir='ltr'><strong>more</strong></span> <span class='ocrx_word' id='word_1_253' title='bbox 1901 1970 2131 2048; x_wconf 83' lang='lat' dir='ltr'><strong>plaeere</strong></span> <span class='ocrx_word' id='word_1_254' title='bbox 2170 1978 2379 2046; x_wconf 85' lang='lat' dir='ltr'><strong>posset.</strong></span> <span class='ocrx_word' id='word_1_255' title='bbox 2464 1971 2594 2027; x_wconf 72' lang='lat' dir='ltr'><strong>Hoc</strong></span> 
     </span>
     <span class='ocr_line' id='line_1_40' title="bbox 1514 2053 2597 2135; baseline 0.001 -25"><span class='ocrx_word' id='word_1_256' title='bbox 1514 2054 1848 2114; x_wconf 71' lang='lat' dir='ltr'><strong>meminisse</strong></span> <span class='ocrx_word' id='word_1_257' title='bbox 1899 2053 2143 2128; x_wconf 81' lang='lat' dir='ltr'><strong>debent,</strong></span> <span class='ocrx_word' id='word_1_258' title='bbox 2202 2056 2304 2135; x_wconf 87' lang='lat' dir='ltr'><strong>qui</strong></span> <span class='ocrx_word' id='word_1_259' title='bbox 2358 2054 2597 2111; x_wconf 75' lang='lat' dir='ltr'><strong>ultimos</strong></span> 
     </span>
     <span class='ocr_line' id='line_1_41' title="bbox 1515 2139 2597 2199; baseline 0.001 -3"><span class='ocrx_word' id='word_1_260' title='bbox 1515 2139 1691 2197; x_wconf 82' lang='lat' dir='ltr'><strong>libros</strong></span> <span class='ocrx_word' id='word_1_261' title='bbox 1716 2158 1912 2197; x_wconf 81' lang='lat' dir='ltr'><strong>rerum</strong></span> <span class='ocrx_word' id='word_1_262' title='bbox 1936 2142 2195 2199; x_wconf 73' lang='lat' dir='ltr'><strong>novitate</strong></span> <span class='ocrx_word' id='word_1_263' title='bbox 2238 2149 2296 2197; x_wconf 87' lang='lat' dir='ltr'><strong>et</strong></span> <span class='ocrx_word' id='word_1_264' title='bbox 2320 2140 2597 2199; x_wconf 79' lang='lat' dir='ltr'><strong>varietate</strong></span> 
     </span>
     <span class='ocr_line' id='line_1_42' title="bbox 1520 2226 2598 2304; baseline 0 -21"><span class='ocrx_word' id='word_1_265' title='bbox 1520 2242 1713 2285; x_wconf 79' lang='lat' dir='ltr'><strong>carere</strong></span> <span class='ocrx_word' id='word_1_266' title='bbox 1752 2226 2025 2285; x_wconf 83' lang='lat' dir='ltr'><strong>clamant.</strong></span> <span class='ocrx_word' id='word_1_267' title='bbox 2112 2226 2460 2304; x_wconf 85' lang='lat' dir='ltr'><strong>Argumenti</strong></span> <span class='ocrx_word' id='word_1_268' title='bbox 2486 2244 2598 2283; x_wconf 87' lang='lat' dir='ltr'><strong>na-</strong></span> 
     </span>
     <span class='ocr_line' id='line_1_43' title="bbox 1517 2306 2599 2385; baseline 0.001 -17"><span class='ocrx_word' id='word_1_269' title='bbox 1517 2320 1649 2368; x_wconf 85' lang='lat' dir='ltr'><strong>tura</strong></span> <span class='ocrx_word' id='word_1_270' title='bbox 1676 2312 1741 2369; x_wconf 85' lang='lat' dir='ltr'><strong>in</strong></span> <span class='ocrx_word' id='word_1_271' title='bbox 1768 2314 1967 2371; x_wconf 83' lang='lat' dir='ltr'><strong>ceteris</strong></span> <span class='ocrx_word' id='word_1_272' title='bbox 1994 2322 2121 2371; x_wconf 86' lang='lat' dir='ltr'><strong>tam</strong></span> <span class='ocrx_word' id='word_1_273' title='bbox 2148 2310 2321 2385; x_wconf 83' lang='lat' dir='ltr'><strong>felix,</strong></span> <span class='ocrx_word' id='word_1_274' title='bbox 2366 2306 2475 2369; x_wconf 87' lang='lat' dir='ltr'><strong>hao</strong></span> <span class='ocrx_word' id='word_1_275' title='bbox 2504 2321 2599 2377; x_wconf 67' lang='lat' dir='ltr'><strong>tet-,-</strong></span> 
     </span>
     <span class='ocr_line' id='line_1_44' title="bbox 1516 2396 2598 2476; baseline 0 -23"><span class='ocrx_word' id='word_1_276' title='bbox 1516 2412 1659 2453; x_wconf 88' lang='lat' dir='ltr'><strong>men</strong></span> <span class='ocrx_word' id='word_1_277' title='bbox 1698 2396 1763 2453; x_wconf 89' lang='lat' dir='ltr'><strong>in</strong></span> <span class='ocrx_word' id='word_1_278' title='bbox 1802 2408 1969 2476; x_wconf 83' lang='lat' dir='ltr'><strong>parte</strong></span> <span class='ocrx_word' id='word_1_279' title='bbox 1992 2398 2305 2455; x_wconf 82' lang='lat' dir='ltr'><strong>Homerico</strong></span> <span class='ocrx_word' id='word_1_280' title='bbox 2348 2414 2458 2454; x_wconf 76' lang='lat' dir='ltr'><strong>usu</strong></span> <span class='ocrx_word' id='word_1_281' title='bbox 2488 2416 2598 2453; x_wconf 85' lang='lat' dir='ltr'><strong>ex-</strong></span> 
     </span>
     <span class='ocr_line' id='line_1_45' title="bbox 1516 2480 2596 2570; baseline 0.002 -33"><span class='ocrx_word' id='word_1_282' title='bbox 1516 2490 1757 2570; x_wconf 68' lang='lat' dir='ltr'><strong>tenuata</strong></span> <span class='ocrx_word' id='word_1_283' title='bbox 1784 2490 1841 2540; x_wconf 91' lang='lat' dir='ltr'><strong>et</strong></span> <span class='ocrx_word' id='word_1_284' title='bbox 1871 2480 2167 2557; x_wconf 66' lang='lat' dir='ltr'><strong>exhausta,</strong></span> <span class='ocrx_word' id='word_1_285' title='bbox 2197 2482 2488 2541; x_wconf 77' lang='lat' dir='ltr'><strong>abnuebat</strong></span> <span class='ocrx_word' id='word_1_286' title='bbox 2508 2500 2596 2556; x_wconf 89' lang='lat' dir='ltr'><strong>ea,</strong></span> 
     </span>
     <span class='ocr_line' id='line_1_46' title="bbox 1524 2565 2603 2646; baseline 0.006 -23"><span class='ocrx_word' id='word_1_287' title='bbox 1524 2583 1675 2646; x_wconf 84' lang='lat' dir='ltr'><strong>quae</strong></span> <span class='ocrx_word' id='word_1_288' title='bbox 1703 2567 1779 2641; x_wconf 40' lang='lat' dir='ltr'><strong>,in</strong></span> <span class='ocrx_word' id='word_1_289' title='bbox 1818 2579 1991 2646; x_wconf 83' lang='lat' dir='ltr'><strong>poeta</strong></span> <span class='ocrx_word' id='word_1_290' title='bbox 2042 2565 2421 2629; x_wconf 84' lang='lat' dir='ltr'><strong>desideranda</strong></span> <span class='ocrx_word' id='word_1_291' title='bbox 2478 2585 2603 2629; x_wconf 75' lang='lat' dir='ltr'><strong>esse</strong></span> 
     </span>
     <span class='ocr_line' id='line_1_47' title="bbox 1526 2651 2603 2732; baseline 0.002 -24"><span class='ocrx_word' id='word_1_292' title='bbox 1526 2651 1892 2711; x_wconf 80' lang='lat' dir='ltr'><strong>arbitrantur.</strong></span> <span class='ocrx_word' id='word_1_293' title='bbox 1934 2651 2057 2716; x_wconf 88' lang='lat' dir='ltr'><strong>Sed</strong></span> <span class='ocrx_word' id='word_1_294' title='bbox 2070 2657 2133 2712; x_wconf 84' lang='lat' dir='ltr'><strong>in</strong></span> <span class='ocrx_word' id='word_1_295' title='bbox 2160 2651 2271 2712; x_wconf 83' lang='lat' dir='ltr'><strong>hae</strong></span> <span class='ocrx_word' id='word_1_296' title='bbox 2291 2655 2413 2732; x_wconf 84' lang='lat' dir='ltr'><strong>ipsa</strong></span> <span class='ocrx_word' id='word_1_297' title='bbox 2424 2673 2603 2732; x_wconf 84' lang='lat' dir='ltr'><strong>argu-</strong></span> 
     </span>
     <span class='ocr_line' id='line_1_48' title="bbox 1522 2735 2604 2816; baseline 0.004 -24"><span class='ocrx_word' id='word_1_298' title='bbox 1522 2738 1713 2794; x_wconf 87' lang='lat' dir='ltr'><strong>menti</strong></span> <span class='ocrx_word' id='word_1_299' title='bbox 1754 2735 1951 2816; x_wconf 86' lang='lat' dir='ltr'><strong>inopia</strong></span> <span class='ocrx_word' id='word_1_300' title='bbox 1994 2737 2215 2798; x_wconf 79' lang='lat' dir='ltr'><strong>attendi</strong></span> <span class='ocrx_word' id='word_1_301' title='bbox 2257 2737 2431 2796; x_wconf 80' lang='lat' dir='ltr'><strong>velim</strong></span> <span class='ocrx_word' id='word_1_302' title='bbox 2473 2741 2604 2796; x_wconf 85' lang='lat' dir='ltr'><strong>ani-</strong></span> 
     </span>
     <span class='ocr_line' id='line_1_49' title="bbox 1524 2819 2605 2904; baseline 0.004 -26"><span class='ocrx_word' id='word_1_303' title='bbox 1524 2839 1697 2880; x_wconf 75' lang='lat' dir='ltr'><strong>mum</strong></span> <span class='ocrx_word' id='word_1_304' title='bbox 1718 2819 1795 2882; x_wconf 86' lang='lat' dir='ltr'><strong>ad</strong></span> <span class='ocrx_word' id='word_1_305' title='bbox 1818 2841 1917 2898; x_wconf 84' lang='lat' dir='ltr'><strong>ea,</strong></span> <span class='ocrx_word' id='word_1_306' title='bbox 1960 2841 2111 2904; x_wconf 88' lang='lat' dir='ltr'><strong>quae</strong></span> <span class='ocrx_word' id='word_1_307' title='bbox 2135 2823 2312 2880; x_wconf 85' lang='lat' dir='ltr'><strong>altera</strong></span> <span class='ocrx_word' id='word_1_308' title='bbox 2341 2843 2417 2880; x_wconf 85' lang='lat' dir='ltr'><strong>ex</strong></span> <span class='ocrx_word' id='word_1_309' title='bbox 2440 2833 2605 2901; x_wconf 80' lang='lat' dir='ltr'><strong>parte</strong></span> 
     </span>
    </p>
   </div>
   <div class='ocr_carea' id='block_1_8' title="bbox 1484 2905 2607 2985">
    <p class='ocr_par' dir='ltr' id='par_1_8' title="bbox 1484 2905 2607 2985">
     <span class='ocr_line' id='line_1_50' title="bbox 1484 2905 2607 2985; baseline 0 -19"><span class='ocrx_word' id='word_1_310' title='bbox 1484 2957 1492 2966; x_wconf 87' lang='lat'><strong>.</strong></span> <span class='ocrx_word' id='word_1_311' title='bbox 1526 2915 1700 2985; x_wconf 82' lang='lat' dir='ltr'><strong>poeta</strong></span> <span class='ocrx_word' id='word_1_312' title='bbox 1743 2905 1820 2964; x_wconf 86' lang='lat' dir='ltr'><strong>ad</strong></span> <span class='ocrx_word' id='word_1_313' title='bbox 1868 2905 2147 2966; x_wconf 85' lang='lat' dir='ltr'><strong>tenendas</strong></span> <span class='ocrx_word' id='word_1_314' title='bbox 2174 2917 2233 2964; x_wconf 86' lang='lat' dir='ltr'><strong>et</strong></span> <span class='ocrx_word' id='word_1_315' title='bbox 2266 2905 2607 2966; x_wconf 66' lang='lat' dir='ltr'><strong>recreandas</strong></span> 
     </span>
    </p>
   </div>
   <div class='ocr_carea' id='block_1_9' title="bbox 1525 2991 2615 4016">
    <p class='ocr_par' dir='ltr' id='par_1_9' title="bbox 1525 2991 2615 4016">
     <span class='ocr_line' id='line_1_51' title="bbox 1525 2991 2609 3070; baseline 0.001 -21"><span class='ocrx_word' id='word_1_316' title='bbox 1525 2993 1851 3070; x_wconf 82' lang='lat' dir='ltr'><strong>legentium</strong></span> <span class='ocrx_word' id='word_1_317' title='bbox 1875 3006 2098 3054; x_wconf 87' lang='lat' dir='ltr'><strong>mentes</strong></span> <span class='ocrx_word' id='word_1_318' title='bbox 2116 2993 2463 3070; x_wconf 77' lang='lat' dir='ltr'><strong>excogitavit</strong></span> <span class='ocrx_word' id='word_1_319' title='bbox 2488 2991 2609 3050; x_wconf 82' lang='lat' dir='ltr'><strong>sol-</strong></span> 
     </span>
     <span class='ocr_line' id='line_1_52' title="bbox 1526 3077 2609 3158; baseline -0.004 -20"><span class='ocrx_word' id='word_1_320' title='bbox 1526 3079 1861 3139; x_wconf 77' lang='lat' dir='ltr'><strong>lot-tissime:</strong></span> <span class='ocrx_word' id='word_1_321' title='bbox 1906 3090 1974 3138; x_wconf 89' lang='lat' dir='ltr'><strong>ut</strong></span> <span class='ocrx_word' id='word_1_322' title='bbox 1998 3081 2063 3140; x_wconf 80' lang='lat' dir='ltr'><strong>in</strong></span> <span class='ocrx_word' id='word_1_323' title='bbox 2091 3077 2207 3137; x_wconf 85' lang='lat' dir='ltr'><strong>hoo</strong></span> <span class='ocrx_word' id='word_1_324' title='bbox 2234 3077 2389 3138; x_wconf 80' lang='lat' dir='ltr'><strong>libro</strong></span> <span class='ocrx_word' id='word_1_325' title='bbox 2414 3080 2609 3158; x_wconf 75' lang='lat' dir='ltr'><strong>episo-</strong></span> 
     </span>
     <span class='ocr_line' id='line_1_53' title="bbox 1531 3163 2609 3246; baseline 0 -24"><span class='ocrx_word' id='word_1_326' title='bbox 1531 3163 1695 3222; x_wconf 88' lang='lat' dir='ltr'><strong>dium</strong></span> <span class='ocrx_word' id='word_1_327' title='bbox 1724 3163 1798 3222; x_wconf 86' lang='lat' dir='ltr'><strong>de</strong></span> <span class='ocrx_word' id='word_1_328' title='bbox 1825 3165 1965 3225; x_wconf 78' lang='lat' dir='ltr'><strong>Niso</strong></span> <span class='ocrx_word' id='word_1_329' title='bbox 1996 3177 2053 3226; x_wconf 88' lang='lat' dir='ltr'><strong>et</strong></span> <span class='ocrx_word' id='word_1_330' title='bbox 2077 3164 2355 3246; x_wconf 76' lang='lat' dir='ltr'><strong>Euryalo.</strong></span> <span class='ocrx_word' id='word_1_331' title='bbox 2412 3165 2609 3222; x_wconf 82' lang='lat' dir='ltr'><strong>Etiam</strong></span> 
     </span>
     <span class='ocr_line' id='line_1_54' title="bbox 1528 3247 2611 3332; baseline -0.002 -22"><span class='ocrx_word' id='word_1_332' title='bbox 1528 3249 1675 3328; x_wconf 73' lang='lat' dir='ltr'><strong>illud</strong></span> <span class='ocrx_word' id='word_1_333' title='bbox 1698 3253 1991 3329; x_wconf 80' lang='lat' dir='ltr'><strong>praeclare</strong></span> <span class='ocrx_word' id='word_1_334' title='bbox 2036 3261 2382 3332; x_wconf 84' lang='lat' dir='ltr'><strong>exputatum</strong></span> <span class='ocrx_word' id='word_1_335' title='bbox 2398 3295 2414 3325; x_wconf 87' lang='lat'>,</span> <span class='ocrx_word' id='word_1_336' title='bbox 2446 3247 2611 3331; x_wconf 86' lang='lat' dir='ltr'><strong>quod</strong></span> 
     </span>
     <span class='ocr_line' id='line_1_55' title="bbox 1529 3333 2610 3415; baseline 0.001 -22"><span class='ocrx_word' id='word_1_337' title='bbox 1529 3333 1644 3394; x_wconf 86' lang='lat' dir='ltr'><strong>hoo</strong></span> <span class='ocrx_word' id='word_1_338' title='bbox 1675 3333 1823 3396; x_wconf 87' lang='lat' dir='ltr'><strong>libro</strong></span> <span class='ocrx_word' id='word_1_339' title='bbox 1852 3357 1944 3397; x_wconf 80' lang='lat' dir='ltr'><strong>res</strong></span> <span class='ocrx_word' id='word_1_340' title='bbox 1974 3340 2207 3397; x_wconf 79' lang='lat' dir='ltr'><strong>absente</strong></span> <span class='ocrx_word' id='word_1_341' title='bbox 2220 3339 2421 3398; x_wconf 81' lang='lat' dir='ltr'><strong>Aenea</strong></span> <span class='ocrx_word' id='word_1_342' title='bbox 2450 3337 2610 3415; x_wconf 77' lang='lat' dir='ltr'><strong>geri—</strong></span> 
     </span>
     <span class='ocr_line' id='line_1_56' title="bbox 1530 3423 2613 3496; baseline 0.001 -17"><span class='ocrx_word' id='word_1_343' title='bbox 1530 3431 1645 3496; x_wconf 88' lang='lat' dir='ltr'><strong>tur,</strong></span> <span class='ocrx_word' id='word_1_344' title='bbox 1688 3431 1756 3480; x_wconf 88' lang='lat' dir='ltr'><strong>ut</strong></span> <span class='ocrx_word' id='word_1_345' title='bbox 1786 3425 1907 3482; x_wconf 73' lang='lat' dir='ltr'><strong>eius</strong></span> <span class='ocrx_word' id='word_1_346' title='bbox 1950 3423 2205 3485; x_wconf 82' lang='lat' dir='ltr'><strong>adventu</strong></span> <span class='ocrx_word' id='word_1_347' title='bbox 2230 3442 2387 3485; x_wconf 76' lang='lat' dir='ltr'><strong>nova</strong></span> <span class='ocrx_word' id='word_1_348' title='bbox 2412 3437 2613 3480; x_wconf 83' lang='lat' dir='ltr'><strong>rerum</strong></span> 
     </span>
     <span class='ocr_line' id='line_1_57' title="bbox 1533 3509 2613 3590; baseline 0 -24"><span class='ocrx_word' id='word_1_349' title='bbox 1533 3511 1857 3588; x_wconf 62' lang='lat' dir='ltr'><strong>expectatio</strong></span> <span class='ocrx_word' id='word_1_350' title='bbox 1906 3509 2030 3570; x_wconf 77' lang='lat' dir='ltr'><strong>fiat.</strong></span> <span class='ocrx_word' id='word_1_351' title='bbox 2110 3513 2233 3568; x_wconf 85' lang='lat' dir='ltr'><strong>Neo</strong></span> <span class='ocrx_word' id='word_1_352' title='bbox 2292 3509 2613 3590; x_wconf 83' lang='lat' dir='ltr'><strong>quicquam</strong></span> 
     </span>
     <span class='ocr_line' id='line_1_58' title="bbox 1530 3593 2613 3675; baseline -0.001 -23"><span class='ocrx_word' id='word_1_353' title='bbox 1530 3593 1787 3675; x_wconf 78' lang='lat' dir='ltr'><strong>iniquius</strong></span> <span class='ocrx_word' id='word_1_354' title='bbox 1828 3595 2051 3656; x_wconf 74' lang='lat' dir='ltr'><strong>factum</strong></span> <span class='ocrx_word' id='word_1_355' title='bbox 2090 3595 2333 3658; x_wconf 79' lang='lat' dir='ltr'><strong>arbitror</strong></span> <span class='ocrx_word' id='word_1_356' title='bbox 2354 3637 2371 3668; x_wconf 92' lang='lat'>,</span> <span class='ocrx_word' id='word_1_357' title='bbox 2432 3611 2613 3674; x_wconf 86' lang='lat' dir='ltr'><strong>quam</strong></span> 
     </span>
     <span class='ocr_line' id='line_1_59' title="bbox 1531 3677 2613 3762; baseline 0.001 -27"><span class='ocrx_word' id='word_1_358' title='bbox 1531 3677 1695 3758; x_wconf 84' lang='lat' dir='ltr'><strong>quod</strong></span> <span class='ocrx_word' id='word_1_359' title='bbox 1750 3677 1868 3739; x_wconf 85' lang='lat' dir='ltr'><strong>hoo·</strong></span> <span class='ocrx_word' id='word_1_360' title='bbox 1932 3683 2125 3762; x_wconf 80' lang='lat' dir='ltr'><strong>ipsum</strong></span> <span class='ocrx_word' id='word_1_361' title='bbox 2194 3677 2613 3760; x_wconf 77' lang='lat' dir='ltr'><strong>reprehensum</strong></span> 
     </span>
     <span class='ocr_line' id='line_1_60' title="bbox 1536 3765 2615 3848; baseline 0.001 -28"><span class='ocrx_word' id='word_1_362' title='bbox 1536 3771 1621 3821; x_wconf 86' lang='lat' dir='ltr'><strong>est</strong></span> <span class='ocrx_word' id='word_1_363' title='bbox 1646 3766 1709 3822; x_wconf 88' lang='lat' dir='ltr'><strong>in</strong></span> <span class='ocrx_word' id='word_1_364' title='bbox 1748 3777 1920 3846; x_wconf 85' lang='lat' dir='ltr'><strong>poeta</strong></span> <span class='ocrx_word' id='word_1_365' title='bbox 1936 3811 1952 3842; x_wconf 89' lang='lat'>,</span> <span class='ocrx_word' id='word_1_366' title='bbox 2006 3765 2167 3848; x_wconf 85' lang='lat' dir='ltr'><strong>quod</strong></span> <span class='ocrx_word' id='word_1_367' title='bbox 2193 3765 2307 3824; x_wconf 84' lang='lat' dir='ltr'><strong>hoo</strong></span> <span class='ocrx_word' id='word_1_368' title='bbox 2333 3765 2481 3824; x_wconf 78' lang='lat' dir='ltr'><strong>libro</strong></span> <span class='ocrx_word' id='word_1_369' title='bbox 2506 3781 2615 3844; x_wconf 83' lang='lat' dir='ltr'><strong>per</strong></span> 
     </span>
     <span class='ocr_line' id='line_1_61' title="bbox 1535 3848 2614 3930; baseline 0 -23"><span class='ocrx_word' id='word_1_370' title='bbox 1535 3851 1773 3908; x_wconf 84' lang='lat' dir='ltr'><strong>Aeneae</strong></span> <span class='ocrx_word' id='word_1_371' title='bbox 1830 3848 2150 3913; x_wconf 78' lang='lat' dir='ltr'><strong>absentiam</strong></span> <span class='ocrx_word' id='word_1_372' title='bbox 2193 3861 2398 3920; x_wconf 73' lang='lat' dir='ltr'><strong>eastra,</strong></span> <span class='ocrx_word' id='word_1_373' title='bbox 2420 3867 2614 3930; x_wconf 87' lang='lat' dir='ltr'><strong>oppu-</strong></span> 
     </span>
     <span class='ocr_line' id='line_1_62' title="bbox 1536 3945 1806 4016; baseline 0.015 -23"><span class='ocrx_word' id='word_1_374' title='bbox 1536 3945 1806 4016; x_wconf 75' lang='lat' dir='ltr'><strong>guantur.</strong></span> 
     </span>
    </p>
   </div>
  </div>
 </body>
</html>
