3009 5050
955 1419 1923 1512 EXGURSUS
2027 1421 2071 1507 I

704 1632 1144 1693 Auxilia
1217 1628 1615 1688 Aeneae
1685 1649 1785 1688 ex
1855 1629 2317 1688 Etruria.

384 1799 551 1896 Lib.
580 1839 659 1912 X,
694 1841 817 1901 166
846 1855 975 1918 sqq.
1032 1837 1167 1894 Non
1208 1853 1413 1894 omnes
1453 1835 1664 1894 veteris
1709 1835 1977 1892 Etruriae
2019 1833 2276 1892 civitates
2329 1830 2642 1888 memorari

393 1939 428 1978 a
455 1932 627 2003 poeta
644 1964 662 1998 ,
708 1941 843 1980 cum
891 1923 1083 2000 copias
1122 1918 1261 1979 inde
1304 1918 1582 1980 adductas
1609 1929 1900 1996 recenset,
1941 1919 2317 1978 manifestum
2357 1927 2462 1975 est.
2543 1917 2644 1973 Ex

391 2007 461 2067 iis
502 2027 786 2090 quoque,
858 2005 1171 2065 duodecim
1211 2025 1506 2082 numero,
1569 2007 1904 2066 civitatibus
1932 2049 1951 2080 ,
2023 2023 2175 2086 quae
2219 2001 2643 2082 rempublicam

392 2095 771 2154 Etruscorum
798 2093 1240 2166 constituebant,
1283 2092 1559 2150 Clusium
1586 2102 1647 2150 et
1693 2091 1879 2150 Caere
1903 2101 2136 2150 tantum
2163 2089 2404 2148 nomine
2429 2088 2642 2166 posuit,

360 2180 639 2261 reliquas
682 2180 993 2259 praeteriit.
1096 2136 1315 2236 Habuit
1354 2179 1536 2256 igitur
1577 2171 1903 2236 dilectum?
1973 2196 2051 2234 an
2089 2186 2312 2235 temere
2353 2175 2640 2274 apposuit,

393 2284 544 2345 quae
572 2266 637 2322 in
665 2274 926 2322 mentem
953 2264 1298 2322 veniebant.
1282 2257 1314 2304 Ρ
1376 2221 1468 2323 t’Si
1492 2273 1759 2322 nostrum
1784 2263 2092 2341 Virgilium
2129 2263 2282 2320 bene
2307 2261 2480 2335 novi,
2527 2256 2644 2316 ha-

391 2350 519 2409 buit
560 2350 660 2409 ille
700 2349 861 2408 haud
904 2346 1078 2407 dubie
1094 2392 1112 2424 ,
1186 2345 1345 2430 quod
1390 2368 1529 2406 cum
1571 2346 1787 2406 iudicio
1831 2358 1892 2406 et
1930 2349 2138 2408 veteris
2181 2340 2502 2404 memoriae
2543 2365 2644 2402 re-

392 2446 595 2516 spectu
621 2437 685 2493 in
712 2434 827 2494 hoc
854 2433 985 2493 loco
1012 2445 1381 2537 sequeretur:
1425 2435 1491 2491 in
1520 2435 1644 2492 aliis
1674 2431 1948 2515 quidem,
1993 2432 2154 2516 quod
2183 2452 2286 2490 eae
2315 2433 2644 2494 maritimae

391 2522 563 2581 urbes
608 2532 771 2580 erant
815 2532 873 2581 et
900 2523 1141 2579 navium
1168 2523 1398 2599 copiam
1425 2517 1791 2600 suppeditare
1819 2530 2116 2601 poterant3
2183 2519 2244 2575 ιιι
2285 2519 2407 2577 aliis
2437 2519 2645 2575 amici—

391 2610 537 2666 tiam
566 2628 701 2665 cum
728 2609 1038 2681 Romanis,
1080 2608 1144 2665 in
1172 2608 1294 2665 aliis
1323 2607 1546 2665 fabulas
1587 2608 1798 2686 priscas
1815 2650 1832 2681 ,
1889 2616 1958 2664 ut
1997 2608 2062 2665 in
2101 2606 2362 2663 Mantua.
2459 2603 2644 2661 Caere

392 2692 632 2774 quidem
660 2713 891 2752 summo
922 2713 1059 2751 cum
1090 2690 1304 2751 dilectu
1328 2694 1520 2772 primo
1548 2692 1678 2750 loco
1707 2693 1934 2772 posuit,
1980 2693 2258 2791 quoniam
2283 2692 2644 2748 Mezentium

388 2798 592 2858 regem
619 2781 853 2881 pulsum
883 2779 1033 2837 bello
1062 2780 1331 2861 persequi
1359 2777 1691 2836 decreverat
1721 2796 1790 2835 ea
1817 2778 2035 2852 civitas,
2083 2778 2279 2835 castris
2305 2779 2370 2833 in
2398 2777 2644 2855 propin-

392 2884 510 2947 quo
538 2865 695 2923 urbis
720 2866 951 2945 positis,
998 2864 1207 2945 quibus
1249 2864 1479 2921 Aeneas
1539 2872 1816 2942 exceptus
1876 2872 2085 2921 cuncta
2113 2863 2308 2921 statim
2338 2860 2416 2920 ad
2439 2861 2644 2941 profe-

390 2952 647 3010 ctionem
672 2960 872 3030 parata
900 2950 1112 3029 reperit
1157 2946 1323 3029 (sup.
1353 2949 1510 3022 vm,
1537 2946 1770 3013 478—
1784 2944 1930 3012 494.
1961 2952 2088 3013 603
2117 2967 2205 3029 sq.
2188 2947 2284 3027 .:)
2343 2946 2503 3029 quod
2529 2947 2644 3005 nisi

390 3046 716 3116 oppon-time
756 3034 1051 3094 accidisset
1064 3078 1081 3109 ,
1148 3032 1223 3093 ad
1272 3031 1560 3113 parandas
1598 3035 1792 3113 copias
1835 3051 2003 3091 mora
2045 3034 2198 3091 facta
2244 3044 2389 3092 esset
2404 3078 2421 3108 ‚
2487 3051 2641 3114 quae

388 3131 597 3200 poetae
639 3131 824 3179 totam
866 3121 1257 3178 narrationem
1282 3120 1688 3199 perturbasset.
1771 3120 1999 3177 Mature
2028 3129 2229 3179 autem
2255 3138 2394 3177 cum
2421 3121 2646 3177 Roma-

388 3207 481 3265 nis
511 3205 854 3263 Caeretani
834 3226 897 3263 ιιι
926 3206 1243 3263 amicitiam
1270 3216 1329 3263 et
1353 3206 1690 3263 societatem
1731 3222 1984 3281 venare,
2039 3206 2234 3265 sacris
2241 3206 2644 3263 Romanorum

390 3299 450 3349 et
478 3288 900 3364 sacerdotibus,
946 3310 1083 3349 cum
1112 3290 1265 3349 Galli
1294 3288 1677 3364 advenissent,
1701 3286 1968 3393 receptis.
2011 3290 2132 3349 vid.
2159 3292 2292 3349 Livi
2317 3292 2389 3365 V,
2417 3290 2522 3353 40.
2535 3289 2640 3353 50.

387 3377 459 3433 ln
486 3376 781 3435 civitatem
823 3394 1057 3456 quoque
1086 3375 1356 3455 adscripti
1397 3386 1566 3451 sunt,
1615 3377 1722 3434 etsi
1757 3378 1884 3435 sine
1925 3372 2224 3455 suffragio,
2317 3377 2640 3435 Caeretanis

388 3460 664 3519 societate
708 3458 971 3519 adiunxit
1014 3472 1186 3541 poeta
1228 3464 1485 3521 civitates
1526 3461 1657 3521 loco
1699 3462 1918 3521 vicinas
1933 3504 1950 3537 ,
2001 3462 2306 3547 plerasque
2333 3461 2637 3521 littoralem

388 3546 654 3603 Etruriae
681 3548 983 3625 reglonem
1010 3548 1365 3621 incolentes,
1423 3566 1567 3605 nam
1608 3548 1941 3627 longinquis
1969 3546 2110 3606 locis
2140 3550 2334 3628 copias
2361 3564 2636 3607 arcessere

387 3649 510 3688 non
554 3634 782 3710 potuit·
766 3675 784 3706 ,
826 3632 1016 3710 potuit
1064 3632 1202 3691 alias
1244 3651 1481 3713 quoque
1525 3634 1773 3691 rationes
1819 3642 2130 3712 spectare‚··
2181 3652 2324 3713 quas
2365 3636 2428 3691 ιιι
2465 3633 2638 3691 tantis
2739 3658 2742 3663 ·

388 3712 660 3773 historiae
686 3716 1067 3775 Etruscorum
1086 3719 1337 3778 tenebris
1364 3738 1524 3775 nunc
1554 3719 1910 3797 ignoramus.
1982 3716 2137 3777 Illud
2165 3728 2364 3777 tamen
2392 3719 2486 3779 vel
2507 3736 2642 3775 ma-

386 3802 547 3859 xime
586 3802 769 3861 miror
782 3847 798 3877 ,
857 3800 1013 3882 quod
1068 3804 1229 3861 nulla
1288 3803 1578 3861 Cor-conae
1590 3845 1616 3873 ,
1668 3822 1772 3861 seu
1820 3803 2066 3881 Corythi
2106 3808 2315 3864 veteris
2335 3846 2362 3875 ‚
2419 3804 2640 3863 mentio

386 3886 537 3944 facta
582 3896 700 3961 est,
760 3906 897 3945 cum
935 3886 1073 3946 inde
1134 3890 1421 3967 originem
1458 3886 1687 3947 trahere
1733 3886 1918 3948 dictus
1959 3900 2106 3949 esset
2145 3888 2449 3951 Dardanus
2467 3936 2484 3964 ,
2537 3889 2641 3947 etsi

384 3972 581 4031 Acron
610 3970 748 4030 inde
778 3972 1054 4031 oriundus
1097 3973 1205 4031 inf.
1234 3976 1312 4048 X,
1343 3976 1469 4037 719
1497 3984 1876 4033 memoratur.
1963 3973 2085 4033 Sed
2113 3977 2162 4033 si
2187 3986 2345 4035 recte
2374 3976 2637 4049 coniicio,

384 4076 523 4117 cum
564 4058 778 4137 Agylla
818 4078 921 4117 seu
966 4058 1145 4115 Caere
1193 4069 1361 4117 vetus
1404 4060 1787 4138 Pelasgortun
1822 4061 1960 4119 urbs
1989 4071 2168 4135 esset,
2209 4062 2274 4119 in
2303 4062 2638 4119 societatem

386 4140 684 4224 adscripsit
721 4154 895 4223 poeta
925 4144 1062 4201 alias
1102 4144 1361 4203 civitates
1376 4186 1394 4215 ‚
1454 4164 1596 4226 quas
1641 4146 1874 4224 Pelasgi
1911 4144 2262 4205 inhabitasse
2302 4144 2442 4205 dicti
2481 4155 2638 4205 sunt.

383 4230 626 4311 Dionys.
656 4229 702 4303 1,
730 4232 837 4304 20,
882 4230 984 4311 qui
1027 4228 1291 4288 classicus
1333 4230 1495 4287 locus
1526 4241 1645 4305 est,
1702 4232 1915 4290 multas
1960 4251 2058 4290 eos
2087 4232 2258 4291 urbes
2299 4234 2514 4334 partim
2540 4232 2642 4289 Si-

384 4314 527 4373 culis
569 4325 823 4394 ereptas,
864 4316 1078 4394 partim
1106 4334 1141 4372 a
1168 4335 1231 4374 se
1260 4324 1584 4391 extructas,
1638 4313 1925 4376 habitasse
1977 4318 2060 4375 ait
2087 4318 2476 4377 communiter
2504 4334 2642 4375 cum

382 4398 843 4479 Aboriginibus,
888 4420 958 4459 eo
1003 4401 1067 4458 ιιι
1109 4420 1355 4460 numero
1399 4420 1520 4460 esse
1567 4360 1806 4477 'Cher-e,
1866 4402 2084 4461 Pis-am
2095 4444 2123 4475 ,
2187 4403 2542 4461 Saturniam
2583 4410 2644 4459 et

2163 4538 2194 4567 Χ
