3009 5050
625 402 1234 483 AENEIDOS
1286 405 1496 485 LIB.
1540 408 1749 504 VIII,
1794 418 2235 494 585-598

2386 428 2539 499 257

279 584 456 663 oni
483 610 635 687 per
676 587 1004 689 dumm,
1051 616 1205 694 qua
1231 592 1590 693 proxima
1620 606 1833 671 meta
1864 598 2193 695 iiamm,

285 691 596 767 Armati
625 692 990 773 tendunt.

1093 699 1166 772 It
1197 696 1535 792 clamor,
1590 710 1671 773 et
1694 700 2007 795 agmine
2039 702 2249 781 facto

2384 720 2534 789 595

282 792 974 897 Quadrupedante
1013 812 1346 899 putrem
1384 800 1651 877 sonitu
1698 805 1949 903 quatit
1986 807 2281 907 ungula
2323 834 2537 901 cam,-
2616 854 2629 863 ·

274 998 428 1075 Es't
458 970 736 1098 ingens
765 1000 1122 1101 gelidum
1158 1001 1382 1079 lucus

1451 928 1669 1003 pum

1413 1030 1673 1107 prope
1705 1009 2027 1085 Caeritis
2060 1034 2403 1111 amnem,

272 1099 705 1199 Religione
742 1118 1062 1205 patrum
1091 1104 1245 1185 late
1278 1132 1539 1205 sacer3
1588 1109 1948 1211 undique
1981 1113 2222 1191 colles

425 1326 540 1381 594
571 1346 734 1397 quam
773 1348 862 1399 pr.
907 1329 1066 1385 Goth.
1115 1348 1198 1400 pr.

261 1468 800 1589 Pgqum-‘oeipjrffl‘
873 1470 1121 1523 dustrem
1139 1506 1158 1533 ,
1189 1487 1296 1522 non

267 1554 304 1588 τ
463 1552 620 1603 utor,
732 1554 770 1589 α

1369 1487 1466 1521 ene
1503 1485 1651 1523 emen
1690 1481 1806 1523 aret
1833 1474 2072 1544 pigrum.

881 1576 900 1605 ,
949 1539 1228 1607 Καίρητα.
1299 1540 1406 1590 Iam
1459 1542 1629 1593 Caere
1676 1540 1838 1593 modo
1903 1558 2009 1595 non
2058 1543 2289 1597 flectitur
2304 1583 2319 1608 ‚
2370 1548 2531 1601 modo

942 1394 952 1406 .
1277 1334 1288 1339 “
1322 1330 1440 1387 '⁵96
1485 1334 1665 1403 quasit
1723 1333 1939 1407 ungula
1984 1336 2271 1407 pulverem
2322 1340 2533 1397 videtur

269 1396 480 1465 legisse
511 1398 709 1453 Marius
742 1400 942 1452 Plotius
979 1400 1047 1451 do
1087 1399 1270 1451 metris
1301 1418 1332 1453 a
1373 1438 1388 1456 .
1421 1402 1600 1453 Heius.

1710 1416 1963 1456 uerem—
1979 1422 2226 1478 campum
2258 1408 2391 1473 fuit,
2441 1412 2533 1481 qui

2210 1474 2313 1532 597
2347 1482 2532 1533 Caere.

265 1604 422 1658 flecti
459 1606 672 1658 videtur
705 1606 759 1657 in
813 1610 1071 1672 Caeritis,
1121 1618 1177 1660 et
1218 1611 1276 1660 iu
1323 1610 1577 1661 Gezer-etio.
1662 1610 1761 1661 Est
1806 1626 1971 1681 porro
2021 1620 2077 1664 et
2124 1618 2347 1681 Caere-9,
2394 1618 2533 1669 unde

269 1672 482 1744 duplici
517 1676 677 1727 modo
717 1678 962 1730 Caerites
1005 1687 1059 1729 et
1103 1680 1382 1739 Caeretem
1433 1678 1599 1729 tertio
1650 1694 1859 1751 quoque
1906 1681 2063 1733 modo
2111 1686 2402 1737 Caeretani
2412 1722 2427 1749 ,
2474 1684 2533 1739 oi

265 1742 664 1813 Καιρητανοὶ,
713 1755 768 1796 et
811 1746 1168 1817 Καιρετανοί.
1253 1749 1310 1799 ln
1357 1746 1588 1816 Virgilio
1633 1748 1795 1816 igitur
1844 1752 2076 1802 Caeritis
2116 1762 2287 1820 recte,
2336 1770 2430 1805 seu
2474 1764 2535 1807 nt

268 1831 302 1865 a
341 1818 521 1866 Caere
561 1815 662 1879 sit,
709 1830 804 1867 seu
855 1826 914 1868 nt
959 1834 992 1869 a
1043 1820 1255 1869 caer-ee.
1309 1820 1522 1871 -oerieis
1568 1832 1656 1885 ap.
1702 1816 1948 1871 Pri-dan.
1994 1820 2095 1887 (sio
2146 1821 2303 1873 etiam
2345 1820 2533 1891 stngm.

267 1882 451 1936 vatic.
488 1891 543 1935 et
577 1884 740 1937 Putat.
783 1887 930 1951 Wr.)

1004 1888 1245 1941 Cant-etis
1277 1894 1336 1938 et
1369 1888 1577 1939 Ger-etis
1610 1885 1804 1955 panim
1848 1888 1971 1951 aliis
2017 1888 2240 1956 vitiose,
2286 1906 2406 1943 nam
2456 1892 2534 1945 sic

266 1953 456 2005 media
513 1951 707 2022 longa:
757 1954 1068 2025 latomos,
1130 1955 1270 2008 unde
1315 1959 1665 2008 Caeretana-r.
1710 1955 1803 2009 inf.
1850 1958 1929 2023 X,
1976 1959 2077 2013 183
2140 1961 2247 2027 Qui
2309 1964 2534 2013 caer-ete

267 2022 454 2076 domo.
553 2067 560 2075 .

260 2210 408 2279 gete
433 2198 626 2259 simul
647 2220 714 2259 os
743 2205 916 2261 ten-is
955 2202 1212 2263 ostendit-¹
1253 2203 1366 2261 Ιιο-

271 2292 518 2344 neetum
547 2286 750 2344 Plias.

355 2370 510 2437 594.
527 2391 648 2449 per
673 2372 888 2431 dumos
901 2394 928 2447 ;
967 2393 1074 2453 per
1099 2374 1367 2455 virgulta,

264 2458 467 2517 silvas..
531 2456 606 2516 cf.
625 2458 801 2517 ,stan
845 2460 903 2517 11
961 2458 1157 2519 Theb.
1217 2460 1366 2526 496.

263 2541 424 2608 497.
510 2554 674 2600 meta
719 2546 965 2603 viat-tam
1021 2556 1221 2604 ornate
1259 2566 1366 2624 pro

262 2631 402 2702 νίας
464 2631 700 2708 proprie
754 2631 1036 2688 terminus
1113 2642 1171 2688 et
1201 2633 1214 2648 ⁸
1237 2631 1369 2690 finis

261 2714 426 2772 viae.
531 2711 806 2786 (Rectius
877 2714 1364 2794 interpretabere:

265 2815 392 2880 qua
421 2797 760 2856 brevissimo
801 2799 1007 2857 itinere
1035 2800 1369 2879 pervenitur

265 2903 342 2942 eo
361 2928 380 2959 ,
428 2901 550 2963 quo
592 2881 860 2942 tendunt.
944 2885 1202 2942 Armati
1255 2903 1368 2942 au·-

265 2981 396 3029 tem
415 3013 434 3044 ‚
496 2966 658 3049 quod
701 2971 952 3032 otiosum
1001 2969 1187 3030 videri
1227 2982 1366 3050 pot-

267 3065 356 3114 est
378 3100 399 3129 ,
485 3054 775 3112 adiectum
832 3050 910 3113 ad
963 3054 1365 3116 illustrandam

267 3141 524 3220 agminis
591 3139 1002 3222 proficiscentis
1087 3143 1362 3222 speciem.

276 3225 461 3302 W.)
577 3227 726 3292 596.
797 3227 1045 3286 Versum
1114 3229 1364 3304 felicem,

266 3312 398 3392 ipso
427 3311 742 3371 verborum
768 3331 912 3372 sono
939 3331 1070 3372 rem
1104 3316 1364 3373 referen-

267 3408 430 3470 tem,
486 3399 682 3455 mirati
733 3410 868 3458 sunt
925 3400 1132 3458 multi:
1194 3419 1364 3459 com-

267 3491 478 3562 parato
523 3502 762 3565 quoque
799 3503 910 3542 vsa.
938 3483 1090 3550 465.
1117 3484 1246 3550 466
1293 3486 1363 3544 Il.

268 3569 332 3650 β.
369 3611 376 3618 -
423 3567 666 3628 Odimus
738 3569 1114 3630 subtilitatem
1172 3571 1365 3628 mole-

269 3665 428 3714 stam
465 3655 530 3712 in
590 3655 834 3714 talibus:
885 3657 1085 3735 Ipsum
1127 3655 1366 3714 inflam-

271 3741 424 3798 mati
477 3743 768 3822 impetum
821 3741 1044 3821 ingenii
1097 3743 1160 3800 in
1215 3739 1364 3800 haec

270 3834 486 3882 natura
529 3825 778 3886 ducente
817 3825 1074 3886 incidere
1125 3847 1362 3886 necesse

271 3917 398 3982 est3
443 3911 740 3988 quomodo
767 3913 932 3984 ⁴enlm
959 3914 1164 3995 aliquis
1206 3914 1363 3972 cele-

273 3993 417 4050 riter
445 3995 594 4054 facta
622 3997 900 4076 languida
929 4001 1189 4057 oratione
1225 3997 1364 4056 red-

275 4075 418 4136 dere
446 4081 610 4139 malit
623 4077 656 4140 Ρ
699 4084 774 4142 cf.
803 4085 1053 4166 nisquis.
1092 4085 1125 4141 I
1167 4085 1273 4144 sub
1316 4083 1362 4142 f.

273 4163 611 4224 Praeiverat
635 4169 861 4227 Ennius
905 4168 1062 4250 apud
1103 4169 1361 4228 Macrob.

273 4247 378 4324 VI,
411 4252 443 4311 1
493 4269 567 4308 ex
602 4253 816 4312 Annal.
854 4253 936 4312 vl
973 4263 1160 4312 totam
1205 4273 1362 4332 qua-

279 4333 355 4388 tit
417 4335 656 4413 ungula
710 4347 929 4396 terr-am
943 4360 972 4412 ,·
1048 4350 1107 4398 et
1145 4339 1360 4396 Annal.

277 4417 390 4476 vn
413 4437 647 4476 summo
667 4423 864 4479 sonita
895 4426 1096 4502 quatit
1125 4421 1364 4502 ungula

380 4517 694 4596 Vmcu..
747 4521 958 4596 Tou.
1009 4521 1144 4599 111.

1451 2214 1708 2277 tet-mm5
1738 2202 1903 2263 XVII
1930 2202 1993 2263 It
2026 2225 2227 2285 eques,
2262 2215 2320 2265 ot
2338 2206 2531 2285 plau-

1449 2309 1529 2345 su
1548 2308 1705 2347 cava
1733 2292 1997 2349 concutit
2020 2312 2103 2348 un
2283 2304 2524 2351 terram.

1449 2373 1570 2433 vid.
1599 2375 1789 2433 Ursin.
1819 2373 1893 2434 ad
1922 2372 1983 2433 h.
2012 2378 2053 2433 l.
2101 2389 2159 2435 et
2197 2376 2382 2437 Cerda
2422 2380 2530 2438 inf.

1451 2458 1528 2518 ad
1572 2462 1678 2534 XI,
1724 2460 1868 2526 875.
1926 2460 2129 2538 (Silius
2170 2464 2305 2540 ΧΠ,
2346 2463 2528 2532 564.:

1449 2544 1979 2625 „Quadrupedante
2036 2568 2180 2608 sono
2234 2551 2530 2629 perculsae

1447 2632 1685 2688 moenia
1711 2633 1991 2691 Romae.“
2028 2633 2209 2711 Wr.)
2253 2645 2529 2712 putrem,

1447 2716 1513 2770 in
1554 2717 1859 2793 pulverem
1908 2719 2229 2776 resolutum
2247 2763 2262 2793 ,
2318 2721 2530 2798 pulve-

1447 2799 1747 2858 rulentum
1772 2843 1790 2875 ,
1878 2799 2037 2881 quod
2100 2804 2221 2859 iam
2276 2803 2564 2886 vidimus·

1450 2884 1666 2963 Georg.
1734 2886 1793 2960 1,
1868 2883 1973 2950 44.
2037 2883 2181 2950 215.
2240 2888 2317 2960 II,
2382 2885 2529 2950 204.

1445 2969 1597 3034 597.
1635 2969 1921 3042 Οαοηῖἰεῑ
1950 2969 2149 3044 Caere,
2176 2971 2311 3028 urbs
2336 2971 2529 3051 Agyl-

1445 3055 1505 3113 la
1522 3100 1539 3130 ‚
1585 3066 1645 3114 et
1684 3057 1789 3138 qui
1831 3073 1963 3112 eam
2000 3055 2229 3127 incolit,
2284 3056 2525 3116 oneres:

1447 3139 1607 3199 unde
1647 3153 1837 3222 potest
1874 3141 2056 3220 accipi
2094 3139 2343 3198 Caeritis
2370 3143 2529 3202 urbis

1450 3237 1510 3285 et
1549 3226 1801 3285 Caeritis
1839 3226 2111 3284 fluminis.
2160 3225 2305 3304 (vid.
2342 3227 2416 3287 V.
2454 3229 2527 3290 1..

1455 3311 1637 3390 W.)
1676 3315 1860 3372 Minio
1899 3331 2208 3393 perperam
2247 3332 2283 3372 a
2320 3313 2527 3373 Servio

1445 3395 1565 3456 huc
1594 3397 1908 3458 advocatur
1949 3418 2028 3456 ex
2053 3399 2130 3472 X,
2166 3400 2310 3463 188.
2382 3400 2527 3458 1³11·-

1446 3485 1575 3542 vius
1606 3495 1691 3544 est
1719 3485 2063 3543 caeretanus
2081 3527 2099 3558 ,
2142 3481 2359 3563 oppido
2383 3505 2526 3564 pro-

1445 3571 1675 3644 ximus,
1714 3590 1874 3630 nunc
1926 3569 2165 3628 Vaeina
2203 3569 2417 3646 dictus,
2458 3581 2527 3632 ut

1447 3655 1745 3715 Cluverius
1802 3654 1991 3714 docet.
2076 3655 2271 3714 Situm
2294 3721 2301 3730 ‚
2327 3666 2525 3716 autem

1445 3740 1713 3798 locorum
1758 3737 2091 3800 huiusmodi
2131 3759 2253 3798 esse
2289 3743 2525 3819 putabi-

1444 3844 1613 3885 mus:
1658 3825 1858 3886 defluit
1880 3845 1989 3907 per
2030 3845 2197 3905 agros
2213 3870 2230 3901 ‚
2272 3827 2417 3885 urbe
2458 3829 2525 3886 in

1447 3913 1565 3970 alto
1620 3913 1806 3990 posita
1834 3958 1850 3987 ,
1908 3913 2093 3970 amnis
2120 3953 2139 3984 ,
2201 3911 2298 3968 cui
2357 3913 2524 3972 lucus

1446 3996 1703 4072 adiacet3
1747 4016 2021 4078 agrorum
2058 3996 2359 4076 planitiem
2386 4015 2525 4054 cum

1446 4101 1621 4140 amne
1670 4092 1729 4141 et
1780 4083 1915 4142 luco
1966 4081 2227 4162 undique
2282 4083 2526 4159 cingunt

1445 4169 1621 4228 colles
1672 4169 1962 4228 nemorosi
1976 4212 1995 4242 ‚
2037 4165 2318 4226 abietibus
2378 4183 2526 4222 con-

1445 4255 1573 4311 siti:
1628 4249 1743 4312 hoc
1780 4264 1867 4314 est
1908 4251 2089 4312 colles
2136 4251 2276 4307 cavi
2320 4245 2525 4304 inclu-

1445 4357 1573 4394 sere
1603 4335 1961 4418 (includunt)
1998 4349 2054 4396 et
2094 4351 2305 4392 nemus
2344 4331 2525 4406 nigra

1444 4421 1637 4478 abiete
1676 4423 1929 4502 cingunt
1973 4422 2107 4502 (pro
2152 4415 2361 4490 cingit)
2404 4429 2525 4467 zm-
