3009 5050
34 4007 45 4046 *Ὗ
34 3916 44 3961 -
34 3829 43 3870 —
34 3728 41 3788 ——-
34 3647 43 3698 w-
34 3579 41 3606 -ο

36 4525 51 4565 Q-
36 4436 51 4479 “
41 4349 52 4387 -
36 4252 49 4307 *—
34 4175 47 4216 Q

771 407 956 480 AD
1061 407 1704 484 LIBRUM
1808 410 1981 486 VII
2346 421 2491 490 155

241 595 618 676 interpolatus
647 607 734 654 est
759 597 1030 677 antiquus
1055 597 1156 656 ille
1182 595 1420 677 mythus
1437 641 1454 672 ,
1499 609 1559 656 et
1599 611 1827 658 narrata
1858 599 1933 658 de
1964 601 2215 660 Saturno
2246 620 2315 658 ea
2344 619 2495 682 quo-
2576 667 2591 682 ·

243 699 360 762 que
405 691 572 755 sunt,
638 701 786 762 quae
843 683 1054 740 Graeci
1094 703 1130 740 a
1169 681 1559 742 Phoenicibus
1614 696 1848 764 accepta
1893 684 1969 743 de
2010 687 2155 744 Belo
2200 683 2277 744 ad
2324 705 2498 744 suum

244 770 482 826 cronon
508 768 944 826 transtulerant:
989 779 1058 825 ut
1085 771 1207 826 iam
1233 789 1408 848 supra
1437 772 1731 828 monitum
1763 771 2035 848 (Excurs.
2076 773 2173 845 IV,
2212 793 2275 852 p.
2324 773 2497 849 135).

243 854 510 926 Falcem,
565 855 767 912 messis
795 854 1159 933 symbolum,
1225 853 1406 912 modo
1465 854 1541 914 ad
1596 849 1799 936 ἅρπην
1848 851 2097 937 Κρόνου
2158 867 2217 914 et
2266 859 2499 915 rescissa

247 938 404 996 Caeli
461 933 767 1018 pudenda,
833 937 1015 998 modo
1071 939 1146 998 ad
1197 951 1460 1021 tempus,
1518 939 1677 1022 quod
1734 943 1933 999 omnia
1988 940 2262 1016 demetit,
2323 961 2497 1002 revo-

247 1034 470 1083 cal-unt.

416 1110 492 1166 Ut
519 1119 720 1168 autem
747 1110 956 1168 Graeci
996 1109 1258 1168 Gronmn
1296 1111 1358 1166 in
1405 1109 1633 1167 Italiam
1670 1111 2041 1170 transferrent
2054 1155 2072 1186 ‚
2140 1112 2317 1168 etiam
2358 1111 2498 1170 situs

243 1196 446 1252 Italiae
472 1213 670 1253 versus
697 1195 976 1252 Graeciae
1005 1194 1372 1253 occidentem
1421 1215 1520 1253 eos
1556 1197 1851 1274 impulisse
1888 1195 2147 1270 videtur3
2204 1195 2499 1254 Occiden-

247 1290 368 1338 tem
395 1283 558 1338 enim
585 1281 726 1338 locis
755 1281 986 1356 inferis,
1029 1279 1294 1361 adeoque
1336 1281 1615 1354 Tartaro,
1662 1301 1779 1362 quo
1821 1282 2043 1340 Cronus
2086 1279 2348 1340 deu-usus
2388 1279 2499 1339 de-

245 1365 456 1424 litescit
471 1410 489 1440 ,
531 1365 848 1424 finitimum
877 1363 1120 1424 credidit
1157 1368 1486 1447 antiquitas.
1573 1367 1725 1424 Hinc
1762 1369 1994 1424 Ionium
2034 1377 2093 1426 et
2134 1365 2499 1424 Adriaticum

247 1469 412 1508 mare
446 1453 717 1530 Κρονίην
749 1443 866 1512 ἅλα
893 1453 1246 1531 appellatum
1273 1451 1468 1510 videas
1495 1471 1555 1510 v.
1586 1473 1639 1510 c.
1686 1451 1843 1532 apud
1890 1453 2167 1532 Apollon.
2208 1452 2309 1526 IV,
2349 1452 2497 1516 510.

249 1533 376 1600 548
407 1546 466 1592 et
494 1536 568 1592 al·
586 1581 604 1610 ,
647 1545 706 1593 et
735 1531 972 1609 Κόλπος
1002 1535 1162 1610 Ῥέας
1190 1537 1346 1616 apud
1373 1535 1646 1618 Aeschyl.
1685 1535 1983 1596 Prometh.
2026 1541 2175 1602 836.
2258 1538 2501 1595 Iuvabat

253 1639 490 1701 quoque
514 1622 578 1678 in
605 1631 830 1700 partem
856 1641 1074 1680 nomeu
1101 1623 1278 1680 lanis·
1301 1643 1338 1681 a
1363 1621 1598 1682 latendo
1628 1621 1869 1681 ductum
1885 1667 1902 1698 ,
1946 1621 2105 1704 quod
2134 1621 2210 1681 ad
2238 1624 2499 1680 Cronum

251 1703 405 1766 trahi
430 1717 656 1786 poterat
671 1751 689 1781 ‚
721 1709 823 1788 qui
847 1711 1049 1768 Iovem
1075 1708 1305 1786 fugiens
1335 1728 1406 1768 eo
1433 1720 1691 1768 venerat.
1734 1710 1886 1782 VIII,
1931 1713 2057 1773 320
2094 1706 2299 1766 Arma
2335 1708 2499 1765 Iovis

234 1789 500 1870 fugiens
539 1801 596 1848 et
635 1794 838 1870 regnis
885 1793 1026 1850 exul
1061 1794 1334 1852 ademtis.
1425 1795 1523 1852 Ex
1562 1791 1653 1852 his
1692 1795 2063 1852 manifestum
2106 1793 2171 1852 fit
2185 1839 2202 1868 ‚
2253 1813 2369 1875 quo
2410 1803 2501 1851 tot

254 1876 562 1936 doctorum
611 1879 874 1936 virorum
926 1881 1152 1938 somnia
1207 1899 1282 1937 ex
1328 1890 1527 1962 etymo
1570 1883 1727 1940 vocis
1768 1880 1942 1939 ducta
1986 1878 2275 1956 recidant,
2322 1881 2501 1937 etiam

253 1965 442 2022 suavis
467 1965 566 2022 illa
593 1965 986 2044 interpretatio
1016 1967 1172 2025 vocis
1209 1963 1456 2023 Clu’ttim
1483 1985 1623 2024 cum
1648 1967 1816 2024 Latio
1846 1975 2231 2046 comparatae.

424 2052 710 2130 Receptus
738 2049 878 2108 inde
907 2061 992 2110 est
1021 2051 1306 2110 Saturnus
1334 2053 1398 2109 in
1425 2053 1681 2110 Annales
1710 2063 2012 2132 tamquam
2047 2053 2247 2130 gentis
2289 2047 2501 2106 eondi-

256 2143 348 2191 tor
395 2146 454 2192 et
493 2136 694 2214 legum
731 2139 1004 2218 vitaeque
1043 2137 1287 2196 mitioris
1331 2147 1533 2196 auctor
1570 2157 1794 2219 rexque
1826 2140 2004 2215 ‘Latii
2052 2137 2501 2210 vetustissimus3

253 2221 342 2278 uti
365 2221 558 2279 nullus
583 2223 754 2280 facile
784 2234 868 2282 est
907 2225 1158 2302 populus
1175 2267 1191 2297 ,
1238 2225 1340 2303 qui
1381 2241 1506 2280 non
1546 2222 1709 2282 idem
1751 2224 2067 2304 symbolica
2110 2223 2351 2279 nomina
2392 2237 2501 2299 pro

255 2307 441 2386 stirpis
482 2327 622 2364 suae
663 2309 992 2367 auctoribus
1031 2307 1317 2366 habuerit.
1401 2309 1819 2368 Difficultatem
1860 2329 1928 2368 ac
1972 2309 2300 2366 molestiam
2326 2315 2335 2320 ”
2362 2307 2503 2364 fecit

254 2411 400 2450 mox
425 2395 792 2472 scriptoribus
821 2395 1014 2452 Ianus
1027 2435 1052 2463 ,
1095 2413 1274 2474 quem
1304 2405 1362 2452 et
1387 2397 1581 2475 ipsum
1616 2397 1861 2453 mitioris
1900 2396 2052 2454 vitae
2090 2395 2243 2451 inter
2279 2402 2503 2453 veteres

256 2478 430 2536 Italos
455 2489 754 2537 auctorem
777 2477 1058 2539 traditum
1081 2479 1375 2539 videbant.
2486 2509 2497 2518 ·

426 2565 532 2621 Est
559 2564 754 2621 Ianus
781 2564 874 2623 hic
906 2576 964 2624 et
991 2567 1112 2644 ipse
1137 2569 1288 2623 inter
1315 2563 1551 2646 mythos
1590 2566 1827 2624 Latinos
1866 2562 2199 2623 referendus
2246 2562 2505 2645 deusque

261 2666 466 2707 eorum
495 2647 858 2707 domesticus.
946 2650 1119 2706 Nam
1153 2648 1263 2706 tibi
1294 2671 1417 2727 par
1440 2649 1685 2707 nul-lum
1728 2650 1989 2708 Graecia
2029 2669 2251 2707 nmen
2295 2646 2505 2718 habet,

259 2736 341 2792 ait
371 2732 538 2791 ovid.
567 2736 596 2790 I
621 2736 776 2793 Fast.
821 2736 939 2809 903
993 2752 1104 2791 neo
1147 2732 1348 2791 dubito
1362 2779 1377 2808 ‚
1439 2754 1581 2792 eum
1620 2737 1693 2793 ab
1734 2736 1899 2792 initio
1936 2732 2081 2791 nihil
2124 2732 2282 2791 aliud
2328 2752 2507 2814 quam

260 2821 450 2877 almae
489 2830 734 2877 naturae
750 2865 766 2895 ,
811 2819 1192 2901 excultaeque
1234 2820 1356 2876 eius
1396 2818 1625 2877 dotibus
1664 2822 1817 2877 vitae
1832 2862 1849 2892 ,
1893 2818 2229 2898 symbolum
2270 2816 2509 2897 aliquod

258 2906 455 2963 fuisse.
541 2908 743 2986 Itaque
767 2906 832 2963 in
863 2906 1175 2963 Saliaribus
1205 2906 1554 2963 carminibus
1582 2903 1826 2961 deorum
1850 2903 1997 2961 deus
2034 2900 2305 2959 audiebat
2348 2904 2509 2975 (Ma-

259 2992 416 3051 crob.
457 2992 504 3065 I,
550 2992 620 3069 9)
679 3000 985 3073 tamquam
1039 2992 1390 3071 principium
1446 3009 1645 3048 rerum
1702 2988 1967 3071 adeoque
2024 2989 2201 3045 etiam
2240 2985 2506 3045 deorum.

259 3074 628 3136 Traductum
655 3086 854 3157 postea
881 3078 1212 3157 symbolum
1242 3076 1317 3135 ad
1345 3078 1456 3135 alia
1487 3086 1763 3154 cog-nata,
1794 3086 1861 3132 nt
1889 3074 2215 3152 designaret
2242 3074 2510 3131 omnium

261 3182 457 3221 rerum
483 3164 646 3221 initia
687 3172 746 3221 et
785 3165 1034 3241 origines
1047 3207 1064 3237 ,
1107 3182 1252 3220 mox
1291 3180 1488 3220 rerum
1524 3165 1707 3236 vices,
1750 3172 2014 3241 tempora
2028 3204 2043 3233 ,
2090 3178 2312 3217 annum
2354 3160 2511 3217 eius-

263 3268 378 3330 que
406 3250 678 3309 vertentis
718 3268 782 3307 se
822 3268 978 3309 nova
1018 3232 1255 3306 exordia
1275 3292 1292 3323 ,
1343 3246 1554 3306 mundi
1604 3266 1839 3329 quoque
1881 3266 1985 3304 seu
2026 3245 2171 3304 caeli
2216 3256 2409 3303 ortum
2452 3256 2513 3303 et

265 3354 568 3410 occasum,
615 3344 674 3391 et
699 3336 780 3395 sie
806 3352 1021 3414 porro:
1065 3336 1148 3392 ita
1177 3336 1334 3391 enim
1353 3379 1369 3409 ,
1413 3342 1482 3393 ut
1522 3334 1585 3391 in
1625 3334 1812 3391 varios
1852 3331 2205 3413 significatus
2246 3332 2511 3412 symbola

263 3418 774 3502 detorquerentur,
817 3424 939 3501 ipsa
981 3438 1072 3478 res
1115 3440 1183 3478 ac
1220 3422 1527 3479 necessitas
1568 3420 1807 3478 ferebat.
1892 3420 1981 3477 Ita
2018 3420 2212 3499 ipsum
2250 3419 2513 3497 comple-

261 3524 410 3565 xum
463 3505 720 3565 siderum
771 3516 830 3564 et
888 3508 1118 3565 caelum
1137 3504 1481 3585 designasse
1530 3503 1807 3565 dicendus
1849 3503 2172 3563 secundum
2208 3502 2515 3562 Messalam

263 3592 422 3673 apud
449 3594 708 3651 Macrob,
738 3593 778 3649 1.
809 3612 861 3653 c.
875 3638 894 3669 ‚
935 3594 1130 3672 ipsum
1175 3590 1349 3651 chaos
1397 3603 1456 3651 et
1499 3612 1577 3651 ex
1622 3610 1692 3651 eo
1736 3602 1861 3650 orta
1902 3605 2101 3649 rerum
2139 3590 2313 3649 facies
2356 3586 2515 3669 apud

265 3677 544 3741 Ovidium
565 3680 632 3737 in
657 3680 811 3737 Fast.
839 3680 868 3735 1
896 3698 986 3758 pr.
1067 3678 1248 3737 Plura
1277 3680 1388 3735 alia
1406 3722 1422 3753 ,
1469 3680 1647 3735 etiam
1670 3678 1991 3735 multas-mn
2018 3694 2214 3734 rerum
2254 3678 2515 3751 inventa,

265 3762 342 3822 ad
367 3766 578 3823 Ianum
603 3766 850 3823 retulere
878 3766 1117 3823 seniores
1159 3782 1282 3822 non
1319 3760 1502 3823 modo
1544 3765 1927 3823 Grannnatioi
1968 3761 2072 3821 sed
2116 3772 2175 3819 et
2212 3764 2519 3841 scriptores

264 3852 548 3926 Romani,
589 3860 658 3909 ut
686 3870 762 3908 em
789 3848 982 3909 ovidii
1006 3853 1162 3909 Fazt.
1191 3850 1291 3909 lib.
1317 3851 1348 3906 1
1385 3850 1635 3929 intelligi
1674 3858 1894 3929 potest,
1936 3850 2153 3927 partim
2198 3866 2397 3905 rerum
2434 3846 2519 3905 si·

264 3934 593 3996 militudine
617 3938 832 4015 partim
858 3936 1111 3995 nominis
1141 3936 1366 4014 origine
1392 3936 1464 3993 ab
1493 3934 1688 3992 eundo
1714 3936 1960 4016 repetita
1985 3931 2227 3993 inducti.
2284 3934 2360 3991 cf.
2384 3932 2521 3989 Mn-

267 4022 428 4080 crob.
457 4020 582 4080 Sat.
609 4023 656 4096 1,
686 4027 750 4086 9.
777 4022 943 4081 Serv.
971 4020 1050 4080 ad
1075 4021 1228 4081 Aen.
1255 4020 1382 4095 vn,
1427 4024 1554 4085 610
1597 4030 1657 4079 et
1694 4022 1769 4078 al.
1855 4018 2029 4090 Quod
2066 4018 2207 4077 belli
2242 4020 2519 4097 pacisque

263 4105 588 4166 habebatur
616 4108 828 4167 arbiter
843 4150 862 4183 ,
904 4114 1104 4166 ortum
1125 4107 1280 4165 forte
1305 4124 1428 4165 non
1456 4104 1689 4164 aliunde
1718 4104 1921 4164 habuit
1938 4149 1957 4178 ,
2002 4122 2181 4185 quam
2209 4102 2369 4185 quod
2396 4104 2519 4157 eius

267 4194 470 4271 religio
513 4204 659 4251 erat·
673 4194 1106 4274 antiquissima:
1159 4188 1320 4249 unde
1338 4234 1346 4244 .
1363 4188 1685 4251 invaluerat
1701 4236 1717 4265 ‚
1778 4200 1849 4249 ut
1902 4191 2055 4251 bello
2098 4188 2319 4247 indicto
2364 4196 2521 4243 tem-

267 4278 436 4358 plum
463 4280 586 4335 eius
611 4276 690 4335 ad
715 4278 1158 4358 'supplicationes
1184 4287 1426 4357 pateret.
1512 4272 1931 4381 Distinguenda
1961 4276 2033 4335 ab
2072 4276 2143 4333 iis
2184 4274 2297 4329 alia
2340 4288 2378 4326 a
2420 4288 2519 4325 se-

267 4364 512 4422 rim-ibus
541 4360 787 4437 adscita,
815 4374 882 4421 ut
908 4360 1253 4444 prudenciae
1281 4363 1477 4443 opinio
1506 4379 1546 4420 a
1574 4360 1791 4441 duplici
1816 4362 1997 4437 facie3
2036 4379 2145 4416 nec
2172 4374 2280 4438 pro
2309 4352 2521 4411 mundi

269 4450 465 4509 unium
493 4450 700 4506 lanum
729 4447 952 4508 dictum
981 4462 1104 4509 esse
1135 4449 1372 4529 antiqua
1399 4450 1707 4507 auctoritas
1736 4448 1927 4507 firmat
1941 4488 1958 4519 ,
2004 4452 2103 4500 aut
2148 4442 2299 4499 inter
2334 4436 2523 4497 sidera
