3009 5050
675 413 1295 492 ·AENmnos
1346 415 1558 490 ΜΒ.
1611 419 2158 513 §mes—271
2393 423 2543 496 475

306 604 557 680 Ardet
584 628 779 704 apex
806 602 1073 702 capiti,
1132 603 1540 703 cristisque
1572 628 1614 676 a
1643 603 1942 678 verti-ce
1973 600 2296 678 flamma
2398 613 2548 683 270

282 706 733 803 ·Fu11ditur,
789 721 869 782 et
894 718 1156 783 vastos
1184 705 1438 782 umbo
1467 707 1719 782 vomit
1759 729 2042 782 aureus
2068 708 2326 804 ignes=

446 915 551 968 270
572 915 764 966 Versus
790 911 897 964 iam
920 912 979 964 in
1006 912 1162 966 Aldd.
1196 914 1275 966 sic
1315 911 1526 980 legitur.
1597 913 1790 982 capitis
1815 915 1966 965 Rom.
1994 918 2173 980 sprot.
2207 923 2262 964 et
2293 907 2549 966 Montalb.

308 997 423 1036 cum
453 982 535 1036 ed.
565 985 797 1034 Pontana
820 983 1052 1034 Macrob.
1084 984 1150 1046 V,
1192 985 1275 1048 10,
1308 983 1449 1052 quod
1476 981 1707 1032 deterius
1743 994 1837 1033 est.
1873 984 1938 1034 cf.
1968 982 2038 1034 ad
2070 983 2185 1045 Vll,
2218 983 2338 1036 689.
2407 983 2551 1034 Ter-

306 1053 411 1104 tius
449 1071 595 1104 casus
628 1053 785 1103 docte
831 1069 961 1120 pro,
1018 1052 1076 1102 in
1106 1053 1301 1120 eapite.
1368 1052 1605 1122 (eapitis,
1641 1051 1782 1117 quod
1819 1051 2052 1119 praefert
2081 1051 2318 1114 Iahnius,
2363 1061 2454 1104 ant
2487 1069 2553 1102 ex

307 1123 743 1191 interpretatione
760 1159 777 1187 ,
808 1131 902 1174 aut
936 1139 999 1172 ex
1028 1139 1163 1174 sono
1188 1121 1415 1190 proximi
1442 1137 1560 1172 voc.
1583 1121 1766 1172 cristis
1793 1133 1992 1182 ortnm3
2023 1130 2226 1184 contra,
2261 1137 2421 1188 quare
2453 1139 2552 1172 car—

304 1194 416 1264 piu'
443 1209 541 1260 pro
570 1194 765 1261 capitis
796 1191 1027 1243 scribere
1054 1191 1335 1242 maluerint
1360 1187 1599 1252 librarii,
1643 1205 1749 1239 non
1769 1187 2090 1256 intelligitur.
2130 1190 2296 1256 Wr.)
2341 1191 2552 1242 tristis-

308 1281 413 1330 que
444 1262 672 1311 Faernus
712 1260 1024 1312 emendabat
1056 1259 1195 1328 apud
1222 1259 1397 1312 Ursin.
1425 1268 1480 1311 et
1516 1257 1894 1326 Gnninghamus
1912 1296 1929 1322 ,
1965 1259 2140 1326 sicque
2165 1259 2272 1310 Erf.
2309 1257 2458 1326 legit.
2516 1279 2555 1312 a

310 1333 517 1382 veru'ce
540 1329 820 1382 damnabat
848 1329 1005 1390 Fiet..
1041 1329 1136 1382 sed
1160 1329 1426 1382 revocavit
1450 1329 1632 1380 Heius.
1666 1345 1696 1377 e
1724 1328 1916 1380 Medic.
1941 1337 1996 1380 ot
2020 1327 2136 1380 aliis
2151 1367 2166 1392 ‚
2203 1337 2258 1379 et
2283 1344 2348 1378 ex
2373 1327 2551 1380 Nonio

308 1418 371 1451 ac
400 1399 691 1450 Macrobio.
757 1398 863 1450 Alii
898 1416 1113 1467 cumque
1138 1398 1203 1450 iis
1242 1398 1383 1449 idem
1418 1398 1529 1452 Erf.
1573 1398 1861 1466 cristisque
1895 1416 1958 1450 ac
1995 1399 2197 1448 vertice
2238 1397 2370 1450 duce
2401 1397 2552 1448 huius

306 1469 537 1520 familiae
562 1471 830 1535 Romano,
867 1468 1010 1537 qnod
1036 1467 1273 1536 equidem
1303 1469 1613 1536 praeferam.
1685 1470 1786 1530 (ac,
1823 1467 1964 1536 quod
2000 1475 2170 1518 exstat
2215 1466 2370 1518 etiam
2403 1465 2460 1515 in
2499 1468 2551 1519 2.

308 1539 361 1592 3.
388 1539 441 1592 7.
470 1539 523 1591 8.
554 1539 658 1598 11.,
692 1537 893 1606 recepit
921 1535 1153 1600 lahnin⁸3
1189 1537 1315 1588 mihi
1342 1537 1572 1606 quidem,
1605 1551 1758 1602 quum
1798 1536 2002 1604 apicem
2049 1545 2103 1586 et
2149 1534 2334 1587 cristas
2367 1536 2554 1587 ardere

309 1606 508 1659 dixerit
540 1615 734 1676 poeta,
779 1624 1215 1676 supervacaneum
1258 1617 1314 1657 et
1352 1624 1534 1675 parum
1581 1606 1792 1672 elegans
1837 1603 2070 1668 videtur,
2123 1605 2280 1656 etiarn
2321 1606 2552 1670 tertium,

308 1677 401 1745 qni
425 1675 519 1728 ina
558 1675 946 1745 complectitur,
982 1676 1209 1728 adiicere
1248 1676 1513 1728 verticem.
1557 1673 1700 1740 Wr.)
1769 1692 1875 1740 que
1908 1674 2065 1728 etiam
2106 1673 2364 1725 nonnullis
2385 1675 2554 1735 abest,

314 1763 415 1798 nce
438 1745 593 1798 male.
731 1747 835 1802 271
865 1763 930 1797 ac
958 1757 1149 1798 vastos
1178 1746 1338 1798 Goth.
1368 1762 1475 1796 sec.
1498 1773 1512 1786 ·
1547 1743 1702 1796 umbo
1731 1762 1928 1796 aereus
1965 1762 2080 1796 cnm
2109 1743 2342 1796 Mam-ob.
2384 1745 2450 1806 V,
2488 1743 2556 1797 13

308 1815 513 1881 aliquot
539 1813 675 1866 Pier.
701 1832 815 1866 cum
848 1815 1037 1866 Medic.
1072 1815 1221 1867 Leid.
1262 1824 1318 1866 et
1358 1832 1459 1882 pro
1500 1813 1607 1866 div.
1645 1813 1768 1865 lect.
1808 1814 2059 1866 Rottend.
2092 1823 2234 1875 tert„
2282 1822 2556 1880 utrumqne

309 1896 477 1936 recte.
510 1885 651 1936 conf.
677 1883 773 1936 inf.
802 1885 931 1949 884,
976 1883 1073 1936 sed
1097 1903 1302 1937 aureus
1336 1883 1546 1953 poetica
1588 1882 1822 1934 oratione
1853 1882 2077 1951 dignius.
2145 1883 2317 1950 (Licet
2345 1883 2556 1951 quidem

308 1972 507 2006 aereus
532 1971 595 2006 eo
620 1953 923 2020 defendere,
956 1955 1101 2024 qnod
1123 1955 1261 2007 infra
1286 1973 1363 2012 vs.
1393 1955 1516 2010 887.
1541 1957 1752 2006 Aeneae
1781 1953 1980 2022 clipeus
2005 1965 2272 2017 aetatum,
2306 1969 2442 2020 quae
2473 1960 2556 2002 est

391 2133 539 2194 269.
596 2140 899 2210 totumque
938 2128 1138 2188 allabi
1174 2131 1390 2188 classi-

308 2213 421 2271 bus
470 2236 713 2294 aequor.
795 2219 981 2274 Docte
1038 2216 1112 2274 de
1174 2236 1393 2294 magna

302 2302 551 2358 navium
606 2303 775 2380 eopia
805 2345 821 2376 ,
895 2301 971 2363 ad
1038 2304 1391 2362 Rutulorum

310 2382 673 2462 phantasiam
687 2430 704 2459 ,
748 2396 805 2442 et
834 2384 909 2443 ad
946 2385 1391 2445 admirationem

309 2467 639 2527 faciendam
683 2471 1139 2531 accommodate.

310 2557 439 2634 gari
468 2558 725 2613 oratione
769 2556 958 2615 classis
988 2558 1253 2615 allabitur
1279 2558 1393 2615 late

311 2660 419 2720 per
476 2652 667 2698 totum
722 2659 903 2699 mare.
1004 2644 1175 2698 Nunc
1230 2662 1394 2699 mare

311 2730 526 2805 ipsum,
546 2745 723 2807 quam
736 2727 913 2803 longe
937 2738 1270 2805 prospectus
1286 2747 1395 2807 pa-

313 2822 395 2870 tet
410 2854 427 2885 ,
468 2812 712 2870 navibus
734 2822 985 2886 tectum,
1028 2810 1259 2871 videtur
1286 2812 1394 2871 ad-

310 2897 493 2955 fluere
550 2896 626 2955 ad
676 2898 835 2955 littus
888 2916 1026 2955 cum
1078 2896 1391 2957 classibus.

310 2985 433 3041 Nec
463 2983 626 3041 aliter
667 2984 921 3042 Servius.
1008 2984 1389 3049 270—275.

309 3072 401 3129 De
457 3088 689 3127 summo
764 3088 1065 3127 annornm
1134 3071 1389 3145 Aeneae,

312 3175 465 3237 quae
494 3175 529 3212 a
542 3156 805 3213 Vulcano
818 3166 980 3213 eraut
994 3156 1163 3230 facta,
1192 3154 1391 3235 sple‘n-

312 3240 453 3299 dore
495 3241 871 3319 cogitandum
914 3251 1028 3317 est,
1072 3262 1251 3321 quem
1290 3262 1396 3322 per

310 3329 513 3405 ignem
540 3339 598 3384 et
626 3327 929 3385 flammam
957 3324 1119 3386 reddi
1135 3328 1395 3387 sollenne

310 3422 431 3488 θεὶς
486 3414 775 3471 Homerus
814 3432 953 3472 vero
994 3416 1185 3492 ipsam
1223 3414 1397 3472 flam-

308 3516 475 3556 mam
518 3501 677 3557 exire
736 3499 875 3558 fecit
915 3502 1107 3558 annis.
1219 3501 1397 3557 Plura

310 3594 447 3642 sunt
492 3586 803 3642 Homerica
851 3584 1007 3660 loca,
1054 3605 1204 3666 quae
1228 3586 1395 3645 Maro

313 3681 451 3727 ante
480 3672 676 3729 oculos
693 3668 912 3745 habuit,
944 3691 1095 3751 quae
1122 3671 1195 3730 ab
1214 3674 1395 3731 otioso

315 3753 621 3831 diligenter
648 3760 973 3836 comparari
996 3768 1255 3837 possunt,
1288 3757 1397 3815 ad·-

313 3840 565 3897 scribere
618 3861 687 3899 ea
728 3862 851 3901 non
893 3853 1093 3901 vacat:
1138 3846 1397 3922 primum

312 3924 840 4005 splendidissimmn
896 3929 1065 3987 illum
1122 3927 1195 3987 de
1248 3932 1398 3987 Dio-

312 4008 490 4071 mede
516 4010 681 4070 Iliad.
712 4034 759 4087 ε,
792 4012 831 4078 4
854 4018 1023 4089 -4,
1070 4034 1249 4095 quem
1292 4034 1399 4075 va·-

313 4098 487 4155 riavit
510 4098 575 4154 in
600 4096 828 4157 Achille
856 4101 925 4158 11.
944 4119 997 4174 σ,
1014 4100 1399 4165 205—214·

314 4180 418 4239 Ad
460 4179 617 4241 hunc
658 4186 921 4263 inprimis
950 4188 1262 4265 respexisse
1310 4188 1404 4245 vi·-

315 4266 493 4327 detur
520 4270 705 4327 Maro.
781 4270 1219 4349 comparandus
1250 4292 1402 4351 quo—

314 4372 435 4435 qne
464 4372 594 4434 sup.
622 4354 751 4427 Vll,
778 4356 905 4420 785
926 4360 1175 4423 —788.
1259 4358 1403 4415 Mox

311 4460 371 4499 v.
416 4442 545 4505 272
591 4442 1087 4519 comparationem
1145 4452 1403 4501 cometae

1240 2473 1391 2531 Vul-
1409 2532 1413 2538 ,

1474 2129 1549 2188 de
1576 2151 1680 2189 suo
1711 2129 1920 2188 adiecit
1959 2131 2158 2186 Maro:
2207 2149 2349 2187 nam
2387 2127 2554 2186 Iliad.

1474 2217 1532 2292 δ,
1562 2217 1840 2281 75-77
1883 2214 1956 2272 de
1995 2216 2192 2274 stellae
2221 2217 2556 2274 traiectione

1472 2303 1594 2378 agit
1610 2346 1626 2375 ,
1669 2321 1792 2360 non
1820 2298 1893 2360 de
1923 2311 2170 2359 cometa.
2252 2303 2558 2358 Maronem

1472 2388 1684 2443 imitati
1722 2396 1858 2444 sunt
1873 2431 1888 2459 ‚
1935 2405 2080 2466 quos
2111 2386 2298 2444 Cerda
2339 2385 2556 2460 laudat,

1478 2471 1695 2550 diligen
1725 2491 1786 2529 er
1811 2472 1984 2531 Silius
2013 2473 2112 2530 lib.
2129 2473 2176 2545 1,
2196 2469 2558 2546 460—464,

1479 2556 1858 2621 etClaudIan.
1889 2556 1961 2614 de
1990 2560 2060 2615 R.
2091 2559 2253 2616 Pros.
2279 2560 2559 2649 §230—

1479 2640 1624 2714 234,
1656 2645 1756 2723 qui
1769 2644 2148 2699 Homericum
2168 2644 2364 2701 locum
2379 2640 2559 2700 modo

1478 2725 1782 2785 laudatum
1841 2725 1916 2785 ad
1972 2728 2219 2785 verbum
2265 2729 2560 2805 expressit.

1478 2812 1788 2883 Quomodo
1817 2814 2000 2871 nostri
2037 2823 2244 2891 poetae
2276 2812 2561 2869 excellere

1478 2909 1536 2969 et
1561 2918 1830 2978 superare
1843 2900 2065 2978 possint
2091 2908 2330 2972 vetereS‚
2358 2916 2565 2953 exem-

1472 2986 1643 3064 plum
1696 2994 1816 3043 esto
1871 2983 1982 3043 hoc
2036 2984 2263 3041 Miltoni
2321 2982 2556 3041 Paracl.

1473 3071 1628 3128 Lost
1654 3072 1754 3130 lib.
1785 3073 1858 3145 11,
1889 3074 2012 3135 708
2042 3090 2168 3151 sqq.
2189 3114 2206 3145 ,
2235 3072 2336 3128 ubi
2364 3089 2566 3129 come-

1474 3166 1577 3213 ten
1624 3167 1894 3234 ermstum
1935 3158 2060 3235 igni
2090 3166 2148 3213 et
2191 3170 2564 3217 consumtum

1479 3245 1552 3300 ab
1599 3241 1904 3323 Ophiucho
1948 3242 2251 3301 flammare
2297 3254 2354 3303 et
2396 3266 2567 3305 coma

1479 3348 1686 3410 quassa
1727 3340 1952 3409 pestem
1996 3340 2054 3387 et
2081 3330 2300 3387 famem
2339 3332 2566 3391 immit-

1477 3424 1600 3473 tere
1645 3414 1802 3473 dicit.
1903 3413 2024 3473 Sed
2073 3417 2212 3474 Sirii
2253 3436 2358 3475 seu
2401 3420 2570 3477 cani·-

1480 3502 1646 3559 culae
1727 3503 2084 3581 comparatio
2139 3512 2262 3560 tota
2323 3501 2569 3563 debetur

1478 3588 1771 3646 Homero:
1847 3586 2011 3645 Iliad.
2064 3610 2117 3665 χ,
2159 3592 2343 3653 26—
2361 3594 2442 3655 33
2493 3590 2568 3649 de

1480 3670 1730 3731 Achille.
1818 3674 1973 3731 Cum
2029 3684 2191 3731 aestu
2207 3719 2224 3748 ‚
2301 3678 2404 3755 qui
2458 3680 2566 3735 sub

1478 3756 1652 3816 huius
1694 3755 1890 3817 sideris
1929 3769 2126 3817 ortum
2153 3764 2411 3819 exoritur
2427 3806 2444 3836 ‚
2503 3766 2568 3821 in

1480 3847 1550 3901 iis
1591 3846 1754 3902 terris
1791 3845 1980 3903 febres
2027 3856 2255 3906 tentant
2297 3844 2566 3909 homines

1482 3930 1807 4008 malignae:
1855 3932 2010 3990 conf.
2043 3932 2316 4010 Apollon.
2345 3937 2568 4008 H,518

1482 4048 1570 4059 --
1601 4016 1718 4081 521
1776 4026 1835 4073 et
1872 4015 2072 4076 Schol.
2104 4018 2224 4077 Cic.
2257 4017 2330 4077 de
2356 4022 2489 4080 niv.
2517 4022 2566 4093 1,

1486 4102 1603 4175 57,
1649 4112 1710 4159 et
1747 4104 1972 4179 Davis.;
2025 4102 2166 4162 hine
2211 4124 2388 4165 mox:
2451 4105 2568 4163 Ille

1484 4188 1654 4245 sitim
1693 4186 2046 4267 morbosque
2079 4188 2312 4267 serens.
2419 4194 2565 4252 270.

1484 4294 1677 4351 apex;
1733 4276 2007 4354 cogitavit
2047 4268 2276 4352 λόφον,
2329 4292 2565 4349 conum,

1484 4361 1582 4419 cui
1610 4363 1776 4419 crista
1803 4364 2049 4434 inserta3
2080 4358 2342 4437 designat
2369 4370 2564 4417 tamen

1485 4454 1668 4504 totam
1696 4448 1938 4505 omnino
1965 4446 2196 4524 galeam
2233 4464 2365 4503 aere
2391 4464 2566 4505 coru-
