3009 5050
657 383 919 510 sn:
987 352 1661 461 LIBRUM:
1750 385 1935 465 vn
2310 399 2517 472 165·

202 587 298 628 sus
329 578 418 630 est
443 569 712 650 coniugio
751 571 1030 632 Laviniae
1071 573 1146 632 ab
1188 576 1452 650 oraculo,
1499 575 1661 658 quod
1700 575 1987 638 advenam
2028 581 2085 640 ei
2126 580 2465 644 destinam-

201 663 325 730 rat,
367 674 492 715 non
519 657 773 739 aliquem
803 677 838 716 e
863 659 1267 738 popularibus,
1311 660 1410 718 lib.
1441 662 1567 737 vn,
1598 667 1705 728 96.
1786 667 1857 722 In
1894 663 1986 724 his
2024 665 2233 726 iisdem
2275 673 2455 730 verti-

203 751 298 800 tur
325 745 748 820 argumentatio
777 745 1026 802 Amatae
1053 745 1178 819 vll,
1206 744 1332 810 365
1361 766 1490 830 sqq.
1533 749 1609 806 cf.
1638 751 1773 808 Not.
1804 747 1881 808 ad
1908 749 2055 816 599.
2086 756 2232 818 600.

232 882 240 892 ,
353 825 546 897 Quod
571 830 845 887 Turnum
875 828 1240 888 Herdonium
1269 833 1582 910 appellavit
1610 834 1807 893 Victor
1834 835 1905 894 0.
1936 837 2011 894 G.
2054 839 2126 896 R.
2172 843 2270 914 13,
2314 860 2453 920 gra-

198 913 285 970 vis
315 923 402 972 est
429 915 618 992 lapsus
649 935 726 974 ex
751 917 1180 994 permutatione
1219 915 1410 974 Tmni
1447 918 1733 977 Herdonii
1773 921 2116 980 Latinorum
2158 927 2449 1006 principis,

199 1015 382 1078 quem
409 999 718 1080 Tarquinii
746 1001 1000 1081 Superbi
1037 1001 1192 1060 stans
1235 1005 1460 1061 evertit.
1548 1004 1823 1064 Ceterum
1864 1003 1938 1064 de
1981 1007 2191 1067 Turno
2230 1020 2291 1068 et
2330 1013 2453 1070 Ar-

200 1081 310 1141 dea
337 1095 466 1168 post
495 1085 830 1144 Cluverium
855 1088 977 1164 agit
1003 1088 1235 1166 copiose
1263 1086 1504 1166 Vulpius
1544 1089 1609 1146 in
1654 1091 1783 1148 Vet.
1830 1092 1959 1150 Lat.
2006 1093 2185 1151 Tom.
2229 1095 2298 1170 V,
2345 1098 2449 1157 sed

199 1165 496 1228 doctrinm
523 1171 898 1230 subtilitatem
924 1173 988 1229 in
1014 1173 1304 1254 plerisque
1332 1170 1618 1234 desideres
1634 1219 1652 1250 ,
1690 1175 1919 1254 copiam
1947 1176 2116 1236 facile
2144 1181 2445 1244 concedas.

721 1617 1561 1709 EXGURSUS
1658 1621 1913 1708 VIII

188 1773 328 1834 Ad
378 1795 782 1834 recensum
823 1774 1354 1854 populorum,
1423 1779 1562 1856 qui
1612 1795 1779 1836 cum
1833 1778 2129 1838 Latino
2181 1799 2439 1839 armo-—

757 1881 918 1920 rum
976 1863 1438 1920 societatem
1491 1864 1877 1920 inierant.

359 2013 486 2089 VII,
515 2012 642 2080 640
669 2035 796 2098 sqq.
841 2015 993 2076 Cum
1019 2017 1248 2096 Virgilii
1275 2015 1521 2076 eruditio
1549 2017 1814 2098 inprimis
1856 2018 2227 2078 mirationem
2266 2018 2439 2080 faciat

187 2101 248 2158 in
279 2101 490 2160 veteris
529 2101 728 2162 ltaliae
769 2102 1086 2181 originibus
1101 2147 1118 2177 ,
1165 2122 1308 2182 quas
1351 2113 1412 2162 et
1451 2113 1717 2162 accurate
1758 2105 2127 2182 investigasse
2168 2114 2229 2163 et
2269 2123 2437 2164 com-

183 2183 368 2246 mode
411 2195 590 2267 atque
628 2189 930 2266 ingeniose
975 2187 1246 2246 carminis
1287 2189 1376 2246 sui
1410 2187 1599 2247 indoli
1652 2187 2119 2248 accommodasse
2172 2186 2435 2266 videtur3

182 2291 310 2330 non
339 2272 589 2351 pigebit,
631 2273 694 2330 in
721 2269 874 2332 hanc
903 2275 1173 2332 carminis
1201 2284 1429 2354 partem
1457 2293 1765 2332 excurrere
1780 2317 1797 2350 ,
1853 2284 1911 2332 et
1926 2317 1943 2350 ,
2001 2293 2151 2356 quae
2194 2273 2435 2354 singulis

179 2359 330 2416 locis
357 2367 578 2416 veteres
605 2357 836 2417 fabulae
865 2361 920 2417 ei
949 2370 1084 2418 ante
1112 2359 1308 2418 oculos
1337 2369 1595 2418 versatae
1621 2361 1733 2418 sint
1752 2404 1769 2436 ,
1812 2360 1920 2418 sub
1946 2379 2137 2418 unum
2164 2361 2435 2420 obtutum

180 2465 260 2502 ex
305 2461 504 2502 onere.

263 2463 302 2522 P
360 2528 628 2587 Primum
671 2527 912 2611 quidem
947 2526 1094 2587 illud
1109 2572 1128 2603 ,
1181 2526 1342 2609 quod
1382 2530 1504 2588 iam
1548 2526 1799 2589 diximus
1817 2573 1835 2604 ,
1902 2529 2297 2589 observatione
2338 2527 2433 2588 di-

179 2632 382 2694 gnum
405 2614 666 2691 inprimis
695 2624 780 2671 est
800 2658 818 2689 ,
872 2610 1032 2694 quod
1057 2615 1126 2670 in
1169 2614 1362 2670 Τιινπι·
1395 2624 1607 2691 partes
1622 2656 1649 2685 ,
1692 2633 1872 2694 quem
1898 2632 1931 2671 a
1961 2615 2181 2673 Graeca
2208 2616 2431 2695 origine

177 2718 376 2779 genus
405 2696 616 2755 ducere
642 2707 1094 2770 memoraverat,
1139 2694 1383 2755 adduxit
1411 2716 1511 2757 eos
1544 2698 1808 2775 populos
1824 2740 1853 2769 ,
1887 2698 2107 2777 quibus
2162 2698 2433 2757 Graecae

177 2785 453 2863 origines
490 2782 678 2863 vulgo
717 2781 1132 2839 tribuebantur
1146 2802 1164 2836 .-
1225 2800 1344 2861 quo
1385 2784 1513 2861 ipso
1569 2785 1855 2840 rationem
1898 2784 2152 2863 aliquam
2190 2784 2431 2859 invenit,

179 2890 304 2953 qua
353 2869 572 2927 excitos
616 2869 803 2929 varios
843 2868 1039 2925 Italiae
1079 2866 1327 2945 populos
1368 2867 1638 2925 Troianis
1684 2867 1957 2924 obiiceret
2013 2865 2251 2926 adversa
2306 2868 2431 2925 acie

173 2964 536 3037 pugnantes.
619 2954 797 3014 Vetus
839 2955 1196 3011 Graecorum
1247 2949 1450 3009 odium
1501 2950 1773 3011 adversus
1830 2950 2117 3010 Troianos
2130 2994 2149 3026 ,
2206 2970 2431 3030 nupera

175 3043 405 3101 Troiae
449 3037 614 3109 clade
651 3037 919 3099 nondum
961 3038 1260 3116 expletum
1275 3082 1292 3112 ,
1351 3037 1454 3097 sed
1495 3056 1567 3095 eo
1606 3038 1793 3117 magis
1832 3036 1895 3093 in
1940 3056 2037 3095 eos
2054 3080 2070 3111 ,
2124 3037 2227 3118 qui
2264 3034 2429 3095 clade

174 3127 514 3207 superstites
539 3126 918 3205 profugerant
931 3169 946 3197 ‚
990 3122 1420 3181 inflaminatum
1433 3168 1449 3199 ,
1493 3143 1718 3181 caussas
1746 3122 1945 3180 auxilii
1986 3120 2208 3180 ferendi
2253 3141 2429 3202 prae-

173 3214 282 3272 bet
321 3211 588 3271 idoneas.
677 3212 808 3283 Quo
867 3206 1014 3269 illud
1060 3206 1222 3267 idem
1237 3252 1255 3283 ,
1315 3208 1478 3289 quod
1518 3212 1685 3267 toties
1722 3208 2061 3267 monuimus
2074 3250 2091 3281 ,
2147 3206 2425 3283 firmatur,

174 3299 335 3379 epici
365 3298 635 3355 carminis
661 3296 962 3375 virgiliani
999 3294 1256 3354 fructum
1295 3296 1428 3353 satis
1465 3292 1793 3353 iucundum
1832 3294 1934 3354 vix
1975 3312 2097 3351 esse
2134 3312 2300 3372 posse
2340 3294 2429 3351 illi

169 3382 446 3457 homini,
487 3384 590 3464 qui
615 3400 738 3440 non
762 3383 972 3440 fabulis
997 3382 1109 3439 illis
1152 3381 1402 3460 antiquis
1419 3424 1438 3454 ,
1481 3378 1863 3459 inprimisque
1906 3378 2227 3437 Homericis
2262 3379 2426 3437 Itali-

169 3469 384 3551 cisque
399 3511 417 3542 ,
467 3468 760 3527 imbutum
808 3464 1020 3526 habeat
1081 3466 1404 3545 ingenium.
1506 3466 1635 3525 Hoc
1696 3474 1806 3540 est,
1887 3478 2009 3546 quo·
2058 3482 2289 3523 smnma
2326 3482 2424 3523 re-

168 3574 314 3615 rum
339 3550 516 3613 redit.
1554 3553 1560 3560 '

351 3640 407 3697 Ii
432 3639 638 3717 igitur,
679 3654 826 3719 quos
851 3633 948 3695 hic
975 3644 1278 3718 enumerat
1315 3633 1563 3713 populos
1611 3634 1827 3693 auxilia
1864 3634 2073 3692 Latino
2116 3644 2177 3691 et
2216 3632 2423 3691 Turno

169 3724 538 3785 adducentes
553 3768 572 3799 ,
622 3742 698 3781 ex
725 3740 938 3801 genere
964 3734 1100 3781 sunt
1127 3738 1363 3794 eorum,
1407 3720 1513 3800 qui
1538 3716 1780 3777 urbium
1818 3736 2055 3779 suarum
2096 3716 2423 3776 conditores

180 3812 462 3871 Graecos
485 3807 752 3867 habuisse
776 3808 1124 3883 ferebantur,
1169 3807 1256 3863 uti
1283 3806 1346 3863 in
1371 3805 1611 3883 singulis
1636 3824 1783 3862 mox
1808 3802 2151 3863 videbimus.
2236 3803 2423 3861 Grae-

169 3916 246 3956 ca
289 3896 461 3972 origo
499 3892 740 3954 eosdem
777 3903 976 3952 movet
991 3936 1008 3969 ,
1074 3904 1143 3951 ut
1181 3888 1480 3949 Diomedis
1520 3891 1733 3949 auxilia
1774 3898 1975 3969 petant
2008 3888 2115 3947 inf.
2155 3886 2291 3945 vm
2332 3884 2421 3967 pr.

167 3982 420 4041 Latinos
449 3980 694 4057 populos
723 3998 790 4037 ac
819 3980 1076 4037 civitates
1104 3974 1308 4035 ordine
1335 3985 1491 4033 certo
1520 3994 1623 4033 seu
1648 3975 1790 4033 situs
1818 3994 1921 4033 seu
1963 3972 2254 4033 vetustatis
2288 3990 2422 4029 me-

167 4074 436 4126 moratas
467 4065 806 4143 expectabat
845 4064 994 4121 forte
1031 4062 1236 4143 aliquis
1277 4079 1312 4119 a
1352 4071 1545 4139 poeta.
1628 4061 1849 4118 Vemm
1882 4059 2105 4118 lubrico
2142 4058 2241 4114 ille
2276 4057 2422 4115 insi-

166 4153 364 4213 stebat
391 4148 668 4227 vestigio:
713 4150 788 4207 ab
815 4149 966 4207 Alba
992 4150 1196 4225 Longa
1211 4188 1230 4221 ‚
1273 4165 1422 4227 quae
1449 4143 1565 4203 hoc
1600 4154 1863 4224 tempore
1908 4152 2028 4201 erat
2068 4143 2231 4201 nulla
2244 4184 2263 4213 ,
2320 4159 2420 4198 or-

165 4250 306 4299 tum
333 4232 556 4293 habere
585 4252 763 4293 omne
787 4238 1022 4292 nomen'
1035 4234 1338 4305 Latinum,
1387 4240 1446 4287 et
1473 4231 1546 4288 ab
1576 4249 1645 4288 ea
1684 4228 1961 4288 deductas
2003 4246 2125 4287 esse
2166 4225 2419 4285 colonias

160 4322 358 4385 XXX
381 4320 538 4377 Latii
567 4320 820 4379 civitates
833 4362 850 4395 ‚
893 4318 1072 4395 vulgo
1100 4326 1228 4375 tum
1255 4316 1571 4375 constabat.
1615 4336 1673 4373 v.
1712 4316 1954 4393 Dionys.
2000 4314 2103 4385 ΠΙ,
2146 4314 2221 4373 31
2270 4317 2329 4363 et
2371 4308 2417 4379 1,

43 4441 48 4456 ·
168 4410 274 4479 15.
368 4400 530 4478 Quid
549 4398 581 4461 ἓ·
633 4402 793 4485 quod
833 4404 1126 4483 superiore
1171 4400 1352 4473 libro,
1394 4400 1492 4475 vl,
1536 4402 1898 4463 773-777
1946 4398 2165 4477 aliquot
2210 4390 2417 4449 harum

36 4506 49 4569 δ
