3009 5050
526 444 680 517 410
1006 436 1090 511 P.
1144 433 1678 513 VIRGILII
1743 434 2294 514 MARONIS

524 628 627 701 Et
649 622 1097 724 glomerare
1136 644 1505 697 manum:
1548 624 1710 697 'ceu
1741 642 2064 697 saevum
2097 623 2328 699 turba
2363 622 2690 701 leonem

528 732 734 808 Cum
765 724 940 802 telis
982 725 1276 825 premit
1300 723 1666 818 infensis;
1715 738 1791 799 at
1817 726 2132 801 territus
2163 725 2321 824 ille,

522 838 811 934 Asper,
865 828 1143 907 acerba
1172 840 1439 924 tuem,
1493 842 1712 904 retro
1755 828 2003 922 redit3
2075 842 2156 906 et
2194 855 2462 930 neque
2502 845 2714 930 terga

521 938 647 1013 Ira
684 934 873 1011 dare
905 946 1041 1009 aut
1064 934 1309 1009 virtus
1339 934 1662 1034 patitur,
1715 954 1870 1007 nec
1897 932 2234 1011 tendere
2267 947 2563 1028 contra,
2619 946 2754 1015 795

519 1039 668 1117 Ille
726 1037 1057 1141 quidem
1114 1036 1273 1112 hoc
1328 1038 1655 1139 cupiens
1686 1095 1707 1131 ‚
1787 1036 1998 1135 potis
2055 1052 2175 1114 est
2224 1063 2374 1139 per
2429 1037 2586 1115 tela
2649 1040 2754 1113 vi-

1683 1161 2002 1239 rosque.

518 1245 751 1323 Haud
778 1246 1003 1323 aliter
1029 1256 1247 1321 retro
1284 1242 1572 1321 dubius
1599 1243 1914 1339 vestigia
1950 1248 2268 1320 Turnus

518 1352 1037 1451 Inproperata
1064 1346 1346 1443 refert,
1402 1360 1482 1421 et
1506 1370 1739 1420 mens
1781 1358 2171 1421 exaestuat
2201 1348 2333 1421 ira.

520 1455 737 1549 Quin
770 1454 1005 1528 etiam
1037 1452 1158 1527 bis
1186 1463 1361 1525 tum
1385 1447 1701 1543 medios
1733 1448 2120 1527 invaserat
2143 1450 2449 1543 hostes3

515 1560 645 1632 Bis
684 1555 1010 1633 confusa
1043 1554 1227 1651 fuga
1260 1577 1408 1652 per
1431 1577 1707 1628 muros
1737 1555 2050 1651 agmina
2094 1556 2346 1631 vertit.
2613 1562 2746 1633 800

519 1658 683 1736 Sed
710 1682 995 1736 manus
1033 1683 1077 1735 e
1120 1657 1383 1732 castris
1427 1680 1776 1756 propere
1823 1660 1980 1733 coit
2015 1659 2274 1734 omnis
2304 1658 2385 1733 in
2415 1682 2688 1735 unum.

512 1766 680 1841 Nec
723 1775 995 1837 contra
1035 1762 1241 1836 vires
1271 1758 1512 1835 audet
1543 1761 1904 1835 Saturnia
1930 1765 2136 1838 Iuno

650 1936 755 1991 ⁴792
787 1953 887 1987 ceu
919 1937 1163 1987 Poenum
1198 1932 1333 1986 coni.
1360 1934 1636 1987 Schrader.
1675 1951 1704 1985 e
1741 1936 1862 2000 XII,
1887 1932 1941 1988 4.
2041 1934 2150 1990 793
2175 1952 2241 1986 ac
2263 1936 2449 1987 Franc.
2487 1935 2580 1993 (ac
2604 1931 2742 1983 etiam

509 2006 701 2058 Medio.
736 2005 876 2074 apud
909 2004 1127 2071 Foggin.
1170 2002 1312 2071 Wr.)
1382 2004 1686 2055 ametritae
1717 2006 1848 2072 Reg.
1989 2006 2094 2060 794
2127 2016 2277 2057 retro
2311 2004 2466 2057 dedit
2496 2002 2740 2054 Montalb.

510 2084 569 2125 et
598 2077 733 2127 Ven.
804 2086 866 2126 σε
910 2090 1087 2142 neque
1130 2075 1301 2141 Bigot.
1388 2092 1452 2125 ac
1498 2072 1660 2125 Goth.
1703 2082 1832 2125 tert.
1935 2074 2038 2129 795
2090 2090 2156 2125 ac
2203 2092 2255 2125 o.
2307 2072 2512 2125 Zulich.
2583 2084 2636 2124 et
2665 2088 2738 2141 pr.

508 2144 699 2196 Hamb.
736 2152 793 2195 et
827 2142 1047 2195 Dorvill.
1117 2161 1292 2213 neque
1325 2155 1364 2194 ε.
1401 2144 1552 2195 Rom.
1686 2142 1790 2197 796
1824 2143 1932 2196 Ille
1965 2164 1998 2195 e
2035 2144 2214 2195 uidem
2249 2146 2436 2195 Frauc.
2510 2162 2610 2211 per
2643 2140 2741 2191 ula

500 2232 607 2285 per
641 2214 827 2265 hostes
858 2214 991 2265 Van.
1062 2214 1137 2285 (p.
1176 2226 1215 2265 t.
1244 2231 1350 2284 per
1392 2214 1551 2282 ignes
1583 2212 1867 2264 Arusianus
1901 2233 1955 2283 p.
2059 2212 2110 2266 5.
2161 2213 2288 2265 edit.
2323 2211 2566 2265 Lindem.
2605 2210 2736 2273 Wr.)

506 2282 747 2334 Ceterum
781 2299 887 2333 non
917 2282 1098 2346 video,
1136 2300 1227 2335 cur
1258 2281 1680 2351 interpunctione
1701 2290 1810 2332 tam
1845 2283 2026 2351 duram
2060 2284 2350 2334 orationem
2385 2282 2601 2333 efficere
2629 2279 2737 2349 pla-

506 2363 648 2417 cest,
682 2352 815 2415 Ille,
848 2352 1061 2422 quidem
1093 2353 1197 2404 Ιιοσ
1229 2370 1291 2416 c„
1327 2369 1423 2403 nec
1458 2351 1690 2403 retinere
1722 2351 1796 2412 id,
1831 2353 1974 2421 quod
2007 2369 2067 2404 ae
2102 2352 2288 2403 offert:
2335 2370 2440 2403 nec
2483 2364 2527 2403 t.
2561 2362 2738 2402 comm

504 2423 613 2474 Ille
645 2422 888 2492 quidem,
948 2422 1051 2473 Ιιοσ
1097 2424 1322 2492 cupiens
1368 2422 1445 2486 (h.
1496 2419 1725 2489 quamvis
1775 2422 2034 2492 cupiens),
2075 2424 2228 2491 potis
2260 2434 2344 2473 eat
2375 2430 2508 2486 etc..
2557 2417 2734 2478 antid,

502 2492 647 2562 quod
689 2508 845 2562 supra
890 2492 1173 2560 posuimus.
1222 2490 1348 2558 (vid.
1385 2493 1449 2553 Q.
1486 2492 1556 2543 V.
1593 2490 1746 2551 XXI,
1783 2492 1835 2546 8.
1885 2520 1952 2534 -
2013 2492 2135 2546 798.
2172 2492 2382 2556 effetum,
2429 2491 2526 2556 nic,
2561 2488 2732 2541 Medic.

501 2580 589 2632 up.
624 2562 845 2630 Foggin.
887 2563 1033 2628 Wr.)
1136 2562 1239 2617 799
1272 2580 1390 2613 cum
1417 2563 1551 2612 Ven.
1623 2572 1737 2610 tum
1771 2561 1851 2615 bis
1885 2580 1965 2628 pr.
1995 2562 2182 2614 Hamb.
2251 2563 2308 2614 in
2335 2562 2545 2613 medios
2569 2562 2732 2612 Frane.

500 2633 769 2684 invaserit
816 2630 965 2682 Leid.
1036 2631 1235 2699 (hostie
1284 2630 1474 2682 Medic.
1531 2630 1675 2696 Wr.)
1823 2634 1927 2685 800
1971 2631 2210 2702 confusa
2253 2630 2432 2682 Heius.
2477 2627 2732 2700 προπίῃ

500 2700 577 2752 nic
614 2700 749 2752 enim
786 2718 966 2752 omnes
1004 2702 1113 2752 eius
1150 2699 1327 2764 codd„
1364 2717 1465 2751 uno
1502 2699 1736 2754 alterove
1769 2700 1996 2752 recentia
2029 2710 2192 2752 notae
2226 2699 2474 2782 exeeptis.
2547 2703 2624 2752 Ita
2653 2706 2732 2748 ta-

500 2785 624 2821 men
656 2773 759 2821 iam
799 2771 883 2822 ed.
918 2771 1037 2822 Ald.
1071 2787 1153 2839 pr.
1190 2779 1246 2822 et
1280 2787 1385 2822 see.
1441 2771 1636 2821 Verum
1669 2788 1793 2823 mox
1827 2770 1945 2822 ΑΜ.
1976 2780 2102 2822 tert.
2141 2772 2408 2838 Naugeno
2447 2777 2732 2823 correctore

496 2839 554 2890 in
590 2840 711 2892 edd.
746 2839 922 2893 intulit
956 2847 1237 2893 conversa.
1307 2840 1473 2890 Recte
1519 2857 1645 2892 vero
1693 2841 1874 2892 Heius.
1923 2851 2134 2906 monet,
2186 2839 2421 2909 putidum
2457 2856 2576 2891 esse
2610 2853 2732 2888 con-

496 2927 665 2961 vena
700 2928 753 2961 a.
788 2912 972 2962 vertit.
1042 2913 1103 2960 ln
1137 2909 1299 2962 Goth.
1336 2925 1439 2959 sec.
1474 2911 1740 2976 confusa,
1774 2920 1898 2960 tert.
1931 2909 2172 2976 confisa,
2215 2928 2297 2976 pr.
2333 2927 2620 2961 conver-ea.
2663 2903 2730 2972 (id

498 2979 654 3032 etiam
685 2979 741 3030 iu
777 2979 943 3032 Palat.
986 2980 1131 3043 Wr.)
1268 2978 1371 3030 802
1403 2977 1574 3030 audet
1607 2981 1877 3032 Saturnia
1917 2981 2107 3032 Tur-‘no
2142 2979 2302 3032 Goth.
2335 2987 2484 3044 tert„
2518 2977 2728 3031 audieu-

493 3047 592 3100 dua
624 3047 735 3114 ille,
758 3048 816 3116 ‘ai
847 3049 1208 3101 auctoritatem
1243 3045 1485 3100 haberet.

490 3190 914 3270 pertingebant.
960 3189 1079 3248 vid.
1107 3209 1234 3269 sup.
1262 3186 1407 3263 469,
1437 3207 1574 3247 cum

488 3277 734 3346 Excurs.
776 3279 860 3335 111
902 3275 978 3335 ad
1004 3277 1131 3335 VII.
1215 3277 1361 3338 792.
1393 3275 1574 3332 Com-

488 3364 711 3441 paratio
746 3364 1057 3421 Homerica
1072 3405 1089 3435 ‚
1119 3360 1222 3419 sed
1250 3358 1574 3418 admodum

486 3449 706 3506 variata
724 3492 741 3521 ‚
786 3469 863 3506 ex
907 3446 1117 3505 eodem
1158 3448 1287 3504 loco
1317 3445 1481 3505 Iliad.
1513 3451 1569 3522 λ,

486 3530 613 3596 547
656 3553 818 3616 seqq.
878 3534 1131 3593 Variavit
1184 3543 1383 3589 tamen
1438 3551 1570 3590 eam

482 3617 609 3696 ipse
656 3621 943 3677 Homerus
987 3618 1100 3676 alio
1142 3618 1272 3676 loco
1332 3621 1567 3696 egregie

482 3701 648 3760 Iliad.
668 3727 721 3780 ρ,
745 3706 986 3767 108-1
1000 3708 1097 3768 13.
1183 3701 1329 3769 794.
1344 3701 1566 3761 acerba

484 3797 661 3844 tuens
691 3787 903 3868 δριμέα
928 3783 1304 3870 δερκόμενος.
1336 3789 1560 3864 acerbe,

481 3874 808 3932 truculente
835 3877 1086 3935 intuens·
1174 3873 1295 3935 Sed
1340 3872 1413 3932 de
1438 3885 1564 3934 ter-

480 3957 631 4014 ribili
659 3958 935 4042 adspectu
977 3959 1184 4020 eadem
1224 3961 1400 4018 verba
1439 3963 1562 4018 iam

478 4045 673 4122 posuit
696 4047 928 4107 Lucret.
958 4049 1028 4122 V,
1047 4046 1147 4111 34.
1178 4045 1250 4106 de
1272 4045 1557 4104 dracone:

478 4127 686 4208 Asper
702 4175 727 4203 ,
790 4131 1008 4190 acerba
1052 4145 1223 4191 tuens
1238 4175 1263 4203 ,
1308 4133 1565 4189 immani

479 4233 722 4294 corpore
758 4239 1019 4298 serpens.
1128 4217 1274 4283 795.
1318 4221 1438 4277 Nec
1475 4220 1562 4275 ira

477 4312 581 4360 aut
628 4307 806 4365 virtus
849 4298 1080 4387 patituf
1117 4307 1392 4364 Turnum
1422 4303 1562 4363 dare

474 4397 638 4468 terga
656 4436 672 4466 ,
720 4409 827 4452 nec
866 4395 965 4452 ille
982 4439 998 4468 ‚
1042 4395 1281 4474 cupiens
1320 4391 1561 4474 quidem

1660 3192 1772 3249 tela
1811 3192 2114 3272 virosque3
2154 3186 2216 3248 h.
2262 3207 2316 3247 e.
2358 3209 2464 3268 per
2504 3190 2725 3248 incum-

1655 3277 1799 3335 bens
1827 3279 2220 3336 Troianorum
2251 3295 2464 3355 agmen
2492 3274 2724 3352 conglo-

1656 3365 1878 3422 batum.

1740 3451 1884 3513 802.
1925 3449 2082 3526 Ergo
2123 3449 2296 3505 tacite
2335 3446 2582 3524 intelligi
2609 3442 2724 3502 vult

1651 3543 1824 3614 poeta
1840 3579 1856 3608 ‚
1895 3536 2186 3592 Iunonem
2212 3551 2444 3612 pugnae
2471 3529 2609 3589 huic
2633 3531 2723 3586 in-

1651 3620 1914 3678 terfuisse
1939 3630 2321 3700 praesentem.
2366 3615 2538 3689 Quod
2561 3632 2721 3692 saepe
2781 3697 2786 3702 ἱ

1645 3708 2002 3780 monuimus,
2029 3717 2266 3785 poetam
2291 3699 2536 3762 deorum'
2547 3705 2720 3760 inter-

1647 3802 1829 3849 ventu
1871 3794 2065 3850 minus
2107 3791 2348 3849 feliciter
2385 3793 2472 3848 uti
2489 3835 2506 3864 ,
2550 3804 2719 3871 quam

1645 3879 1989 3952 Homerum,
2027 3879 2129 3958 qui
2155 3895 2354 3935 rerum
2382 3887 2578 3935 actum
2604 3889 2718 3932 non

1643 3964 1837 4021 minus
1881 3963 1986 4022 diis
2027 3983 2204 4046 quam
2252 3961 2582 4021 hominibus
2629 3979 2717 4016 as-

1643 4049 1968 4128 signaverat
1983 4095 1999 4124 ,
2053 4047 2168 4108 hoc
2211 4068 2446 4131 quoque
2473 4051 2602 4106 loco
2626 4047 2715 4102 in·-

1645 4135 1996 4194 oulcandum
2035 4133 2296 4194 videtur:
2363 4136 2440 4193 cf.
2481 4137 2712 4193 Excurs-

1641 4222 1691 4278 1.
1721 4220 1798 4280 ad
1825 4221 1886 4280 h.
1917 4222 2046 4280 libr.
2075 4242 2160 4280 vs.
2191 4224 2338 4286 638.

1727 4309 1876 4366 Iuno
1901 4309 2060 4365 enim
2077 4351 2094 4381 ,
2121 4309 2172 4366 si
2197 4317 2355 4364 recte
2381 4303 2710 4372 iudicamus,

1643 4411 1802 4454 nune
1833 4392 2127 4453 inducitur
2151 4394 2502 4451 necessitatis
2535 4387 2711 4465 magis

473 4471 587 4536 hoc
604 4521 621 4551 ,
681 4490 869 4560 potest
928 4491 1128 4540 contra
1169 4477 1409 4538 tendere
1457 4501 1565 4558 per
1645 4499 1842 4540 caussa
1921 4479 1994 4540 ad
2067 4479 2492 4562 expediendam
2573 4493 2708 4548 rem,

2929 4509 2931 4516 ⁴
