3009 5050
559 431 704 502 156
1137 417 2214 496 EXCURSUSV

548 613 675 670 Iani
699 629 920 668 numen
949 619 1141 667 ortum
1158 651 1174 683 ‚
1218 611 1300 668 ita
1324 621 1392 668 ut
1412 611 1679 668 navicula
1706 611 1859 667 iuter
1884 609 2109 665 Booten
2138 615 2199 664 et
2225 605 2524 682 Virginem
2566 604 2640 662 ab
2680 603 2806 659 ini-

548 699 632 755 tio
664 693 848 753 dictus
892 705 950 752 et
991 692 1221 752 habitus
1262 697 1434 754 Ianus
1480 706 1659 754 esset:
1706 714 1857 776 quae
1896 712 2086 771 nuper
2124 691 2236 749 fuit
2268 691 2571 768 ingeniosa
2613 689 2686 756 V.
2732 689 2805 746 C.

551 781 800 858 Dupm‘s
827 780 1059 859 opinio:
1105 781 1340 838 Critolai
1367 782 1525 838 enim
1554 779 1696 838 fides
1722 779 1885 838 nulla
1926 788 2010 836 est
2024 823 2041 852 ‚
2087 777 2463 834 Grammatici
2506 777 2573 831 in
2608 773 2805 853 phae-

547 883 803 924 nomena
830 867 994 923 Arati
1041 865 1292 924 ludentis
1307 911 1324 942 ‚
1383 870 1448 924 in
1488 867 1637 924 libro
1684 867 2043 944 supposititio
2088 859 2385 920 Plutarchi
2400 903 2416 934 ,
2467 861 2686 918 Parall.
2736 881 2803 938 p.

721 1035 871 1094 Cum
901 1033 1012 1094 hoc
1038 1055 1256 1094 nomen
1283 1037 1673 1118 symbolicum
1700 1055 1847 1094 mox
1872 1045 1931 1093 et
1956 1035 2149 1113 ipstun
2188 1033 2341 1090 iuter
2381 1031 2801 1088 vetustissimos

553 1121 775 1178 Italiae
803 1121 1007 1178 heroes
1033 1141 1136 1180 seu
1179 1123 1314 1178 deos
1357 1134 1504 1181 esset
1548 1123 1797 1180 relatum
1812 1167 1827 1194 ‚
1875 1121 2201 1179 dubitatum
2242 1129 2327 1176 est
2366 1118 2522 1174 inter
2566 1115 2801 1174 Ianum

547 1217 604 1263 et
637 1207 972 1264 Saturnum
987 1249 1012 1276 ,
1053 1217 1184 1265 uter
1225 1209 1404 1266 altero
1449 1218 1596 1266 esset
1638 1209 1943 1288 antiquior.
2028 1207 2301 1286 Plerique
2340 1213 2539 1260 tamen
2580 1202 2801 1258 Ianum

543 1295 798 1372 priorem
841 1293 1068 1350 Italiam
1109 1293 1423 1351 obtinuisse
1471 1303 1709 1350 narrant
1724 1338 1742 1367 ,
1800 1302 1861 1350 et
1910 1289 2199 1350 advenam
2238 1289 2563 1348 Saturnum
2600 1287 2677 1344 ab
2722 1305 2797 1344 eo

546 1398 667 1436 esse
713 1389 1056 1458 exceptum:
1107 1380 1182 1436 cf.
1227 1377 1394 1436 ovid.
1439 1379 1593 1436 Fast.
1634 1381 1679 1452 1,
1723 1381 1847 1440 238
1892 1395 2019 1457 sqq.
2063 1386 2121 1434 et
2159 1373 2416 1433 Macrob.
2462 1373 2585 1431 Sat.
2638 1374 2687 1446 1,
2732 1375 2797 1434 7.

543 1464 698 1521 Cum
723 1467 919 1545 itaque
947 1465 1111 1520 Maro
1151 1474 1348 1520 noster
1389 1463 1488 1522 lib.
1534 1463 1686 1537 Vm,
1726 1465 1853 1526 319
1884 1464 2163 1540 primum
2206 1461 2527 1519 Saturnum
2567 1459 2633 1514 in
2674 1459 2797 1514 Ita-

543 1549 686 1607 liam
710 1553 937 1607 venisse
967 1548 1120 1606 dicat
1133 1593 1148 1622 ‚
1189 1549 1377 1616 multa
1405 1550 1655 1628 argutati
1682 1557 1817 1606 sunt
1860 1549 2036 1604 etiam
2072 1557 2293 1605 veteres
2311 1591 2326 1618 ‚
2370 1554 2438 1602 ut
2478 1541 2633 1602 hanc
2678 1541 2797 1600 dif-

543 1633 862 1692 ficultatem
891 1631 1248 1712 expedirent.
1333 1635 1496 1692 Talis
1538 1633 1849 1714 disputatio
1876 1631 2033 1712 apud
2060 1633 2260 1692 Aur-el.
2290 1632 2587 1688 Victorem
2614 1629 2687 1686 Ο.
2717 1630 2795 1686 G.

545 1721 619 1778 R.
650 1739 702 1777 c.
737 1725 766 1782 1
801 1719 1051 1796 legimr:
1097 1737 1278 1800 quam
1321 1721 1559 1776 inanem
1602 1739 1722 1777 esse
1744 1763 1759 1792 ,
1816 1737 1892 1776 ex
1929 1718 2313 1796 superioribus
2354 1716 2523 1774 facile
2572 1715 2797 1772 intelli-

544 1806 718 1882 gitur.
803 1805 924 1861 Nec
951 1823 1090 1862 vero
1129 1806 1342 1862 Ianum
1385 1803 1642 1863 excludit
1678 1805 1949 1882 Virgilius
1965 1849 1982 1878 ‚
2030 1803 2133 1861 sed
2162 1805 2407 1880 primus
2445 1799 2594 1858 nihil
2630 1799 2795 1858 aliud

545 1900 630 1947 est
646 1935 662 1963 ,
707 1907 884 1970 quam
910 1891 1109 1968 primis
1135 1889 1198 1947 h.
1229 1909 1282 1947 e.
1313 1893 1561 1970 antiquis
1588 1891 1969 1969 temporibus,
2013 1891 2201 1968 prima
2240 1885 2553 1946 hominum
2582 1895 2793 1944 aetate.

545 1973 669 2032 Sed
695 1975 844 2032 forte
870 1985 993 2032 tota
1021 1975 1120 2031 illa
1149 1973 1224 2032 de
1253 1976 1490 2033 Saturni
1509 2021 1525 2049 ,
1556 1987 1615 2033 et
1644 1975 1884 2058 quidem
1922 1978 2061 2033 navi
2100 1977 2281 2047 vecti,
2324 1975 2467 2029 Iano
2508 1981 2793 2049 regnante

541 2062 606 2118 in
633 2061 861 2118 Italiam
907 2059 1160 2118 adventu
1201 2064 1450 2118 narratio
1495 2063 1719 2118 nullam
1758 2064 2083 2140 graviorem
2126 2078 2387 2118 caussam
2432 2077 2498 2114 ac
2536 2055 2795 2114 fundum

541 2148 668 2206 veri
711 2144 916 2220 habet,
974 2163 1153 2226 quam
1197 2145 1356 2226 quod
1401 2149 1625 2227 antiqui
1673 2149 1844 2204 numi
1892 2148 2071 2204 altera
2110 2156 2274 2224 parte
2314 2147 2477 2202 navis
2516 2153 2791 2216 rostrum,

542 2233 720 2289 altera
745 2235 957 2288 Ianum
981 2231 1296 2290 bifrontem
1323 2229 1647 2310 habebant3
1690 2234 1795 2290 etsi
1838 2229 1928 2289 his
1972 2231 2045 2289 de
2085 2234 2261 2310 signis
2302 2227 2417 2287 dici
2456 2230 2559 2288 vix
2601 2239 2795 2308 potest

544 2335 722 2397 quam
758 2319 944 2374 multa
983 2327 1204 2375 veteres
1248 2329 1605 2394 arg-utentur.
1675 2318 1751 2376 cs.
1792 2315 1960 2375 ovid.
2004 2318 2156 2375 Fast.
2208 2318 2250 2375 l.
2290 2335 2342 2373 c.
2384 2325 2441 2372 et
2490 2311 2795 2372 Plutarch.

543 2403 776 2474 Quaest.
805 2405 976 2460 Rom.
1008 2423 1066 2482 p.
1097 2401 1224 2466 274
1263 2404 1338 2460 D.
1378 2404 1452 2462 E.
1538 2405 1743 2483 Neque
1795 2403 2065 2460 absimilis
2084 2447 2099 2476 ,
2154 2403 2445 2480 suspicor,
2500 2401 2648 2458 ratio
2696 2401 2795 2456 in-

542 2487 743 2563 duxit,
786 2499 854 2546 ut
881 2489 1088 2545 Ianum
1115 2487 1553 2570 Saturnumque
1578 2491 1641 2546 in
1680 2492 1845 2567 regni
1888 2491 2157 2547 societate
2204 2489 2413 2547 vixisse
2458 2485 2791 2545 traderent:

539 2572 1013 2657 quandoquidem
1037 2575 1237 2633 vicinis
1267 2576 1509 2634 collibus
1536 2579 1777 2633 nomina
1806 2594 2010 2633 eormn
2040 2584 2203 2631 erant
2242 2575 2547 2652 imposita:
2612 2573 2793 2629 Iani-

542 2658 747 2718 culum
779 2660 922 2718 huie
939 2702 960 2730 ,
1003 2660 1104 2717 illc·
1115 2660 1339 2738 fuerat
1375 2662 1669 2731 Saturnia
1698 2680 1912 2718 nomen
1936 2663 2036 2719 lib.
2066 2662 2217 2733 Vm,
2248 2660 2395 2725 858.

707 2745 1012 2805 Secundus
1041 2766 1078 2804 a
1103 2748 1358 2805 Saturno
1403 2746 1563 2829 apud
1602 2758 1841 2827 poetam
1882 2758 2147 2805 nostrum
2190 2746 2380 2803 Picus
2426 2752 2793 2801 memoratur

534 2832 576 2889 l.
609 2852 662 2891 c.
702 2834 826 2909 Vll,
855 2832 958 2897 48.
1001 2832 1084 2895 49
1127 2834 1318 2890 Picus·
1343 2866 1430 2877 -—-
1453 2835 1622 2913 isque
1656 2842 1973 2911 parentem
2028 2830 2109 2888 Te
2124 2874 2149 2903 ,
2214 2830 2475 2888 Saturne
2490 2871 2515 2898 ,
2574 2828 2784 2907 refirt.

533 2918 800 2978 Primum
828 2920 1068 2976 omniuo
1097 2922 1390 2997 sanguinis
1435 2930 1731 2977 auctorem
1770 2938 1877 2999 per
1918 2919 2168 2997 parentis
2206 2934 2415 2974 vocem
2458 2933 2635 2994 saepe
2682 2912 2793 2971 de.»

534 3006 767 3080 clm-ari,
814 3015 873 3062 et
899 3014 1070 3061 notus
1101 3014 1184 3061 est
1209 3004 1489 3084 loquendi
1517 3024 1674 3078 mos,
1721 3014 1777 3062 et
1820 3006 2191 3061 Burmannus
2236 3000 2313 3059 ad
2346 2999 2409 3060 h.
2450 3002 2490 3058 l.
2530 3001 2791 3057 monuit.

532 3092 658 3148 Iani
683 3094 886 3170 utique
915 3109 992 3145 ex
1017 3090 1242 3145 Venilia
1283 3090 1463 3145 filiam
1481 3134 1496 3163 ‚
1565 3090 1927 3157 Canentem,
1982 3107 2227 3147 uxorem
2273 3085 2539 3145 habuisse
2578 3106 2793 3143 narra-

532 3186 645 3232 tur.
731 3176 914 3231 Multa
957 3184 1093 3230 sunt
1133 3174 1196 3230 in
1234 3171 1346 3231 hac
1385 3172 1655 3232 historiae
1700 3178 1970 3255 antiquae
2011 3186 2173 3253 parte
2216 3176 2455 3231 nomina
2498 3173 2573 3231 ab
2617 3174 2793 3229 initio

531 3258 848 3339 symbolica
864 3302 882 3332 ,
929 3260 1034 3316 etsi
1075 3258 1348 3319 obscurae
1389 3280 1549 3318 nunc
1592 3260 1713 3317 fere
1752 3262 2234 3339 interpretationis
2253 3305 2269 3334 ‚
2326 3274 2479 3340 quae
2522 3260 2585 3315 in
2628 3260 2793 3315 viros

531 3362 600 3401 ae
629 3344 873 3403 feminas
903 3344 1104 3401 abiisse
1133 3344 1421 3405 videntur.
1505 3348 1683 3404 Ianus
1724 3344 1965 3427 quidem
2006 3345 2331 3403 secundum
2370 3346 2510 3403 alios
2564 3342 2795 3400 Came-—

531 3450 636 3487 sen
651 3470 678 3499 ‚
730 3448 989 3490 sororem
1027 3448 1094 3487 ac
1147 3436 1456 3512 coniugem
1469 3474 1487 3505 ‚
1558 3432 1879 3491 secundum
1930 3432 2070 3489 alios
2122 3432 2191 3490 V
2180 3430 2423 3488 etlilium
2464 3432 2527 3487 in
2572 3430 2795 3487 matri-

529 3518 727 3574 monio
758 3516 978 3575 habuit.
1065 3517 1304 3578 Gamese
1332 3522 1434 3577 vix
1462 3518 1573 3575 alia
1600 3518 1711 3575 fuit
1737 3538 1917 3600 quam
1944 3519 2228 3577 Camesna
2270 3528 2327 3575 et
2366 3518 2657 3587 Camena,
2720 3526 2795 3572 ut

530 3600 844 3678 Casmilus,
887 3599 1162 3659 Camillus
1220 3603 1305 3681 (v.
1347 3604 1500 3661 Aen.
1543 3606 1648 3677 XI,
1694 3605 1838 3671 543.
1880 3604 1955 3662 cf.
1997 3605 2177 3663 Varro
2216 3602 2292 3662 de
2318 3606 2390 3661 L.
2419 3606 2491 3661 L.
2532 3604 2633 3676 VI,
2682 3602 2793 3677 3);

529 3698 690 3747 vetus
720 3690 918 3747 Italiae
961 3706 1182 3745 numen
1201 3736 1219 3765 ‚
1263 3689 1338 3748 ad
1379 3690 1573 3769 plures
1617 3689 1752 3749 deas
1766 3737 1781 3765 ‚
1836 3692 2131 3749 Camenae
2170 3690 2349 3749 dictas
2362 3734 2377 3764 ,
2423 3686 2793 3761 >tx-aduentus,

529 3793 670 3854 quas
715 3794 852 3835 cum
893 3775 1071 3831 Musis
1112 3774 1423 3857 aliquando
1464 3774 1851 3836 confuderunt
1902 3778 2171 3836 Romani.
2256 3778 2485 3833 Lucum
2526 3775 2596 3833 iis
2641 3792 2791 3830 cum

525 3861 688 3917 fonte
715 3864 908 3919 Numa
937 3858 1258 3921 dicaverat:
1309 3861 1385 3920 ad
1416 3876 1511 3921 eas
1542 3864 1701 3921 enim
1738 3865 2014 3945 pleraque
2054 3864 2311 3921 carmina
2355 3880 2457 3919 sua
2474 3905 2491 3935 ,
2534 3857 2655 3917 hoo
2702 3870 2793 3917 est

525 3947 794 4005 vaticinia
811 3993 826 4020 ‚
869 3943 1152 4005 referebat
1181 3949 1364 4025 (Plut.
1406 3950 1470 4005 in
1518 3950 1709 4006 Numa
1746 3970 1806 4029 p.
1855 3950 1937 4015 65
1978 3950 2104 4029 A.).
2192 3948 2512 4006 Camesene
2554 3962 2789 4003 nomen

522 4034 634 4091 fuit
677 4034 1138 4115 antiquissimum
1177 4036 1394 4093 montis
1438 4054 1506 4093 ac
1548 4036 1690 4109 loci,
1752 4038 1847 4096 cui
1886 4036 2211 4093 Ianiculum
2252 4034 2535 4113 oppidum
2576 4034 2793 4111 impo-

519 4120 699 4179 situm
727 4128 868 4177 erat.
955 4120 1220 4199 Hyginus
1247 4118 1394 4179 illud
1423 4140 1639 4179 nomen
1672 4140 1707 4177 a
1736 4122 1977 4179 Camese
2005 4118 2249 4179 duxerat
2266 4164 2283 4192 ,
2334 4120 2436 4199 qui
2465 4138 2604 4176 eum
2629 4119 2791 4175 Iano

525 4226 620 4265 eas
660 4218 838 4265 terras
887 4207 1192 4265 tenuisset:
1252 4204 1355 4265 sed
1393 4216 1729 4266 narraverat
1760 4202 1878 4265 hoc
1924 4228 1999 4264 ex
2046 4208 2269 4264 Graeco
2308 4202 2579 4277 homine,
2622 4205 2795 4261 Pro-

520 4288 720 4376 ¹tar-cho
751 4292 1081 4351 Tralliano:
1127 4286 1283 4371 apud
1321 4292 1581 4351 Macrob.
1627 4293 1750 4351 Sat.
1792 4296 1838 4364 1,
1880 4298 1921 4356 7
1937 4312 1953 4367 3
2010 4302 2069 4349 at
2114 4290 2187 4349 cf.
2232 4288 2447 4347 Athen.
2492 4291 2626 4365 XV,
2684 4293 2791 4361 13,

519 4398 657 4458 pag.
679 4382 804 4443 692
830 4377 904 4437 Ε.
989 4375 1215 4436 Venilia
1244 4388 1440 4437 autem
1467 4381 1622 4437 inter
1652 4376 1789 4435 deas
1814 4379 2071 4435 marinas
2097 4375 2331 4435 videtur
2374 4376 2550 4435 fuisse
2566 4420 2584 4451 ‚
2628 4394 2795 4433 con-

517 4466 642 4523 tusa
669 4466 768 4523 illa
795 4484 1030 4548 quoque
1061 4484 1196 4522 clun
1225 4462 1471 4524 Salacia.
1501 4472 1511 4482 ·
1559 4462 1682 4522 Sed
1705 4464 1889 4523 Varro
1930 4462 2003 4521 de
2028 4465 2099 4521 L.
2130 4464 2200 4521 L.
2244 4462 2341 4538 IV,
2388 4466 2469 4526 10
2498 4460 2797 4543 disIungit
