3009 5050
683 430 1291 509 AENEIDOS
1346 433 1558 508 LIB.
1609 431 1738 524 XI,
1785 441 2220 512 310—319

2346 515 2360 524 ,
2411 443 2561 514 619

312 624 635 717 Longus
667 619 747 695 in
786 617 1421 716 occasum„finis
1460 643 1701 718 super
1727 643 1984 720 usque
2019 621 2378 711 Sicanos3

311 721 661 800 Aurunci
688 722 963 800 Rutuli

972 747 1129 824 que
1162 736 1472 817 serunt,
1531 735 1614 797 et
1639 745 1974 800 vomere
2012 723 2254 799 duros

311 831 705 904 Exercent
734 826 987 924 colliS,
1046 840 1287 928 atque
1320 825 1620 902 horum
1655 829 2080 926 asperrima
2124 841 2474 928 pascunt.

416 974 589 1045 317.
637 967 986 1061 Loucus,

448 1172 554 1228 317
586 1175 645 1226 in
682 1191 877 1226 occasu
910 1189 1016 1226 sec.
1051 1173 1246 1225 Moret.

320 1245 469 1307 Wr.)
583 1243 688 1296 318
722 1245 937 1296 Arum-i
966 1243 1161 1313 passim
1210 1241 1264 1292 in
1319 1242 1474 1294 codd.
1519 1241 1738 1308 legitur,

1316 1169 1523 1240 (Deleri
1573 1188 1771 1223 comma
1817 1181 1945 1239 post
1976 1175 2024 1224 L
1999 1189 2230 1242 angus·
2279 1173 2386 1226 vid.
2435 1175 2565 1225 Not.

1792 1242 1938 1310 quod
1984 1242 2120 1292 adeo
2168 1244 2265 1294 Ge.
2299 1243 2566 1295 Fabricius

313 1313 583 1381 praeferre
616 1311 805 1372 voluit,
840 1329 1136 1381 perperam.
1184 1313 1418 1379 (At-unci
1452 1310 1644 1378 ubique
1675 1315 1819 1363 Serv.
1838 1312 2046 1374 Dresd„
2078 1319 2188 1362 tum
2225 1311 2384 1364 etiam
2412 1313 2566 1364 codd.

313 1381 551 1433 nonnulli
586 1382 706 1447 Vll,
740 1383 858 1435 206.
892 1383 1012 1436 727.
1046 1382 1167 1444 XII,
1199 1381 1287 1433 94.
1323 1389 1375 1430 et
1408 1386 1700 1432 Art-uncae
1729 1397 1858 1432 unus
1892 1379 2032 1447 apud
2069 1381 2270 1433 Fabric.
2307 1381 2576 1445 vl1,795

314 1449 513 1502 Statuit
545 1461 721 1503 autem
754 1449 1043 1513 Fabricius,
1077 1450 1203 1501 duas
1244 1449 1475 1500 diversas
1512 1467 1628 1500 esse
1661 1460 1847 1516 gentes
1881 1457 2189 1502 Aurunco
2209 1469 2232 1500 s
2269 1461 2323 1502 et
2354 1457 2566 1502 Arun-

312 1535 466 1582 cos,
494 1537 687 1571 nomen
721 1537 971 1586 nusquam
1004 1529 1279 1587 praeterea
1315 1519 1564 1570 auditum.

1619 1519 1853 1583 Causam,
1887 1537 1978 1570 cur
2013 1519 2089 1570 ita
2125 1520 2383 1582 statuerit,
2434 1538 2564 1589 sup-

310 1589 559 1672 peditent
584 1607 763 1642 versus
798 1590 913 1652 vn,
948 1589 1069 1644 727.
1107 1599 1162 1640 et
1190 1587 1312 1644 795.
1354 1587 1493 1640 inter
1529 1605 1586 1640 se
1622 1588 1928 1660 comparati.
1965 1617 2030 1628 —-
2094 1589 2214 1642 319.
2249 1589 2418 1643 colles
2445 1591 2566 1640 Me-

312 1657 416 1712 die.
458 1661 609 1726 Wr.)

313 1815 692 1897 protendatur
708 1862 725 1892 ,
780 1813 885 1877 sed
929 1816 1088 1898 quod
1142 1835 1178 1876 a
1235 1821 1397 1876 Lau-

314 1913 479 1962 rento
526 1905 589 1960 in
635 1921 903 1962 occasum
945 1905 1165 1983 spectat
1192 1914 1251 1962 et
1280 1905 1395 1962 late

313 2009 511 2048 versus
534 1991 816 2049 orientale
834 1991 1065 2049 Tiberis
1080 1991 1237 2048 littus
1254 2011 1399 2070 pro-

314 2073 469 2134 cedit
495 2095 684 2154 usque
712 2075 803 2134 ad
832 2075 1193 2135 Sicanorum
1201 2077 1396 2152 fines,

314 2181 459 2242 quos
486 2181 683 2220 versus
710 2165 961 2222 Romam
991 2181 1024 2220 a
1052 2173 1223 2242 poeta
1258 2165 1399 2242 poni

312 2247 587 2305 credibile
616 2248 701 2305 fit.
788 2247 1067 2326 (Peperit
1105 2246 1167 2305 h.
1196 2251 1236 2305 l.
1282 2249 1392 2305 ali-

312 2351 495 2414 quam
524 2333 931 2390 obscuritatem
947 2334 1194 2391 brevitas
1206 2336 1268 2389 in
1284 2332 1393 2392 de·-

314 2415 617 2474 scribendo
644 2419 872 2474 usitata.
914 2419 1075 2496 Ager
1102 2419 1207 2475 iste
1233 2420 1394 2474 Lau-

316 2512 481 2560 rento
524 2501 635 2559 fuit
662 2520 859 2560 versus
886 2503 1395 2581 Septemtrionem,

314 2585 476 2645 haud
524 2588 702 2665 longe
731 2588 802 2645 ab
830 2590 951 2667 ipsa
994 2587 1139 2645 urbe
1184 2586 1257 2645 ad
1286 2589 1401 2646 Ti-

316 2674 505 2732 berim
548 2674 717 2747 situs,
763 2672 835 2729 ab
883 2674 1105 2730 oriente
1130 2675 1195 2729 iu
1224 2692 1400 2731 occa-

314 2778 449 2817 sum
466 2804 484 2833 ,
544 2759 665 2816 sive
683 2801 700 2832 ,
742 2756 903 2839 quod
946 2756 1106 2817 idem
1149 2768 1269 2833 est,
1328 2758 1399 2816 ab

316 2864 525 2905 occasu
552 2845 619 2901 in
646 2844 931 2902 orientem
958 2862 1223 2923 vergens,
1244 2854 1401 2902 tram

314 2930 461 2989 fines
490 2948 675 3011 usque
695 2930 1043 2989 Sicanorum
1070 2928 1402 3011 productus.

314 3018 439 3075 Iam
466 3014 770 3075 videamus
806 3016 1055 3096 singula.
1138 3016 1300 3074 Bene
1328 3016 1401 3075 V.

316 3102 390 3161 de
432 3104 776 3161 Boustetten
814 3103 879 3159 in
920 3104 1098 3177 libro,
1156 3104 1253 3159 cui
1304 3103 1404 3159 in-

315 3192 597 3269 scriptum
650 3187 719 3247 V
705 3206 895 3267 oyage
949 3208 1057 3245 sur
1115 3186 1181 3244 la
1229 3188 1405 3245 scene

318 3274 393 3332 de
406 3276 501 3331 six
522 3274 787 3332 det-niem
813 3273 995 3331 livre-5
1010 3273 1087 3333 de
1104 3271 1403 3349 I’Ene‘ide,

316 3380 379 3440 p.
410 3362 553 3423 147.
570 3378 590 3419 z
642 3360 751 3435 „Si
790 3360 911 3417 l’on
947 3358 1144 3419 admet
1170 3360 1405 3439 l’expli-

316 3446 511 3505 cation
542 3443 615 3503 de
644 3448 852 3525 Heyne
892 3456 981 3503 est
1016 3444 1170 3502 mihi
1197 3446 1265 3501 in
1300 3464 1404 3502 oc—

316 3550 531 3589 cas-um
550 3550 717 3610 ager,
732 3530 794 3608 je
821 3530 1065 3610 possede
1091 3551 1173 3589 un
1190 3529 1401 3610 champ

316 3617 469 3677 sitne
513 3614 551 3674 a
594 3615 906 3675 l’occident
922 3660 939 3691 ,
999 3636 1077 3675 on
1136 3628 1401 3676 trouvera

318 3700 539 3760 bientot
556 3749 573 3777 ,
617 3704 759 3783 qu’il
788 3713 872 3761 est
894 3703 1255 3781 impossible,
1288 3722 1403 3784 que

319 3806 389 3845 ce
405 3785 615 3866 chmnp
628 3790 741 3847 soit
762 3787 799 3845 Ξι
824 3786 1133 3847 l’occident
1151 3786 1223 3845 de
1239 3790 1401 3846 Lau-

321 3882 585 3948 rentum,
616 3875 861 3954 puisque
888 3875 945 3932 le
958 3874 1159 3947 Tibre,
1190 3875 1245 3931 le
1260 3875 1402 3952 long

239 4032 245 4039 ι
322 3958 543 4039 duquel
570 3980 637 4015 ce
664 3958 877 4040 champ
906 3970 993 4019 est
1016 3959 1185 4033 sitne,
1216 3970 1301 4017 est
1326 3980 1401 4017 au

318 4041 485 4103 Nord
524 4041 597 4101 de
636 4055 784 4103 cette
834 4047 991 4105 ville.
1094 4040 1401 4103 Peut-etre

320 4129 539 4207 Virgile
562 4174 580 4204 ,
655 4132 755 4209 qui
812 4132 1049 4191 ecrivoit
1100 4130 1139 4188 ὲ
1196 4134 1399 4205 Rome,

320 4214 555 4275 avoit-il
600 4216 795 4275 oublie'
824 4262 841 4291 ,
917 4218 1059 4298 qu’il
1099 4217 1429 4297 n’ecrivoit·

318 4320 424 4382 pas
453 4298 491 4357 Ξι
514 4302 801 4359 Laurente
816 4315 855 4377 ς’
882 4322 981 4361 car
1016 4322 1166 4383 pour
1191 4300 1401 4361 l’habi-

317 4397 445 4447 tant
474 4384 547 4443 de
574 4386 761 4445 Rome
803 4408 871 4447 ce
898 4386 1109 4469 champ
1142 4398 1225 4446 est
1251 4388 1400 4447 sitne

318 4473 355 4533 “a
383 4470 727 4532 l’Occident.
810 4474 859 4531 11
902 4486 1042 4533 vaut
1068 4476 1270 4535 mieux
1296 4476 1398 4533 lire

1482 1817 1706 1894 longus
1752 1819 1818 1873 in
1857 1837 2170 1891 occasum,
2235 1818 2378 1896 long
2423 1815 2566 1876 dans

1478 1905 1538 1962 la
1565 1902 1845 1961 direction
1873 1903 2121 1964 d’orient
2161 1923 2236 1961 en
2281 1902 2564 1978 occident,

1480 2009 1596 2070 que
1633 1986 1708 2047 de
1751 2009 2028 2070 supposer
2069 2009 2190 2046 une
2235 1989 2567 2048 distraction

1478 2075 1518 2134 ἐι
1545 2075 1821 2154 Virgile.“
1896 2077 2086 2147 Quam
2117 2077 2566 2154 explicationem

1480 2165 1604 2241 ipse
1649 2164 1990 2242 comprobat
2034 2164 2296 2242 Heynius
2331 2164 2393 2218 in
2423 2182 2565 2220 cen—

1480 2266 1616 2305 sura
1656 2249 1808 2305 illius
1847 2249 1979 2306 libri
2017 2248 2312 2306 Indicibus
2339 2250 2568 2305 Litera-

1478 2334 1576 2390 riis
1607 2333 1971 2410 Gottingens.
1985 2365 2074 2376 —
2099 2333 2407 2410 Goetting.
2440 2333 2566 2412 gel.

1480 2415 1802 2494 Anzeigen
1827 2451 1915 2462 --
1944 2437 2098 2476 anno
2131 2417 2320 2483 1804.
2354 2421 2566 2476 inserta

1479 2503 1620 2559 fasc.
1680 2505 1824 2567 168.
1861 2523 1924 2583 p.
1989 2506 2170 2568 16⁷1.
2239 2505 2569 2583 Iunguntur

1484 2595 1685 2644 autem
1725 2585 1822 2644 hic
1864 2608 2046 2665 super
2089 2609 2278 2669 mque
2291 2634 2307 2663 ‚
2363 2600 2430 2647 ut
2483 2589 2574 2647 ad

1484 2692 1674 2749 usque
1691 2714 1708 2745 ,
1764 2670 1846 2729 ab
1903 2692 2092 2751 usque
2107 2714 2132 2743 ,
2186 2672 2300 2731 sub
2351 2695 2567 2753 usque,

1486 2767 1658 2814 trans
1685 2775 1890 2835 mque.
1965 2760 2044 2816 Et
2071 2778 2261 2837 usque
2287 2762 2568 2838 particula

1484 2852 1706 2923 spectat
1747 2842 1824 2903 ad
1871 2852 2070 2901 reru‘m
2121 2854 2569 2925 temporumque

1487 2929 1910 3004 extremitates3
1955 2931 2078 2989 sive
2103 2930 2268 2987 initia
2283 2974 2300 3005 ‚
2344 2932 2466 2987 sive
2493 2929 2571 2987 fi-

1485 3036 1625 3089 nes,
1670 3017 1750 3072 ita
1777 3020 1976 3073 tamen
1995 3060 2012 3090 ‚
2053 3027 2121 3073 ut
2155 3014 2454 3073 interdum
2477 3026 2570 3074 et-

1484 3102 1608 3159 iam
1649 3100 1912 3160 medium
1949 3104 2102 3160 inter
2147 3100 2265 3161 duo
2307 3112 2569 3160 extrema

1486 3189 1740 3267 spatium
1781 3188 2218 3268 complectatur.
2304 3188 2416 3259 Qui
2459 3208 2570 3246 au-

1485 3284 1610 3331 tem
1673 3276 1996 3332 accuratius
2053 3276 2399 3354 scripserunt
2415 3318 2432 3349 ,
2449 3302 2470 3328 s
2503 3286 2571 3334 ut

1483 3361 1610 3438 ipse
1660 3360 1932 3439 Virgilius
1962 3405 1978 3433 ‚
2057 3380 2180 3419 nou
2249 3359 2569 3419 adiunxere

1484 3443 1624 3503 huic
1653 3447 1966 3525 particulae
1985 3446 2393 3523 accusativum,
2426 3450 2568 3529 quin

1487 3529 1770 3590 adderent
1804 3534 2308 3612 praepositionem.
2365 3536 2568 3615 Itaque

1485 3636 1608 3675 non
1652 3629 1808 3677 recte
1859 3620 2263 3698 interpretatur
2306 3622 2568 3701 Heynius

1487 3722 1676 3781 usque
1725 3703 1815 3761 ad
1857 3704 2216 3762 Sicanorum
2239 3706 2449 3778 fines,
2507 3710 2568 3765 vi

1483 3791 1918 3867 praepositionis
1967 3810 2146 3868 super
2201 3792 2372 3871 plane
2416 3813 2568 3873 neg-

1482 3875 1653 3933 lecta.
1739 3878 1866 3936 lam
1908 3878 1956 3935 si
2011 3879 2188 3934 etiam
2236 3882 2564 3937 testimonia

1482 3970 1750 4019 veterum
1791 3958 2194 4021 historicorum
2209 4008 2227 4038 ,
2285 3966 2432 4023 infra
2491 3966 2564 4023 ab

1488 4048 1720 4125 Heynio
1749 4046 1978 4107 laudata
1993 4094 2009 4123 ,
2059 4051 2414 4128 respicimus,
2443 4068 2564 4107 ιιοιι

1486 4130 1876 4196 dubitabimus
1895 4179 1911 4208 ‚
1985 4136 2126 4215 quin
2175 4147 2348 4213 poeta
2410 4132 2564 4191 desi-

1484 4236 1664 4296 gnare
1691 4220 1937 4278 voluerit
1965 4240 2172 4298 agrum
2197 4240 2342 4278 non
2385 4219 2565 4275 lon-

1484 4322 1576 4381 ge
1619 4324 1654 4362 a
1697 4307 2086 4363 Laurento
2126 4315 2334 4361 trans
2363 4303 2564 4359 fines

1484 4409 1724 4471 usque
1775 4392 2232 4449 Sicanorum
2293 4384 2566 4466 produ-

1484 4496 1518 4533 c
1533 4486 1556 4533 t
1573 4494 1703 4533 um.
1758 4476 1942 4552 Wr.)
2045 4474 2276 4557 Scilicet
2303 4483 2563 4532 auctores
