3009 5050
357 283 366 290 ’
474 361 576 432 ⁴72
954 353 1039 426 P.
1089 307 1624 426 vincum
1668 345 2223 432 MARoms
2279 399 2289 411 .

475 538 862 631 Rimanti,
915 536 1168 612 telum
1199 535 1314 610 ira
1341 531 1549 612 facit.

1652 537 1726 614 V
1728 546 1905 610 ocat
1951 532 2259 631 agmina
2294 529 2725 630 Tyn-heus,

479 637 1032 740 Quadrifidam
1063 661 1452 738 quercum
1481 638 1752 714 cuneis
1782 650 1875 712 ut
1908 635 2121 712 forte
2152 637 2439 712 coactis

481 743 946 838 scindebat,
997 755 1217 843 rapta
1249 741 1549 843 spirans
1578 741 1905 816 inmane
1936 741 2218 818 securi.

2578 749 2731 818 510

477 856 583 930 At
623 871 849 924 saeva
895 870 940 922 e
969 845 1308 948 speculis
1337 858 1655 945 tempus
1685 843 1835 920 dea
1860 858 2085 918 nacta
2123 839 2477 917 nocendi

479 951 749 1032 Ardua
775 963 980 1026 tecta
1009 951 1209 1050 petit
1237 947 1557 1040 stabuli3
1612 961 1693 1024 et
1726 946 1833 1023 de
1864 947 2214 1022 culmine
2248 967 2567 1022 summo

483 1053 887 1133 Pastorale
915 1053 1120 1129 canit
1147 1053 1500 1148 signum,
1558 1075 1973 1151 cornuque
2008 1072 2346 1125 recurvo

487 1162 947 1235 Tartaream
983 1155 1326 1231 intendit
1355 1179 1679 1232 voceme
1732 1179 1887 1254 qua
1918 1167 2305 1254 protenus
2332 1174 2579 1226 omne

485 1259 991 1340 Contremuit
1045 1283 1332 1335 nemus
1354 1317 1377 1354 ‚
1447 1271 1530 1334 et
1582 1256 1823 1333 silvae
1884 1257 2315 1334 insonuere
2388 1251 2733 1354 profun-

591 1476 764 1546 515.
816 1487 1267 1542 mrouuznn

621 1671 726 1726 508
760 1673 847 1724 ira
866 1669 990 1741 suit
1017 1667 1154 1723 Pier.
1203 1669 1434 1740 aliquot3
1485 1671 1637 1723 dedit
1672 1617 1841 1738 Bigot.
1884 1669 1953 1722 cf.
1998 1669 2168 1721 Bnrm.
2236 1668 2258 1736 (

1337 1739 1439 1794 509
1489 1740 1861 1808 Quadraeficam
1894 1739 2117 1794 Dorvill.

487 1743 557 1796 V.
586 1741 650 1795 L.
675 1741 743 1794 ad
776 1759 850 1792 vs.
889 1737 1008 1794 485.
1047 1741 1196 1806 Wr.)

1650 1360 1837 1454 dae3
2584 1369 2735 1438 515

2267 1667 2552 1737 ffyrrheus
2564 1707 2581 1732 ,
2628 1669 2740 1723 vid.

2255 1739 2360 1792 510
2404 1737 2743 1792 Scindaebmu

487 1811 678 1864 Medic.
702 1819 758 1861 et
784 1809 1065 1874 Sebasteia,
1114 1819 1174 1860 ut
1197 1809 1266 1862 nd
1297 1821 1526 1876 agrestes
1568 1811 1841 1860 reseratur.
1898 1809 1976 1876 (at
2020 1827 2061 1860 n
2093 1807 2150 1859 iu
2196 1807 2389 1858 Medic.
2436 1809 2741 1861 transfossa.

495 1883 578 1934 W
574 1880 642 1946 r.)
782 1877 883 1932 511
919 1898 948 1930 e
979 1879 1164 1928 aberat
1189 1877 1364 1929 multis
1391 1877 1526 1931 Pier.

489 1959 616 2020 post
631 1951 794 2020 petit.

1664 1879 1769 1932 512
1801 1883 1931 1930 Ante
1972 1875 2149 1928 Heius.
2191 1876 2539 1928 distinxerant
2564 1878 2739 1946 vulgg.

931 1945 1036 2000 514
1067 1947 1309 2000 incendit
1335 1949 1484 2000 Rom.
1515 1957 1570 1998 et
1598 1945 1800 2016 aliquot
1826 1949 1997 1998 Burm.
2046 1945 2141 2014 (ita
2170 1945 2329 1998 etiam
2372 1947 2596 2011 Medic„
2647 1947 2745 2000 sed

491 2035 526 2071 a
552 2036 633 2086 pr.
665 2036 763 2080 m.;
797 2016 934 2068 idem
965 2017 1017 2069 9.
1087 2016 1343 2067 Revocari
1369 2017 1472 2068 hoc
1496 2016 1646 2068 iubet
1670 2017 1882 2070 Wakef.
1922 2017 1991 2068 nd
2017 2016 2226 2066 Lucret.
2274 2017 2365 2078 vl,
2397 2015 2544 2078 546.;
2582 2035 2745 2068 revo-

493 2105 664 2140 carem
693 2086 810 2154 ipse
828 2124 843 2149 ,
892 2084 936 2136 si
964 2083 1091 2138 satis
1121 2085 1396 2136 accederet
1425 2105 1456 2138 a
1489 2084 1757 2137 codicibus
1790 2084 2145 2146 auctoritatis3
2179 2083 2285 2136 vid.
2313 2085 2484 2154 Heyn.
2516 2089 2643 2138 Not.
2672 2087 2743 2138 nd

491 2157 568 2218 X,
611 2155 729 2209 895.
778 2159 862 2209 W
852 2157 919 2218 r.)

1057 2153 1159 2208 515
1194 2157 1453 2207 Insonuic
1485 2173 1516 2205 e
1562 2155 1917 2206 Grammaticis
1956 2153 2137 2205 laudat
2176 2153 2357 2204 Heius.
2431 2159 2744 2224 (Intremuit

493 2226 774 2278 Arusianus
805 2245 859 2290 p.
881 2219 1001 2278 264.
1033 2223 1161 2275 edit.
1191 2221 1426 2276 Lindem.
1457 2225 1601 2291 Wr.)

1678 2225 1997 2276 concutitur
2020 2241 2099 2292 pr.
2130 2223 2381 2276 Rottend.
2448 2228 2747 2278 insonuere

493 2295 646 2350 Rom.
675 2303 732 2345 et
757 2292 850 2346 alii
869 2291 1006 2346 Pier.
1037 2303 1093 2344 et
1121 2293 1301 2344 Heins.
1371 2310 1606 2346 sonuere
1629 2293 1725 2345 Ed.
1753 2293 1975 2344 Mediol.
2001 2301 2055 2344 et
2078 2291 2257 2344 Schol.
2296 2293 2452 2346 Statii
2492 2313 2607 2347 cum
2652 2295 2745 2348 bi-

498 2485 653 2546 conf.
696 2485 803 2546 inf.
849 2481 992 2563 524,
1043 2495 1112 2545 ut
1165 2503 1310 2544 mox
1361 2487 1581 2566 stipites

497 2570 749 2631 nodosos
793 2582 1098 2630 memorat.
1178 2591 1393 2629 cuneos
1439 2594 1582 2631 coa-

499 2668 625 2715 ctos
649 2676 754 2736 pro
784 2655 990 2716 adacto
1031 2676 1218 2715 cuneo
1261 2655 1428 2715 dixit.
1485 2658 1585 2734 (ut

481 2742 656 2823 jbrte
673 2785 698 2813 ‚
739 2742 1108 2801 referendum
1134 2738 1248 2799 hoo
1293 2741 1367 2799 ad
1412 2764 1583 2803 secu-

500 2828 645 2902 rim,
691 2847 840 2907 quae
883 2838 952 2887 ut
991 2826 1172 2886 modo
1217 2824 1292 2886 ad
1333 2848 1583 2889 manum

501 2923 624 2971 erat
639 2958 655 2987 ,
698 2915 782 2972 ita
807 2935 869 2973 se
911 2934 978 2973 ea
1019 2916 1248 2972 instruit
1265 2958 1281 2987 ,
1325 2924 1390 2971 ut
1433 2926 1582 2975 esset

498 3017 607 3080 pro
633 3000 784 3075 telo;
839 2999 958 3059 vid.
1003 3001 1074 3059 V.
1113 3002 1186 3057 1..
1227 2996 1304 3055 ad
1346 3020 1431 3059 vs.
1475 3005 1581 3064 72.

509 3082 615 3143 W
599 3083 688 3158 r.)

589 3167 734 3231 511.
777 3164 1086 3224 stabulum
1107 3209 1128 3237 ,
1185 3170 1424 3247 pastoris
1484 3177 1585 3225 tu-

502 3252 740 3330 gurium
757 3292 776 3323 ‚
831 3261 898 3307 ut
952 3262 1010 3309 et
1047 3253 1199 3310 alibi.
1261 3250 1587 3333 (descripsit

505 3334 792 3394 eiusmodi
835 3336 1056 3393 stabula
1097 3338 1162 3395 C.
1205 3338 1278 3395 V.
1321 3358 1379 3397 v.
1420 3340 1587 3397 Bon-

504 3430 713 3479 stetten
754 3422 818 3477 in
869 3420 939 3478 V
925 3440 1112 3499 oyage
1159 3442 1266 3478 sar
1306 3421 1372 3479 la
1419 3441 1589 3481 scene

506 3504 610 3562 des
675 3506 770 3562 six
837 3504 1100 3562 derniers
1173 3504 1352 3563 livres
1419 3507 1494 3564 de
1545 3506 1591 3564 ι’

507 3590 737 3647 Εηέίᾱε
762 3609 822 3668 Ρ.
859 3594 980 3654 102
1005 3610 1132 3671 sqq.
1179 3589 1357 3668 Wr.)
1443 3590 1591 3657 513.

506 3676 643 3733 Fuit
681 3676 898 3733 scilicet
939 3672 1100 3733 idem
1117 3720 1135 3749 ‚
1180 3677 1281 3755 qui
1321 3696 1482 3735 nunc
1526 3680 1590 3735 in

431 3828 438 3839 ⁵
509 3760 660 3838 agris
703 3770 787 3818 est
801 3803 817 3833 ‚
860 3779 988 3818 mos
1005 3806 1021 3835 ,
1080 3761 1328 3819 buccina
1369 3782 1591 3821 convo-

509 3842 682 3903 candi
707 3844 978 3903 ruricolas
994 3891 1010 3920 ‚
1056 3848 1359 3925 repentino
1393 3848 1589 3928 aliquo

504 3940 692 4003 metu,
721 3932 977 4009 periculo
1006 3933 1100 3991 vel
1127 3935 1382 3993 incursu.
1423 3932 1591 3991 Idem

509 4033 638 4073 mos
683 4016 744 4072 in
797 4018 997 4095 priscis
1043 4018 1385 4077 civitatibus.
1469 4020 1591 4077 Ita-

509 4120 628 4181 que
655 4102 877 4159 Romae
902 4103 1102 4181 primis
1147 4104 1425 4161 aetatibus
1469 4105 1589 4163 Co·-

508 4187 678 4244 mitia
742 4186 826 4243 ita
896 4188 1204 4248 convocari
1283 4190 1587 4248 solebant:

511 4271 637 4327 Per
690 4272 1052 4331 cornicinem
1111 4276 1444 4331 centuriata
1495 4295 1590 4354 ap.

511 4356 662 4415 Gell.
705 4358 835 4433 XV,
880 4361 986 4423 27.
1071 4358 1334 4419 Subnata
1391 4370 1593 4419 autem

1663 2487 1891 2545 Maroni
1916 2485 2123 2543 Furiae
2150 2486 2395 2545 buccina
2440 2507 2516 2545 ex
2556 2483 2748 2544 EridIs

1664 2570 1955 2631 horrendo
1998 2574 2249 2630 clamore
2292 2570 2455 2631 Iliad.
2505 2576 2561 2646 λ,
2608 2572 2747 2636 5-
2780 2592 2785 2597 ·

1670 2663 1769 2722 11.
1854 2661 1923 2717 ln
1953 2656 2075 2723 614
2108 2657 2182 2715 ad
2223 2657 2349 2723 518
2394 2660 2749 2717 imitatorem

1664 2745 1832 2803 facile
1848 2762 2123 2823 agnoscas
2150 2744 2245 2801 vel
2276 2764 2349 2801 ex
2379 2746 2750 2825 exquisitiore

1666 2840 1901 2887 ornatus
1928 2827 2139 2887 studio.
2224 2830 2541 2907 Expressus
2580 2828 2753 2905 (nam

1662 2918 1815 2973 inter
1840 2915 2027 2972 multa
2056 2932 2092 2971 a
2120 2912 2305 2971 Cet-da
2334 2924 2392 2971 et
2434 2915 2557 2971 aliis
2604 2934 2753 2972 con-

1666 3010 1827 3078 gesta
1854 2998 1966 3057 hoc
1994 3018 2183 3057 unum
2194 2996 2547 3076 tenendum)
2562 3000 2755 3079 Apol-

1664 3086 1811 3143 lonii
1833 3086 1993 3144 locus
2006 3128 2025 3158 ‚
2068 3086 2325 3163 primum
2366 3082 2607 3165 quidem
2644 3088 2751 3159 ΙΙΙ,

1670 3174 1833 3233 1217
1906 3172 2150 3227 Hecates
2222 3188 2437 3227 canum
2504 3170 2717 3229 latratu
2730 3191 2749 3229 z

1672 3255 1896 3316 Πείσεα
1924 3249 1990 3316 δ’
2018 3254 2219 3335 ἔτρεμε
2242 3249 2443 3317 πάντα
2452 3276 2469 3330 3
2506 3266 2563 3315 et
2588 3258 2754 3315 mul-

1668 3349 1730 3397 to
1756 3342 1941 3416 magis
1970 3337 2231 3399 draconis
2258 3342 2424 3399 sibilo
2460 3342 2559 3416 IV,
2608 3344 2753 3406 127.

1676 3428 1798 3487 139
1828 3420 1991 3502 ἀμφὶ
2021 3422 2087 3485 δὲ
2115 3424 2339 3505 μακραὶ
2370 3416 2602 3499 Ἦῖᾶνες
2635 3449 2753 3489 πο-

1670 3514 1885 3586 ταμοῖο
1918 3505 2297 3571 waldon-stov
2329 3509 2493 3589 ἴαχεν
2532 3508 2749 3585 ἅλιος·

1656 3588 1925 3655 ’Ἐκλυον
1950 3636 1969 3669 ,
2029 3594 2091 3664 052
2148 3592 2253 3657 καὶ
2328 3593 2553 3659 πολλὸν
2608 3592 2767 3682 ἑκάς,-

1676 3688 1787 3737 etc.
1874 3678 2129 3785 Δείματι
2170 3673 2233 3741 δ’
2292 3679 2599 3764 ἐξέγροντο
2661 3687 2754 3744 λε-

1674 3764 1915 3844 χωίδες,
1961 3763 2119 3842 αμφὶ
2160 3761 2227 3827 δὲ
2272 3766 2448 3830 παισὶ
2498 3764 2754 3847 Νηπιοὶ-

1674 3872 1837 3929 χοις,
1884 3848 1951 3911 οἵ
1985 3848 2048 3911 τέ
2076 3868 2225 3925 σφιν
2254 3846 2369 3915 ὁπ’
2401 3846 2755 3935 ἀγκαλίδεσ-

1676 3952 1773 3997 σιν
1824 3934 2035 4012 ἴαυον,
2100 3934 2297 4023 ‘Pomp
2358 3937 2759 4019 παλλομένοις

1672 4024 1873 4100 χεῖρας
1900 4015 2095 4100 βάλον
2134 4015 2513 4102 ἀσχαλόωσαι
2528 4049 2547 4100 3
2596 4024 2759 4083 unde

1670 4116 1900 4165 noster:
1945 4108 2031 4165 Et
2053 4110 2318 4185 trepidae
2343 4120 2563 4167 matres
2576 4131 2755 4189 pres-

1674 4211 1797 4249 sere
1826 4190 1916 4249 ad
1932 4203 2182 4270 pectora
2212 4204 2386 4252 natos
2397 4216 2423 4268 ,·
2466 4214 2589 4253 non
2633 4207 2759 4255 tam

1674 4287 1875 4334 ornate
1889 4320 1905 4351 ,
1932 4275 2036 4335 sed
2062 4278 2302 4337 meliore
2330 4278 2580 4357 iudici03
2616 4302 2761 4341 nam

1676 4380 1713 4419 a
1754 4363 1927 4420 Furia
1966 4362 2231 4423 inflatam
2282 4367 2593 4425 buccinam
2634 4378 2761 4427 tam

2974 3646 2976 3743 Ι
