3009 5050
647 448 1024 543 omnus
1051 448 1402 525 AUcTA
1430 450 1629 525 Es-'r
1658 450 2023 527 Em'rlo
2052 407 2164 530 lv
2376 462 2525 535 889

365 642 642 701 Potestas
653 682 676 711 ‚
703 642 744 699 i.
761 660 822 723 q.
835 640 1222 720 magistratu-3,
1234 662 1360 717 rex,

283 728 360 786 A.
389 728 470 800 X,
502 730 603 793 18.
629 727 708 785 Ν.

367 806 533 875 Πού
549 856 569 887 ,
627 814 692 869 in
740 810 1088 891 gloriatione
1103 858 1122 889 ,
1161 816 1238 873 A.
1281 814 1362 888 X,

367 982 560 1052 Prae,
579 980 699 1041 vid.
722 983 834 1041 Pr
847 1002 904 1041 ο.

368 1069 888 1146 Praoez'pitantem
933 1064 1267 1144 impellere,
1310 1075 1370 1124 et

283 1154 526 1227 similia,
568 1156 646 1213 A.
673 1156 780 1229 XI,
803 1154 950 1217 609.

369 1238 740 1299 Praehalere
761 1281 790 1310 ,
815 1237 938 1301 vid.
966 1234 1320 1295 Prohadere.

366 1326 614 1405 Praep
635 1325 1000 1393 ositioin,
1043 1324 1222 1381 etiam
1247 1342 1290 1381 a
1311 1332 1370 1381 et

243 1434 250 1441 ·
284 1428 336 1485 e,
376 1411 473 1469 vel
501 1414 714 1469 omissa
739 1420 980 1482 temere,
1009 1410 1104 1469 vel
1125 1406 1368 1482 adiecta,

285 1494 358 1567 Ω.
406 1496 480 1555 V.
523 1498 712 1555 xlm.
752 1530 832 1541 -
892 1493 1056 1554 Solet
1095 1494 1368 1572 virgilius

283 1600 634 1641 coneursum
661 1579 951 1641 Adieotivi
979 1590 1038 1637 et
1077 1579 1370 1639 Substan-

211 1696 226 1726 ι
283 1668 390 1726 tivi
413 1668 752 1748 interposita
789 1666 1230 1745 Praepositione
1273 1668 1370 1725 vi-

285 1762 442 1827 tare,
479 1750 565 1811 ib.
599 1756 656 1815 1.
693 1758 756 1817 2.
800 1750 980 1829 (adde
1006 1752 1082 1809 A.
1111 1751 1160 1825 Ι,
1195 1748 1368 1831 148.)

289 1870 372 1883 -
401 1840 863 1917 praepositiones
896 1836 1098 1895 orebm
1117 1838 1180 1895 in
1215 1835 1368 1897 thesi

289 1924 482 2003 quarti
509 1923 671 2002 pedis
693 1924 1026 1996 collocatae,
1067 1921 1156 1981 ib.
1190 1926 1252 1987 3.
1283 1954 1366 1969 —·-

261 2010 644 2087 ·Praepositio
671 2030 779 2087 per
803 2010 1100 2068 elisionem
1115 2010 1369 2067 interce-

286 2103 406 2174 pta,
432 2094 508 2153 A.
535 2097 584 2169 Ι,
610 2094 759 2159 286.
786 2130 867 2140 -
896 2096 1372 2173 Praepositiosuo

286 2180 526 2237 Nemini
567 2182 886 2260 postposita
934 2192 996 2239 et
1021 2190 1157 2238 ante
1185 2181 1374 2237 Geni-

285 2267 476 2323 tivum
505 2286 580 2323 ex
617 2267 718 2323 illo
747 2266 1102 2345 pendentem
1117 2266 1374 2323 colloca-

289 2360 382 2422 ta,
410 2352 486 2407 A.
517 2350 617 2422 IV,
647 2350 792 2413 256.
811 2380 902 2393 --
943 2352 1106 2408 alteri
1127 2348 1374 2407 demum

290 2434 664 2493 Substantivo
693 2432 918 2493 adiecta
931 2478 950 2508 ,
990 2436 1067 2493 Δ.
1095 2435 1194 2507 VI,
1225 2437 1374 2497 692.

291 2553 378 2564 —
438 2520 940 2600 Praepositionnm
999 2517 1373 2594 abundantia,

289 2608 366 2664 A.
397 2606 496 2680 IV,
521 2606 667 2671 588.
698 2607 866 2664 Ν.-
898 2605 1020 2664 vid.
1048 2607 1374 2664 Positus.

377 2693 754 2751 Praesens
790 2699 850 2750 et
875 2691 1208 2750 Perfectum
1235 2709 1374 2770 per-

289 2788 613 2848 mutatum,
643 2777 712 2848 9.
743 2775 818 2837 V.
837 2777 966 2836 VII.
988 2811 1071 2823 —
1091 2781 1374 2838 Praesens

185 2923 198 2938 ‚
291 2866 550 2944 ponitur,
599 2863 704 2921 ubi
741 2864 924 2922 lector
953 2866 1117 2944 quasi
1149 2864 1212 2920 in
1243 2881 1374 2922 rem

293 2959 658 3029 praesentem
679 2947 1076 3024 adducendus,
1101 2947 1188 3006 ib.
1209 2953 1271 3012 2.
1290 2979 1373 2994 —-·

293 3035 396 3093 ubi
424 3035 740 3094 oommotio
763 3033 1054 3118 quaedam
1073 3037 1255 3093 animi
1283 3035 1376 3092 lo-

295 3139 436 3178 onm
462 3117 668 3194 habet,
720 3119 870 3180 ibid.
892 3153 980 3166 ——-
1021 3141 1128 3201 per
1165 3123 1377 3179 Praes-

297 3225 400 3265 ens
442 3205 518 3264 ad
561 3207 758 3266 futura
799 3218 900 3266 aut
942 3209 1212 3289 proxime
1237 3207 1384 3264 sub-

296 3294 445 3350 iecta
465 3290 780 3351 adtendere
793 3294 1084 3365 iubemur,
1104 3291 1188 3350 ib.
1211 3297 1272 3357 3.
1294 3324 1382 3334 —-

297 3376 1384 3538 Ρ”ῗ““ὶῖ”“ῖ“’ἰῖ““ἕίἲ.“ἳέὲῖἷῖἳιῖ

295 3483 591 3609 iexotmln
614 3504 788 3629 saepo
833 3567 960 3608 rem
1003 3559 1377 3610 consecutam

297 3635 616 3714 signifieat,
658 3633 744 3692 ib.
777 3639 840 3698 7.
882 3669 964 3680 —
1006 3636 1330 3695 Praesens
1313 3655 1378 3692 ιιι
1451 3635 1653 3714 prius,
1701 3643 1844 3693 ante
1860 3676 1885 3705 ,

298 3723 814 3781 circumlocutione
827 3721 1198 3802 quorundam
1217 3721 1381 3781 Sub-

299 3807 717 3881 stantivorum,
771 3809 848 3866 A.
913 3809 1020 3882 lx,
1093 3811 1240 3872 266.
1292 3837 1380 3850 --

300 3893 582 3950 Praesens
647 3894 886 3971 ponitur
899 3937 916 3966 ‚
1005 3894 1108 3950 ubi
1181 3911 1382 3952 recens

302 3978 462 4056 viget
535 3997 734 4036 rerum
789 3981 1106 4058 manoe-ia,
1199 3980 1276 4037 A.
1334 3979 1382 4052 1,

303 4065 406 4126 99.
433 4064 508 4120 Ν.
534 4095 620 4107 -
663 4066 943 4124 Praesens
982 4083 1089 4143 pro
1119 4067 1384 4124 Perfecto

303 4149 364 4204 in
379 4151 829 4227 comparatione,
859 4152 932 4209 E.
954 4150 1056 4224 VI,
1079 4154 1181 4215 27.
1202 4153 1274 4211 N.
1293 4181 1380 4193 —

305 4234 580 4292 Praesens
600 4255 706 4314 pro
723 4237 960 4310 Futuro,
973 4237 1048 4292 A.
1061 4239 1177 4306 IX,
1191 4240 1380 4300 21.-

304 4319 364 4374 ἰιι
393 4322 864 4396 comminatione,
881 4324 954 4379 A.
970 4325 1102 4396 XII,
1117 4322 1264 4386 568.
1292 4353 1380 4366 --

303 4404 625 4463 Praesentis
647 4409 826 4464 rarior
855 4405 1095 4487 quidam
1111 4428 1244 4467 usus
1273 4427 1376 4488 pro

1443 604 1712 700 Perfeoto
1734 686 1751 715 ‚

1793 645 1867 701 E.
1899 641 2050 716 vm,
2096 642 2200 709 45.
2242 648 2319 704 Ν.
2362 647 2437 703 G.
2480 648 2528 721 1,

1443 730 1594 791 279.
1632 729 1705 785 Ν.
1744 730 1821 787 A.
1861 730 1969 802 IX,
2006 733 2068 793 9.
2108 762 2195 775 -—
2251 734 2530 790 Praesens

1444 832 1553 892 pro
1561 814 1909 892 Imperfeeto
1922 858 1939 888 ,
1975 816 2050 873 A.
2076 816 2174 889 IV,
2192 814 2339 882 401.
2354 818 2428 876 N.
2444 850 2533 863 ——-

1447 900 1728 959 Praesens
1766 898 2027 979 pendens
2052 920 2087 957 e
2116 900 2381 961 Perfecto
2408 948 2423 975 ‚
2455 904 2532 962 A.

1355 1008 1376 1027 .
1444 984 1546 1058 lv,
1563 982 1713 1047 452.
1732 1014 1820 1029 —-—
1847 987 2131 1045 Praesens
2156 990 2219 1045 iu
2244 990 2533 1047 Futurum

1439 1080 1663 1129 -usutat,
1686 1116 1703 1145 ,
1746 1071 1824 1129 A.
1852 1072 2003 1146 vm,
2037 1072 2185 1137 577.

1449 1156 1865 1305 48Ρηισισνοα
1915 1155 1990 1216 de
2034 1166 2331 1238 tempore,
2374 1161 2451 1218 A.
2484 1161 2533 1233 1,

1542 1326 1795 1383 Preciae
1822 1346 1988 1401 uvae,
2020 1328 2093 1384 G.
2122 1330 2194 1401 Π,
2228 1328 2329 1392 95.

1540 1414 1821 1469 Premere
1834 1414 2084 1471 obscene
2098 1416 2143 1471 si
2146 1413 2535 1490 gnificaiione,

1452 1497 1581 1556 Cat.
1628 1498 1731 1571 111,
1772 1495 1833 1559 4.
1870 1532 1948 1546 --
1996 1512 2225 1573 ‘voe-em,
2281 1500 2356 1555 A.
2427 1502 2532 1567 lx,

1456 1583 1611 1647 324.
1629 1586 1703 1642 N.

1540 1668 1761 1725 Prenei
1797 1669 1975 1727 boves
1992 1678 2025 1742 ,’
2062 1670 2137 1727 G.
2181 1671 2225 1741 Ι,
2270 1666 2419 1733 285.
2460 1670 2537 1727 N.

1453 1788 1533 1799 -
1556 1773 1819 1830 prensus
1850 1765 1907 1812 et
1919 1774 2167 1831 precante
2195 1754 2439 1828 consue„
2460 1755 2537 1815 A.

1538 1926 1947 1983 Primitiva
2000 1944 2167 1983 vooc.
2202 1942 2309 2003 pro
2352 1922 2539 1982 Adie-

1453 2012 1639 2084 otivis,
1660 2012 1732 2068 F..
1758 2010 1853 2083 Vl,
1887 2008 1989 2073 64.
2018 2012 2092 2070 N.

1542 2096 1823 2164 Primus,
1856 2097 2167 2165 Primum,
2190 2095 2428 2163 Primo,
2467 2094 2540 2163 Q.

1455 2182 1531 2241 V.
1560 2182 1833 2239 xxvm.
1862 2212 1954 2226 --
1992 2182 2245 2239 Primus
2275 2189 2335 2238 et
2391 2180 2545 2235 Pra-

1457 2286 1631 2324 mum
1656 2269 1717 2324 in
1747 2268 2183 2325 enumeratione
2214 2276 2273 2323 et
2304 2268 2543 2343 exposi-

1454 2353 1619 2410 tione
1646 2370 1862 2424 remm,
1890 2352 2023 2425 ubi,
2054 2350 2215 2432 qnod
2244 2352 2406 2431 sequi
2431 2349 2542 2408 de—

1454 2437 1574 2511 bet,
1622 2444 1751 2493 tum
1770 2478 1795 2506 ,
1838 2434 2077 2504 deinde,
2130 2454 2302 2515 saepe
2324 2438 2541 2493 omitti.

1456 2532 1583 2596 tur,
1613 2519 1697 2578 ib.
1743 2527 1801 2584 1.
1840 2553 1931 2566 --
1980 2522 2233 2579 Primus
2276 2518 2351 2577 de
2390 2520 2541 2594 loco,

1455 2605 1539 2665 ib.
1568 2611 1629 2681 2,
1658 2625 1711 2666 a.
1732 2639 1823 2652 —
1856 2604 1932 2665 de
1969 2609 2155 2686 prima
2183 2607 2423 2664 alieuius
2458 2607 2544 2664 rei

1457 2703 1621 2838 Ψ
1640 2691 1905 2836 ’.ιὲῗῶ
1924 2691 2281 2836 ἕξω-Ψ
2178 2689 2543 2834 Ἣέέῖέ

1456 2883 1619 2943 pore,
1650 2862 1735 2923 ib.
1770 2868 1830 2928 3.
1845 2897 1931 2907 —
1958 2863 2081 2922 aliis
2110 2861 2415 2922 Adverbiis
2444 2871 2545 2922 aut

1460 2949 1977 3009 Coniunctionibus
1990 2949 2403 3028 temporalibus
2414 2949 2545 3006 iun-

1460 3047 1641 3112 ctum,
1686 3035 1946 3105 Nunc,
2003 3035 2213 3103 Tum,
2266 3033 2546 3109 Quum,

1473 3122 1571 3179 Ut
1625 3121 1941 3200 primum,
2028 3121 2313 3178 Primum
2377 3129 2547 3176 tan-

1463 3207 1677 3278 dem,
1722 3217 1780 3265 et
1816 3206 1995 3276 Vix,
2038 3206 2283 3274 Dum,
2319 3204 2549 3263 Post-

1465 3311 1735 3372 quam,
1800 3291 2090 3368 Quum,
2174 3289 2363 3360 Ubi,
2452 3289 2551 3348 Ut

1460 3379 1737 3457 pn'mus,
1790 3389 1903 3436 eet.
1948 3376 2033 3435 ib.
2061 3381 2119 3452 3,
2150 3378 2210 3435 b.
2260 3373 2441 3450 (adde
2470 3378 2547 3435 G.

1465 3465 1569 3536 111,
1604 3467 1745 3528 180.
1776 3464 1874 3538 IV,
1903 3467 2007 3527 21.
2010 3462 2137 3541 )·--
2178 3463 2513 3520 Primum..

1463 3559 1625 3623 mm,
1673 3549 1754 3606 ib.
1796 3553 1857 3623 3,
1893 3569 1949 3608 e.
1980 3581 2069 3594 --
2101 3548 2369 3623 Primus,
2412 3549 2453 3604 i.
2484 3566 2545 3628 q.

1940 3633 2025 3692 ih.
2075 3638 2135 3707 3,
2178 3632 2239 3692 d.
2270 3665 2363 3678 --
2408 3631 2549 3692 hino

1464 3739 1657 3801 quum
1702 3722 1947 3798 prienue
1994 3721 2119 3778 fere
2166 3721 2207 3776 i.
2238 3738 2299 3800 q.
2333 3719 2549 3797 prius-

1465 3825 1654 3885 quam
1670 3848 1696 3876 ,
1738 3803 1889 3864 ibid.
1912 3837 2003 3852 —-
2032 3805 2283 3866 Primus
2310 3805 2385 3863 de
2403 3825 2549 3863 aevo

1467 3892 1907 3972 antiquissimo,
1950 3889 2037 3948 ib.
2070 3896 2145 3964 3,
2172 3911 2225 3949 e.
2262 3923 2349 3936 —-
2400 3891 2550 3948 Pri-

1464 3999 1602 4034 mus
1628 3989 1685 4036 et
1709 3977 1993 4036 Primum
2010 3975 2083 4036 de
2112 3979 2238 4036 ιιιιι
2224 3997 2298 4050 ιο
2326 3977 2550 4077 origine

1469 4083 1685 4137 rernm,
1716 4060 1799 4120 ib.
1842 4067 1900 4136 3,
1924 4061 2307 4134 f.--deeo,
2339 4063 2552 4144 quiin-

1468 4148 2025 4294 ffffiffissz’.
2040 4107 2553 4292 ἕῖἓὼὲἶὲωἶ

1467 4323 1650 4396 ribus,
1696 4319 1779 4378 ib.
1818 4325 1876 4395 3,
1922 4339 1982 4400 g.
2015 4353 2097 4366 -
2142 4316 2215 4377 de
2260 4320 2550 4398 exemplu,

1466 4405 1623 4490 quod
1662 4409 1791 4488 quis
1820 4410 2035 4487 praeit,
2086 4427 2153 4465 ao
2206 4403 2449 4485 proinde
2478 4404 2553 4464 de
