3009 5050
475 349 572 422 28

918 345 1003 419 P.
1055 340 1585 420 VIRGILII
1632 341 2199 420 MARONIS

475 530 687 624 Quin
723 529 956 604 etiam
993 541 1355 604 veterum
1385 525 1692 626 effigies
1727 551 1820 603 ex
1853 527 2139 606 ordine
2176 554 2509 606 avorum

474 634 818 734 Antiqua
854 655 896 708 e
927 630 1211 728 cedro,
1262 630 1702 732 Italusque,
1754 645 2141 734 paterque
2188 633 2525 708 Sabinus

473 737 882 831 vitisator,
940 759 1256 811 curvam
1282 758 1597 810 servans
1633 734 1779 809 sub
1814 735 2154 834 imagine
2190 734 2506 835 falcem,

477 841 1018 940 Saturnusque
1048 862 1317 928 senex,
1370 839 1700 937 Ianique
1724 835 2093 916 bifrontis
2124 839 2410 938 imago,

2571 850 2725 920 180

474 942 892 1022 Vestibulo
933 939 1376 1033 adstabant3
1429 939 1717 1043 aliique
1748 941 1843 1016 ab
1883 945 2186 1042 origine
2218 965 2467 1041 reges,

473 1048 914 1148 Martiaque
941 1045 1048 1120 ob
1079 1046 1407 1146 patriam
1441 1048 1877 1146 pugnando
1905 1046 2235 1124 volnera
2258 1047 2484 1148 passi.

617 1287 716 1343 178
753 1305 784 1340 e
815 1285 994 1340 Heius.
1041 1301 1072 1338 e
1113 1287 1218 1338 anis
1259 1295 1314 1338 et
1353 1283 1509 1351 Pier.,
1557 1284 1649 1338 alii
1692 1305 1774 1342 ex.
1846 1285 1973 1343 Aliis
2000 1296 2275 1358 utrumque
2302 1287 2481 1354 abest,
2513 1287 2568 1338 in
2602 1285 2729 1338 aliis

476 1356 716 1412 adhue-it
737 1376 768 1407 e
792 1356 959 1426 priori
982 1372 1142 1408 voce:
1193 1359 1456 1424 antiquae
1481 1357 1669 1418 cedro,
1724 1365 1779 1408 et
1814 1356 1939 1409 hinc
1968 1358 2145 1410 schol.
2172 1361 2305 1409 Stat.
2336 1361 2459 1410 anei
2494 1375 2599 1410 uae
2629 1373 2731 1408 ee·-

477 1427 580 1480 dri.
615 1443 662 1480 v,
688 1427 827 1496 apud
853 1426 988 1478 Pier.
1017 1435 1073 1476 et
1113 1425 1291 1476 Heius.
1356 1425 1541 1493 (cedro
1581 1425 1935 1492 superscripta
1975 1446 2009 1478 α
2044 1427 2263 1488 Medie.;
2312 1427 2419 1479 vid.
2502 1463 2517 1478 .
2546 1427 2605 1476 [ι.
2656 1423 2727 1476 ad

477 1497 574 1548 Ge.
617 1498 704 1558 111,
754 1495 871 1550 414.
914 1494 1060 1562 Wr.)

1200 1495 1300 1550 179
1344 1511 1517 1546 curva
1568 1496 1721 1545 Voss.

478 1584 585 1618 sec.
611 1565 860 1616 Rottend.
893 1574 951 1616 et
979 1583 1010 1616 a
1033 1581 1099 1616 m.
1140 1581 1243 1616 see.
1270 1565 1478 1630 Hagen.
1520 1579 1635 1614 cum
1674 1563 1837 1616 Goth.
1874 1583 1980 1617 sec.

1863 1497 1965 1550 180
2014 1514 2175 1548 senes
2203 1497 2389 1548 Franc.
2480 1495 2729 1566 biformis

2122 1567 2219 1620 181
2254 1563 2582 1618 vestibulum
2615 1567 2729 1616 Zu—

475 1635 604 1688 neh.
642 1652 670 1685 a
711 1652 781 1686 m.
805 1653 886 1704 pr.
955 1632 1256 1686 adstabant
1277 1643 1360 1684 est
1399 1648 1497 1700 pro
1539 1633 1767 1701 vulgari,
1818 1631 2047 1686 stabant
2070 1635 2131 1686 in
2158 1653 2214 1688 v.
2260 1635 2388 1702 (vid.
2420 1635 2544 1687 Not.
2578 1633 2647 1685 ad
2681 1631 2729 1696 1,

480 1704 596 1758 152.
637 1707 780 1772 Wr.)

477 1785 534 1824 et
561 1773 714 1826 editis
757 1771 994 1824 omnibu·
1030 1771 1310 1840 legendum
1349 1771 1551 1822 statuit.

921 1704 1022 1758 182
1057 1705 1374 1754 Burmannus
1405 1703 1585 1754 Marti
1656 1721 1723 1754 ue
1762 1720 1825 1753 ex
1858 1703 2043 1756 Servio
2088 1722 2205 1756 cum
2250 1707 2485 1756 Romano
2518 1701 2725 1772 (Pierii)

1672 1790 1701 1823 e
1746 1772 1902 1824 editis
1944 1789 2123 1824 rernm
2156 1773 2262 1824 hoc
2294 1789 2401 1829 non
2444 1783 2552 1824 est:
2607 1789 2729 1823 nam

475 1841 532 1894 in
555 1843 638 1894 his
676 1845 774 1912 qui
793 1841 918 1892 inde
947 1842 1014 1894 ab
1039 1841 1196 1894 Aldd.
1227 1849 1535 1893 constanter
1566 1840 1788 1908 legitur3
1826 1843 1929 1894 etsi
1962 1840 2271 1894 Benedictus
2300 1843 2353 1893 in
2382 1844 2510 1894 lunt.
2542 1857 2727 1892 enten-

475 1912 605 1964 dare
631 1912 855 1964 iusserat
878 1929 997 1982 que.
1045 1911 1226 1962 Malim
1255 1911 1492 1980 equidem
1521 1913 1616 1978 qui
1643 1920 1697 1960 et
1724 1929 1828 1980 que
1854 1913 2061 1964 abesse.
2116 1913 2222 1964 sed
2248 1927 2453 1977 vereor,
2486 1929 2553 1963 ne
2582 1920 2729 1962 totus

476 1997 656 2034 versus
687 1981 896 2034 aliunde
920 1981 974 2032 in
999 1980 1232 2047 margine
1251 1979 1571 2032 adhaeserit.
1640 1983 1719 2032 An
1757 1980 1889 2031 alins
1926 1991 2087 2052 poeta
2126 1981 2321 2034 dixerit
2346 1983 2559 2032 Mareia
2596 1977 2729 2031 vul-

473 2065 643 2120 nera,
686 2060 747 2103 ut
779 2069 934 2103 arma
975 2051 1216 2114 Mania,
1280 2051 1444 2120 signa
1471 2049 1715 2116 Martia,
1765 2043 1941 2118 ἀρήϊα
1983 2045 2216 2118 τεύχεα,
2267 2051 2478 2120 ignoro.
2543 2053 2729 2120 Reges

477 2244 546 2300 in
600 2244 792 2300 ian-ua
846 2241 1086 2300 Palatii
1129 2239 1332 2318 fiebat
1373 2243 1565 2324 fietis

476 2327 755 2386 diebus.“
840 2331 920 2386 Et
963 2331 1256 2409 Pompon.
1302 2327 1440 2388 sab.
1485 2329 1563 2388 ad

475 2435 534 2472 v.
569 2417 691 2478 170
721 2411 1091 2490 „Templum
1128 2413 1443 2491 Apollinis·
1479 2414 1561 2472 ab

477 2497 773 2579 Augusto
801 2501 868 2556 in
894 2498 1142 2557 Palatio
1160 2501 1432 2578 positum
1455 2501 1563 2558 de·-

474 2582 750 2641 eeribit.“
819 2587 1146 2645 Palatinam
1172 2588 1422 2665 Augusti
1441 2586 1565 2645 'do-

475 2688 647 2727 mum
690 2669 1092 2730 adumbratam
1145 2676 1321 2731 etiam
1379 2674 1565 2730 Blan-

478 2752 705 2813 chinius
737 2752 1034 2831 (Palazzo
1075 2758 1150 2815 de
1163 2756 1182 2783 ³
1231 2758 1460 2838 Cesar-i)
1504 2768 1564 2817 et

478 2840 852 2900 Holdsworth
879 2844 1168 2902 volebant.
1248 2843 1370 2903 Sed
1397 2846 1565 2925 sequi

475 2928 638 2986 iuvat
653 2974 668 3001 ,
711 2928 873 3009 quod
927 2931 1414 3008 simplicissimum
1455 2939 1563 2987 est.

474 3014 582 3071 Est
630 3012 744 3070 hoo
781 3013 1070 3093 templum
1107 3034 1214 3093 pro
1257 3026 1563 3094 prytaneO,

477 3101 636 3157 curia
667 3108 767 3155 aut
793 3102 968 3157 simili
1007 3098 1150 3158 aede
1192 3102 1457 3179 publica:
1499 3100 1565 3155 in

477 3204 596 3265 qua
637 3183 783 3242 adeo
832 3184 1110 3242 sacrificia
1152 3183 1399 3264 publica·
1427 3204 1567 3242 eum

477 3271 662 3348 epulis
689 3289 986 3327 sacrorum
1013 3268 1320 3328 habentur.
1384 3272 1567 3327 ariete

479 3374 649 3411 caeso
668 3396 691 3424 ,
747 3358 983 3435 proprio
1024 3356 1220 3436 aliquo
1267 3374 1565 3413 sacrm-mn

475 3442 632 3499 inter
666 3442 903 3499 Latinos
945 3460 1142 3514 more,
1203 3440 1409 3520 epulae
1469 3460 1566 3498 sa·-

477 3546 609 3585 orae
650 3528 1061 3599 instituuntur5
1108 3536 1240 3583 tum
1274 3528 1324 3584 si
1367 3528 1567 3606 publi-

477 3632 618 3670 otun
679 3611 746 3668 fit
800 3610 1162 3670 'sacrificium
1186 3656 1203 3686 ,
1262 3612 1566 3671 confluunt

475 3698 757 3777 primores
787 3700 1004 3776 gentis,
1055 3698 1212 3779 iique
1243 3700 1425 3779 epulis
1455 3718 1565 3756 ex-

478 3787 632 3863 cepti
670 3782 874 3842 sedent
888 3828 905 3858 ,
969 3786 1186 3841 mensis
1227 3786 1563 3862 perpetuas,

457 3866 540 3927 Ah.
571 3870 750 3947 longa
794 3880 853 3927 et
887 3870 1143 3927 multum
1185 3868 1563 3949 procurrente

476 3974 679 4013 mensa
706 3974 724 4031 ;
783 3966 850 4013 ut
899 3966 1264 4033 perpetuum
1327 3968 1564 4036 tergum

477 4050 537 4099 et
564 4042 695 4099 alia.

565 4128 946 4192 177—182.
989 4129 1185 4185 Etiam
1221 4125 1368 4186 haee
1395 4128 1565 4207 signa

475 4211 538 4269 in
565 4214 852 4271 vestibulo
891 4214 1172 4271 collocata
1199 4224 1363 4286 sunt,
1405 4224 1474 4271 ut
1501 4215 1565 4270 in

477 4298 637 4357 curia
663 4300 759 4358 vel
787 4300 1008 4378 templo
1036 4318 1165 4358 mos
1195 4310 1317 4357 erat
1345 4300 1407 4355 in
1437 4296 1566 4355 adi-—

477 4392 542 4443 tu
559 4394 620 4443 et
639 4386 866 4464 porticu
892 4388 1058 4465 signa
1087 4386 1238 4444 inter
1265 4386 1569 4444 columnas

1646 2263 1887 2323 ponere.
1974 2243 2305 2300 Imitatione
2338 2241 2618 2322 expressit
2634 2243 2731 2300 1ο-

1648 2349 1787 2388 cum
1828 2332 1892 2386 in
1918 2329 2134 2386 Elissae
2177 2331 2423 2388 sacrario
2468 2327 2645 2386 Silius
2684 2331 2731 2402 1,

1646 2419 1731 2480 86
1758 2433 1848 2494 sq.
1930 2415 2109 2472 Italus
2139 2425 2337 2470 autem
2376 2425 2435 2471 et
2480 2415 2731 2473 Sabinus

1646 2497 1709 2558 h.
1738 2501 1779 2559 1.
1803 2502 1961 2557 'inter
1985 2501 2178 2558 Latini
2204 2501 2449 2557 maiores
2498 2519 2733 2558 memo-

1646 2597 1849 2643 rantur
1874 2597 2007 2665 post
2032 2587 2165 2661 illa,
2217 2604 2367 2667 quae
2396 2607 2453 2643 v.
2494 2585 2599 2650 45.
2644 2584 2733 2649 49

1650 2670 1908 2729 edixerat
1946 2683 2147 2751 poeta,
2202 2682 2507 2751 tamquam
2548 2690 2731 2751 agna-

1646 2759 1805 2815 tione
1846 2759 2049 2814 iuncti.
2108 2758 2183 2814 cf.
2226 2758 2375 2815 Exc.
2431 2757 2510 2814 Iv
2552 2754 2626 2815 ad
2666 2754 2731 2813 h.

1646 2844 1747 2901 lib.
1778 2853 1838 2900 et
1878 2834 2107 2899 Cluverss
2151 2844 2279 2900 Ital.
2318 2851 2438 2899 ant.
2482 2862 2541 2921 p.
2585 2842 2729 2905 725.

1648 2929 2019 3009 Antiquitatis
2040 2930 2281 3007 genium
2302 2926 2538 2985 exhibet
2558 2930 2730 2983 etiam

1646 3014 1709 3070 in
1764 3016 2035 3087 materia,
2095 3012 2267 3071 cedro
2284 3056 2310 3083 ,
2367 3033 2510 3071 nam
2562 3022 2730 3070 vetu-

1647 3100 1822 3156 stiora
1850 3102 2015 3177 signa
2041 3100 2236 3178 lignea
2266 3110 2431 3156 erant
2458 3100 2553 3157 vel
2582 3098 2731 3155 facti—

1646 3185 1745 3241 lia.
1842 3184 1909 3243 V
1897 3186 2129 3241 iti-sator
2165 3218 2253 3229 --
2275 3184 2559 3263 falcem:
2628 3184 2731 3240 etsi

1650 3270 1933 3328 Saturnus
1990 3272 2111 3328 fere
2166 3290 2304 3328 cum
2344 3271 2493 3327 falce
2536 3269 2729 3348 expri-

1647 3358 1829 3414 mitur
1843 3402 1859 3431 ,
1898 3366 1954 3413 et
1980 3367 2117 3414 sunt
2147 3358 2249 3437 qui
2269 3358 2546 3433 iungant:
2593 3375 2730 3411 eur-

1650 3460 1794 3498 vam
1832 3461 2082 3499 servans
2124 3440 2237 3499 sub
2278 3443 2551 3519 imagine
2588 3438 2733 3519 sal-

1650 3547 1779 3583 cem
1819 3527 2240 3605 Saturnusque
2256 3570 2281 3599 ,
2338 3546 2415 3585 ex
2455 3527 2733 3584 sermonis

1646 3622 1847 3671 tamen
1876 3614 2193 3671 rationibus
2236 3610 2397 3671 haud
2438 3610 2613 3671 dubie
2658 3608 2732 3669 ad

1650 3698 1941 3757 Sabinum
1993 3710 2256 3778 spectant
2310 3696 2457 3756 haec
2477 3743 2493 3771 ‚
2556 3716 2731 3779 quem

1646 3785 1813 3843 nobis
1839 3794 2013 3864 poeta
2055 3805 2131 3842 ex
2166 3787 2351 3863 prisca
2380 3785 2573 3865 aliqua
2601 3802 2734 3840 eru-

1648 3869 1869 3929 ditione
1900 3868 2153 3929 declarat
2190 3874 2497 3929 vinearum
2534 3870 2733 3927 colen-

1650 3954 1860 4015 darum
1902 3968 2199 4015 auctorem
2242 3958 2447 4031 fuisse3
2504 3954 2613 4013 sub
2656 3954 2734 4011 si-

1648 4062 1800 4121 gne,
1856 4042 2008 4100 forte
2072 4042 2147 4101 ad
2210 4039 2451 4099 hermae
2509 4058 2736 4098 morem

1648 4130 1713 4185 in
1747 4130 2001 4207 stipitem
2028 4126 2346 4202 desinente,
2372 4125 2555 4206 salx,
2597 4138 2737 4205 puta

1650 4211 1728 4271 ad
1756 4213 2138 4293 amputandas
2166 4213 2401 4271 frondes
2440 4210 2524 4288 (v.
2570 4210 2737 4271 Ovid.

1650 4300 1793 4356 Met.
1828 4300 1986 4373 XIV,
2024 4302 2172 4363 628.
2204 4303 2324 4363 681
2358 4309 2416 4356 et
2444 4298 2599 4376 649)
2632 4297 2740 4355 ad-

1654 4384 1837 4461 iecta3
1880 4402 1999 4467 qua
2024 4386 2217 4465 specie
2240 4384 2466 4445 Silvani
2502 4381 2741 4441 hermae
