3009 5050
460 467 610 543 614
939 459 1026 530 Ρ.
1080 453 1618 532 VIRGILII
1663 450 2226 528 MARONIS

458 642 1121 745 Fluminibusque
1149 652 1528 740 vagantur
1557 645 1736 716 a‘ves
1769 638 1968 735 (heu
2005 637 2171 713 dira
2203 659 2584 711 meorum

462 747 940 850 Supplicial)
996 760 1076 823 et
1126 742 1501 846 scopulos
1530 743 1962 819 lacrimosis
2004 741 2332 816 vocibus
2381 739 2706 841 inplent.

458 859 672 931 Haec
701 850 903 928 adeo
938 876 1031 927 ex
1060 849 1196 925 illo
1222 848 1424 924 mihi
1464 849 1623 924 iam
1661 845 2051 948 speranda
2080 843 2410 921 fuerunt
2559 854 2706 923 275

462 963 911 1057 Tempore,
958 979 1145 1031 cum
1171 951 1389 1028 ferro
1430 951 1802 1028 coelestia
1835 973 2170 1051 corpora
2207 947 2544 1055 demens

458 1058 819 1161 Adpetii,
873 1071 954 1134 et
993 1057 1328 1135 Veneris
1370 1056 1655 1132 violavi
1698 1055 2031 1130 volnere
2070 1052 2443 1130 dextram.

460 1169 581 1242 Ne
612 1186 847 1258 vem,
899 1186 1006 1238 ne
1037 1185 1173 1236 me
1213 1159 1313 1235 ad
1350 1159 1546 1235 tales
1583 1156 1939 1258 inpellite
1971 1181 2293 1258 pugnaS.

465 1272 632 1345 Nec
680 1263 879 1340 mihi
912 1289 1097 1342 cum
1131 1264 1458 1340 Teucris
1497 1262 1754 1338 ullum
1799 1275 1986 1362 post
2017 1273 2240 1337 eruta
2266 1258 2579 1336 bellum

985 1391 1138 1444 nec
1206 1380 1572 1444 veterum
1637 1365 1973 1440 memini
2044 1363 2398 1440 laetorve
2454 1361 2712 1438 malo-

1621 1491 1826 1546 rum.
2563 1477 2714 1548 280
2771 1523 2782 1534 -

462 1581 834 1671 Munera,
892 1571 1097 1676 q'uae
1123 1573 1389 1672 patriis
1420 1572 1517 1649 ad
1543 1597 1681 1648 me
1715 1571 2042 1672 portatis
2076 1569 2172 1644 ab
2202 1569 2386 1665 oriS,

463 1680 771 1758 Vertite
816 1677 917 1753 ad
955 1681 1300 1755 Aenean.
1408 1678 1788 1753 Stetimus
1826 1673 1984 1750 tela
2028 1697 2302 1774 aspera
2350 1687 2646 1769 contra,

466 1779 1134 1881 Contulimusque
1178 1803 1495 1859 manus:
1565 1793 1888 1880 eaperto
1927 1776 2266 1874 credite,
2321 1791 2662 1878 quantus

462 1885 559 1961 In
595 1881 939 1984 clipeum
970 1882 1370 1980 adsurgat,
1428 1909 1591 1984 quo
1620 1883 1942 1960 turbine
1979 1894 2360 1981 torqueat
2383 1879 2709 1960 hastam.

462 1375 843 1469 Pergama
858 1403 881 1462 3

462 2089 669 2143 videtur
702 2091 769 2143 ab
802 2091 856 2142 h.
889 2091 928 2145 l.
953 2089 1242 2144 celeritatis
1274 2088 1451 2155 notio,
1500 2107 1656 2160 quum
1704 2088 1840 2141 nihil
1875 2087 2018 2140 aliud
2053 2089 2229 2140 dicere
2278 2089 2506 2141 voluerit
2537 2101 2713 2156 poeta,

464 2177 646 2230 quam:
694 2161 879 2212 mutati
930 2171 1049 2212 aunt
1095 2161 1151 2211 in
1198 2178 1336 2213 aves.
1380 2160 1523 2228 Wr.)
1587 2162 1778 2232 pinnis
1810 2161 1963 2211 Rom.
2035 2159 2166 2210 allis
2201 2159 2322 2228 (pro
2357 2160 2483 2224 alis)
2524 2160 2712 2212 Medic.

462 2229 639 2282 Pierii.
761 2230 865 2284 273
896 2231 1004 2282 heu
1038 2230 1239 2282 damna
1271 2231 1512 2283 Pan-has.
1647 2231 1754 2284 274
1788 2228 2038 2280 clamosis
2073 2227 2284 2280 Oudart.
2422 2229 2524 2283 275
2563 2233 2716 2284 Haec

466 2299 653 2350 eadem
692 2299 886 2351 zulich.
954 2316 1057 2370 sup
1092 2301 1273 2351 tanda
1306 2299 1469 2352 Goth.
1516 2309 1662 2363 tert„
1723 2299 1901 2366 sicque
1943 2297 2146 2366 aliquot
2185 2299 2341 2364 Pier„
2388 2297 2530 2350 inter
2581 2317 2713 2368 quos

463 2367 634 2432 Rom„
668 2369 820 2420 Haec
847 2367 986 2420 adeo
1066 2369 1146 2420 ilu'
1175 2370 1285 2420 iam
1322 2368 1655 2440 superanda.
1792 2369 1897 2423 276
1937 2370 2064 2419 Tem
2104 2385 2228 2429 ore,
2265 2386 2372 2437 quo
2410 2386 2490 2436 pr.
2523 2369 2710 2423 Hamb.

464 2453 565 2506 pro
600 2455 709 2489 var.
758 2436 881 2490 lect.
915 2439 955 2487 B
976 2449 1086 2503 got.
1140 2447 1195 2488 et
1243 2438 1406 2490 Goth.
1454 2457 1559 2490 sec.
1614 2448 1669 2489 et
1715 2446 1843 2490 tert.
1981 2437 2049 2490 27
2123 2435 2289 2488 Nunc
2321 2455 2452 2488 vero
2490 2438 2713 2490 Dorvill.

468 2515 524 2557 et
554 2507 650 2557 Ed.
696 2507 832 2559 Ven.
879 2508 1018 2576 apud
1064 2507 1233 2559 Burm.
1305 2507 1423 2559 Nec
1466 2509 1601 2563 Ven.
1643 2511 1706 2559 'et
1755 2505 1916 2560 Goth.
1965 2522 2046 2574 pr.
2111 2505 2273 2573 (talis
2321 2505 2511 2561 Medic.
2569 2509 2710 2573 Wr.)

464 2576 567 2631 279
596 2576 785 2627 diruta
808 2577 958 2629 Rom.
988 2584 1043 2627 et
1065 2576 1156 2628 alii
1181 2579 1316 2628 Pier.
1336 2578 1472 2629 alter
1500 2580 1687 2630 Hamb.
1709 2588 1765 2628 et
1791 2578 1888 2628 Ed.
1905 2574 2139 2639 Mediol„
2155 2576 2315 2640 (adde
2339 2578 2421 2629 11.
2441 2580 2528 2630 W
2519 2582 2588 2643 ν.)
2608 2596 2710 2648 quo

466 2644 523 2695 in
553 2644 691 2696 binis
718 2654 952 2715 spectat:
989 2646 1228 2713 dirupta.
1276 2648 1412 2697 Tum
1448 2662 1532 2699 est
1567 2646 1621 2698 in
1656 2647 1760 2698 fine
1796 2646 1996 2715 aliquot
2019 2645 2200 2697 Heius.
2238 2654 2293 2696 et
2316 2646 2513 2713 Burin„
2535 2649 2614 2701 sic
2651 2666 2712 2699 ue

466 2713 627 2765 Goth.
641 2732 746 2767 sec.
777 2718 911 2782 (cum
927 2718 1069 2767 Serv.
1095 2716 1281 2767 Dresd.
1311 2719 1395 2769 W
1389 2718 1459 2783 r.)
1556 2718 1660 2770 280
1685 2717 1966 2785 laetorque
1988 2714 2136 2766 Leid.
2173 2713 2278 2765 vid.
2303 2714 2519 2770 vs.416.
2557 2720 2584 2769 l
2649 2736 2711 2769 ο-

468 2802 588 2834 rum
628 2782 712 2834 vel
766 2783 1031 2837 malorum
1071 2785 1189 2836 cod.
1234 2784 1452 2840 Koeler.
1592 2787 1695 2839 281
1737 2785 2008 2855 portastis
2053 2793 2179 2835 vett.
2235 2785 2356 2836 edd.
2404 2802 2519 2837 cum
2557 2788 2712 2840 oodd.

464 2852 745 2904 nonnullis.
781 2852 861 2919 (in
894 2853 1081 2921 quibus
1118 2855 1171 2909 7.
1210 2857 1290 2907 10.
1332 2856 1479 2921 Wr.)
1549 2854 1654 2907 Sed
1685 2854 1884 2905 monuit
1913 2854 2048 2905 Pier.
2082 2854 2137 2904 iu
2167 2854 2318 2905 Rom.
2345 2864 2398 2905 et
2433 2856 2550 2907 aliis
2579 2874 2712 2917 esne,
2823 2906 2830 2911 .

466 2923 609 2991 quod
624 2921 895 2973 delicatius
912 2923 997 2986 sit,
1016 2926 1289 2993 pot-min
1316 2924 1421 2975 hoc
1446 2922 1532 2976 edi
1550 2935 1790 2991 coeptum
1808 2921 2154 2975 aCommelin.
2189 2922 2274 2975 Sic
2297 2939 2504 2994 quoque
2519 2926 2712 2979 Medic.

467 3002 521 3041 et
546 2990 724 3043 Heius.
739 2993 989 3059 potiores.
1036 3010 1090 3061 p.
1111 2992 1219 3043 huc
1248 2995 1585 3063 apportas-tia
1608 2993 1759 3045 Laid.
1808 2992 2040 3043 desertis
2071 2992 2310 3045 Parthas,
2335 3010 2434 3060 pro
2463 2992 2712 3065 desertis.

465 3060 569 3113 283
603 3078 821 3112 manum
858 3062 1062 3127 Menag.
1092 3056 1180 3128 'pn
1234 3078 1285 3113 v,
1325 3078 1440 3131 sup.
1480 3064 1568 3123 X,
1602 3063 1721 3117 876.
1791 3064 1852 3113 lu
1887 3060 2105 3113 Dorvin.
2141 3074 2266 3129 post
2313 3062 2368 3119 h.
2421 3081 2473 3117 v,
2517 3084 2714 3135 sequo-

466 3128 659 3181 bantur
688 3147 792 3182 vos.
829 3128 933 3183 336
956 3147 1123 3199 usque
1153 3130 1221 3181 ad
1252 3130 1373 3184 352.
1512 3128 1616 3186 284
1635 3133 1896 3203 insurgat
1935 3131 2136 3182 Noniu-
2161 3132 2215 3184 in
2249 3134 2505 3203 experiri.

464 3302 617 3361 ωας
672 3284 791 3369 vid.
836 3286 905 3357 Q.
945 3288 1017 3347 V.
1058 3288 1325 3365 XXXV,
1365 3290 1425 3356 5.
1455 3322 1542 3335 —

467 3373 612 3435 273.
642 3370 1053 3443 Fluminibus,
1092 3375 1135 3431 i.
1166 3394 1219 3431 e.
1248 3377 1399 3433 circa
1426 3376 1544 3433 flu-

464 3455 663 3529 mina3
717 3455 835 3514 vid.
874 3459 1009 3516 Not.
1051 3457 1127 3517 ad
1174 3460 1303 3520 Eol.
1346 3462 1394 3536 1,
1439 3462 1545 3527 52.

475 3540 669 3619 Wr.)
753 3541 899 3606 275.
952 3544 1288 3620 speranda,
1346 3557 1546 3605 metu—-

468 3624 649 3699 enda,
692 3635 757 3684 ut
784 3629 950 3687 toties
966 3672 983 3702 ,
1024 3630 1118 3687 vel
1160 3631 1351 3710 simpl.
1382 3633 1548 3711 cogi-

464 3711 683 3768 tafione
707 3713 1126 3793 praecipienda,
1166 3715 1546 3796 expectanda.

464 3815 594 3875 sup.
622 3797 721 3870 IV,
749 3796 875 3861 419
919 3798 1083 3857 hunc
1132 3816 1240 3880 ego
1282 3804 1338 3859 εἰ
1368 3805 1551 3881 potui

1627 3286 1702 3347 ad
1749 3288 1902 3345 Aen.
1946 3290 1993 3363 1,
2037 3290 2162 3368 96)
2204 3292 2482 3371 singulari
2523 3304 2712 3354 certa-

1627 3376 1816 3448 mine;
1859 3373 1963 3433 sed
2001 3377 2065 3433 in
2106 3396 2300 3456 pugna
2343 3376 2457 3436 hoo
2485 3382 2712 3459 saepius

1627 3462 1848 3519 factum
1875 3481 2202 3540 supponere
2229 3474 2288 3522 et
2329 3462 2549 3542 fingere
2570 3466 2712 3533 =lieet

1629 3556 1854 3625 poetae.
1941 3550 2086 3611 283·
2130 3546 2278 3613 284.
2333 3560 2599 3627 quantus
2642 3551 2712 3608 in

1631 3630 1894 3708 clipeum
1931 3644 2234 3711 uastat-gat.
2319 3637 2409 3694 De
2453 3654 2521 3693 eo
2537 3679 2554 3709 ‚
2608 3638 2713 3717 qui

1631 3716 1829 3796 gladio
1855 3718 2032 3776 infert
2059 3720 2289 3794 vulnus,
2319 3722 2458 3780 alias
2487 3718 2712 3779 dictum

1628 3802 1916 3862 vidimus:
1983 3825 2296 3883 assurgere
2349 3808 2444 3865 vel
2506 3808 2710 3865 irmun-

468 3889 708 3937 tanam
752 3902 993 3958 aper-are
1028 3885 1308 3945 dolorem.
1388 3886 1546 3969 (vid.
1623 3908 1794 3967 gere,
1825 3887 1986 3967 erigi,
2015 3892 2084 3946 in
2109 3892 2322 3961 ictum,
2350 3894 2418 3949 in
2449 3892 2708 3968 hastam,

464 3966 603 4023 Not.
631 3963 707 4024 ad
734 3968 790 4036 1,
806 3966 951 4032 543.
987 3971 1165 4049 Wr.)
1240 3978 1546 4038 276.277.

446 4052 769 4129 ,Ingeniosa
808 4048 954 4112 haec
996 4057 1221 4135 repetiit
1264 4078 1341 4123 ex
1378 4058 1544 4117 Iliad.

466 4156 513 4211 ε,
546 4140 671 4199 880
698 4156 825 4217 sqq.
856 4139 931 4196 cf.
960 4160 1087 4219 sup.
1119 4142 1196 4213 X,
1226 4145 1330 4206 29.
1371 4142 1546 4202 Adde

466 4220 635 4281 ovid.
648 4224 782 4279 XIV
812 4224 952 4282 Met.
979 4224 1125 4289 477.
1152 4244 1240 4307 sq.
1271 4226 1384 4303 (-·-·
1395 4234 1543 4295 280.

465 4304 585 4366 vid.
612 4308 681 4365 V.
698 4308 770 4365 1..
800 4306 875 4365 ad
901 4312 947 4383 I,
962 4309 1107 4375 441.
1160 4310 1335 4392 Wr.)
1395 4317 1542 4379 282.

465 4395 612 4457 283.
656 4393 961 4471 Congressi
984 4396 1295 4457 Diomedes
1324 4410 1382 4457 et
1421 4400 1544 4457 Ae·-

462 4495 601 4535 neas
627 4477 819 4555 (Iliad.
852 4502 898 4557 ε,
928 4484 1053 4548 239
1080 4504 1208 4566 sqq.
1240 4486 1395 4544 conf.
1406 4488 1541 4546 Not.

1629 3976 1698 4031 in
1755 3994 1953 4032 amem
2007 3970 2401 4054 (ἐφύπερθεν
2441 3972 2707 4061 ἀερθεὶς,

1627 4070 1694 4117 ut
1741 4059 1942 4141 Odys&
2004 4082 2054 4130 ι,
2113 4064 2306 4139 383);
2363 4074 2424 4121 at
2467 4062 2530 4123 h.
2561 4066 2600 4123 1.
2643 4066 2711 4121 in

1629 4144 1890 4222 clipeum
1903 4190 1918 4220 ‚
1953 4148 2084 4225 quia
2115 4149 2265 4206 elato
2295 4148 2358 4205 iu
2387 4151 2574 4207 altum
2601 4152 2708 4208 cli-

1627 4251 1740 4310 peo
1755 4228 1980 4289 hastam
1999 4233 2221 4291 vibrat:
2249 4254 2508 4315 namque
2535 4236 2584 4295 is
2599 4255 2709 4294 na-

1627 4318 1825 4375 turalis
1867 4327 2060 4375 motus
2101 4330 2220 4394 est,
2280 4332 2338 4378 et
2381 4318 2456 4379 ad
2501 4340 2709 4401 corpus

1627 4402 1914 4461 tuendum
1962 4403 2133 4462 valet.
2246 4406 2342 4465 Nil
2389 4406 2708 4486 expediunt

1627 4486 1794 4548 Serv.
1825 4498 1882 4546 et
1911 4486 2115 4549 Cerdo.
2201 4490 2352 4568 (Sed
2377 4494 2460 4550 ita
2485 4493 2534 4550 si
2561 4491 2706 4551 haec
