<?xml version="1.0" encoding="UTF-8"?>
<!DOCTYPE html PUBLIC "-//W3C//DTD XHTML 1.0 Transitional//EN"
    "http://www.w3.org/TR/xhtml1/DTD/xhtml1-transitional.dtd">
<html xmlns="http://www.w3.org/1999/xhtml" xml:lang="en" lang="en">
 <head>
  <title>
</title>
<meta http-equiv="Content-Type" content="text/html;charset=utf-8" />
  <meta name='ocr-system' content='tesseract 3.04.00' />
  <meta name='ocr-capabilities' content='ocr_page ocr_carea ocr_par ocr_line ocrx_word'/>
</head>
<body>
  <div class='ocr_page' id='page_1' title='image "./pvblivsvirgiliv00unkngoog_0009.png"; bbox 0 0 3009 5050; ppageno 0'>
   <div class='ocr_carea' id='block_1_1' title="bbox 501 398 2757 680">
    <p class='ocr_par' dir='ltr' id='par_1_1' title="bbox 501 398 2757 680">
     <span class='ocr_line' id='line_1_1' title="bbox 502 398 2263 492; baseline -0.002 -6"><span class='ocrx_word' id='word_1_1' title='bbox 502 418 549 486; x_wconf 80' lang='lat'><em>2</em></span> <span class='ocrx_word' id='word_1_2' title='bbox 977 408 1061 484; x_wconf 88' lang='lat' dir='ltr'><strong>P.</strong></span> <span class='ocrx_word' id='word_1_3' title='bbox 1114 398 1647 492; x_wconf 82' lang='lat' dir='ltr'>VIRGILII</span> <span class='ocrx_word' id='word_1_4' title='bbox 1714 405 2263 486; x_wconf 74' lang='lat' dir='ltr'><strong>MARONIS</strong></span> 
     </span>
     <span class='ocr_line' id='line_1_2' title="bbox 501 572 2757 680; baseline 0 -20"><span class='ocrx_word' id='word_1_5' title='bbox 501 599 696 675; x_wconf 73' lang='lat' dir='ltr'><strong>retati,</strong></span> <span class='ocrx_word' id='word_1_6' title='bbox 749 599 988 661; x_wconf 71' lang='lat' dir='ltr'><strong>Tum</strong></span> <span class='ocrx_word' id='word_1_7' title='bbox 1031 608 1089 656; x_wconf 80' lang='lat' dir='ltr'><strong>et</strong></span> <span class='ocrx_word' id='word_1_8' title='bbox 1131 600 1344 660; x_wconf 70' lang='lat' dir='ltr'><strong>Amata</strong></span> <span class='ocrx_word' id='word_1_9' title='bbox 1386 572 1589 678; x_wconf 47' lang='lat' dir='ltr'><strong>regem</strong></span> <span class='ocrx_word' id='word_1_10' title='bbox 1618 597 1897 661; x_wconf 73' lang='lat' dir='ltr'><strong>Latinum</strong></span> <span class='ocrx_word' id='word_1_11' title='bbox 1936 595 2015 656; x_wconf 65' lang='lat' dir='ltr'><strong>aa</strong></span> <span class='ocrx_word' id='word_1_12' title='bbox 2054 595 2277 658; x_wconf 65' lang='lat' dir='ltr'><strong>benum</strong></span> <span class='ocrx_word' id='word_1_13' title='bbox 2318 595 2757 680; x_wconf 68' lang='lat' dir='ltr'><strong>suscipiendum</strong></span> 
     </span>
    </p>
   </div>
   <div class='ocr_carea' id='block_1_2' title="bbox 502 682 2757 1022">
    <p class='ocr_par' dir='ltr' id='par_1_2' title="bbox 502 682 2757 1022">
     <span class='ocr_line' id='line_1_3' title="bbox 502 682 2757 767; baseline 0 -23"><span class='ocrx_word' id='word_1_14' title='bbox 502 687 889 767; x_wconf 83' lang='lat' dir='ltr'><strong>iniuriamque</strong></span> <span class='ocrx_word' id='word_1_15' title='bbox 929 703 1111 742; x_wconf 82' lang='lat' dir='ltr'><strong>manu</strong></span> <span class='ocrx_word' id='word_1_16' title='bbox 1152 682 1565 744; x_wconf 81' lang='lat' dir='ltr'><strong>vindicandam</strong></span> <span class='ocrx_word' id='word_1_17' title='bbox 1602 685 1975 744; x_wconf 70' lang='lat' dir='ltr'><strong>exstimulant</strong></span> <span class='ocrx_word' id='word_1_18' title='bbox 2000 716 2091 728; x_wconf 89' lang='lat'>—</span> <span class='ocrx_word' id='word_1_19' title='bbox 2116 683 2265 748; x_wconf 83' lang='lat'><strong>590.</strong></span> <span class='ocrx_word' id='word_1_20' title='bbox 2365 686 2584 744; x_wconf 82' lang='lat' dir='ltr'><strong>Verum</strong></span> <span class='ocrx_word' id='word_1_21' title='bbox 2614 706 2757 745; x_wconf 86' lang='lat' dir='ltr'><strong>cum</strong></span> 
     </span>
     <span class='ocr_line' id='line_1_4' title="bbox 504 769 2755 849; baseline 0 -19"><span class='ocrx_word' id='word_1_22' title='bbox 504 773 602 832; x_wconf 88' lang='lat' dir='ltr'><strong>ille</strong></span> <span class='ocrx_word' id='word_1_23' title='bbox 616 816 635 847; x_wconf 93' lang='lat'><strong>,</strong></span> <span class='ocrx_word' id='word_1_24' title='bbox 680 782 736 830; x_wconf 88' lang='lat' dir='ltr'><strong>et</strong></span> <span class='ocrx_word' id='word_1_25' title='bbox 763 771 1016 830; x_wconf 85' lang='lat' dir='ltr'><strong>fatorum</strong></span> <span class='ocrx_word' id='word_1_26' title='bbox 1044 780 1103 826; x_wconf 86' lang='lat' dir='ltr'><strong>et</strong></span> <span class='ocrx_word' id='word_1_27' title='bbox 1130 769 1374 828; x_wconf 79' lang='lat' dir='ltr'><strong>foederis</strong></span> <span class='ocrx_word' id='word_1_28' title='bbox 1401 787 1590 849; x_wconf 83' lang='lat' dir='ltr'>nuper</span> <span class='ocrx_word' id='word_1_29' title='bbox 1616 786 1756 827; x_wconf 88' lang='lat' dir='ltr'><strong>cuin</strong></span> <span class='ocrx_word' id='word_1_30' title='bbox 1782 770 2051 828; x_wconf 75' lang='lat' dir='ltr'><strong>Troianis</strong></span> <span class='ocrx_word' id='word_1_31' title='bbox 2079 771 2209 827; x_wconf 86' lang='lat' dir='ltr'><strong>initi</strong></span> <span class='ocrx_word' id='word_1_32' title='bbox 2236 789 2496 846; x_wconf 76' lang='lat' dir='ltr'><strong>memor,</strong></span> <span class='ocrx_word' id='word_1_33' title='bbox 2540 770 2755 832; x_wconf 86' lang='lat' dir='ltr'><strong>adduci</strong></span> 
     </span>
     <span class='ocr_line' id='line_1_5' title="bbox 503 853 2755 938; baseline 0 -22"><span class='ocrx_word' id='word_1_34' title='bbox 503 875 626 917; x_wconf 87' lang='lat' dir='ltr'><strong>non</strong></span> <span class='ocrx_word' id='word_1_35' title='bbox 671 866 896 937; x_wconf 84' lang='lat' dir='ltr'><strong>posset,</strong></span> <span class='ocrx_word' id='word_1_36' title='bbox 955 864 1022 912; x_wconf 90' lang='lat' dir='ltr'><strong>ut</strong></span> <span class='ocrx_word' id='word_1_37' title='bbox 1059 855 1170 914; x_wconf 87' lang='lat' dir='ltr'><strong>illis</strong></span> <span class='ocrx_word' id='word_1_38' title='bbox 1216 856 1438 914; x_wconf 85' lang='lat' dir='ltr'><strong>bellum</strong></span> <span class='ocrx_word' id='word_1_39' title='bbox 1475 853 1793 929; x_wconf 73' lang='lat' dir='ltr'>indiceret,</span> <span class='ocrx_word' id='word_1_40' title='bbox 1834 856 1983 914; x_wconf 81' lang='lat' dir='ltr'><strong>Iuno</strong></span> <span class='ocrx_word' id='word_1_41' title='bbox 2026 857 2153 935; x_wconf 81' lang='lat' dir='ltr'><strong>ipsa</strong></span> <span class='ocrx_word' id='word_1_42' title='bbox 2196 855 2333 914; x_wconf 88' lang='lat' dir='ltr'><strong>belli</strong></span> <span class='ocrx_word' id='word_1_43' title='bbox 2370 867 2565 936; x_wconf 84' lang='lat' dir='ltr'><strong>portas</strong></span> <span class='ocrx_word' id='word_1_44' title='bbox 2608 877 2755 938; x_wconf 83' lang='lat' dir='ltr'><strong>ape-</strong></span> 
     </span>
     <span class='ocr_line' id='line_1_6' title="bbox 505 939 2757 1022; baseline 0 -20"><span class='ocrx_word' id='word_1_45' title='bbox 505 945 621 1002; x_wconf 85' lang='lat' dir='ltr'><strong>ruit</strong></span> <span class='ocrx_word' id='word_1_46' title='bbox 643 973 730 988; x_wconf 89' lang='lat'><strong>-—</strong></span> <span class='ocrx_word' id='word_1_47' title='bbox 759 945 905 1008; x_wconf 79' lang='lat'><strong>622.</strong></span> <span class='ocrx_word' id='word_1_48' title='bbox 1027 941 1224 1003; x_wconf 79' lang='lat' dir='ltr'><strong>Turni</strong></span> <span class='ocrx_word' id='word_1_49' title='bbox 1267 943 1521 1020; x_wconf 84' lang='lat' dir='ltr'><strong>auspicio</strong></span> <span class='ocrx_word' id='word_1_50' title='bbox 1579 939 1655 1000; x_wconf 88' lang='lat' dir='ltr'><strong>ad</strong></span> <span class='ocrx_word' id='word_1_51' title='bbox 1702 941 1923 1000; x_wconf 88' lang='lat' dir='ltr'><strong>bellum</strong></span> <span class='ocrx_word' id='word_1_52' title='bbox 1962 943 2220 1022; x_wconf 82' lang='lat' dir='ltr'><strong>sequitur</strong></span> <span class='ocrx_word' id='word_1_53' title='bbox 2257 943 2579 1004; x_wconf 70' lang='lat' dir='ltr'><strong>Mezentius</strong></span> <span class='ocrx_word' id='word_1_54' title='bbox 2632 961 2757 1002; x_wconf 74' lang='lat' dir='ltr'><strong>una</strong></span> 
     </span>
    </p>
   </div>
   <div class='ocr_carea' id='block_1_3' title="bbox 504 1024 1338 1092">
    <p class='ocr_par' dir='ltr' id='par_1_3' title="bbox 504 1024 1338 1092">
     <span class='ocr_line' id='line_1_7' title="bbox 504 1024 1338 1092; baseline 0.002 -4"><span class='ocrx_word' id='word_1_55' title='bbox 504 1047 646 1088; x_wconf 86' lang='lat' dir='ltr'><strong>cum</strong></span> <span class='ocrx_word' id='word_1_56' title='bbox 683 1030 876 1086; x_wconf 85' lang='lat' dir='ltr'><strong>Lauso</strong></span> <span class='ocrx_word' id='word_1_57' title='bbox 919 1024 1036 1084; x_wconf 88' lang='lat' dir='ltr'><strong>silio</strong></span> <span class='ocrx_word' id='word_1_58' title='bbox 1063 1057 1150 1068; x_wconf 91' lang='lat'>—</span> <span class='ocrx_word' id='word_1_59' title='bbox 1181 1027 1338 1092; x_wconf 81' lang='lat'>654·</span> 
     </span>
    </p>
   </div>
   <div class='ocr_carea' id='block_1_4' title="bbox 1404 1025 2758 1102">
    <p class='ocr_par' dir='ltr' id='par_1_4' title="bbox 1404 1025 2758 1102">
     <span class='ocr_line' id='line_1_8' title="bbox 1404 1025 2758 1102; baseline 0.004 -18"><span class='ocrx_word' id='word_1_60' title='bbox 1404 1029 1549 1086; x_wconf 88' lang='lat' dir='ltr'><strong>item</strong></span> <span class='ocrx_word' id='word_1_61' title='bbox 1592 1027 1943 1102; x_wconf 80' lang='lat' dir='ltr'><strong>Aventinus,</strong></span> <span class='ocrx_word' id='word_1_62' title='bbox 2000 1027 2265 1084; x_wconf 72' lang='lat' dir='ltr'><strong>Herculis</strong></span> <span class='ocrx_word' id='word_1_63' title='bbox 2308 1046 2386 1086; x_wconf 82' lang='lat' dir='ltr'><strong>ex</strong></span> <span class='ocrx_word' id='word_1_64' title='bbox 2413 1025 2575 1088; x_wconf 83' lang='lat' dir='ltr'><strong>Rhea</strong></span> <span class='ocrx_word' id='word_1_65' title='bbox 2602 1027 2758 1089; x_wconf 78' lang='lat' dir='ltr'><strong>filius</strong></span> 
     </span>
    </p>
   </div>
   <div class='ocr_carea' id='block_1_5' title="bbox 507 1111 2757 1187">
    <p class='ocr_par' dir='ltr' id='par_1_5' title="bbox 507 1111 2757 1187">
     <span class='ocr_line' id='line_1_9' title="bbox 507 1111 2757 1187; baseline -0.002 -15"><span class='ocrx_word' id='word_1_66' title='bbox 507 1115 669 1182; x_wconf 80' lang='lat'><strong>669:</strong></span> <span class='ocrx_word' id='word_1_67' title='bbox 730 1111 964 1172; x_wconf 81' lang='lat' dir='ltr'>Catillus</span> <span class='ocrx_word' id='word_1_68' title='bbox 1007 1121 1066 1168; x_wconf 86' lang='lat' dir='ltr'><strong>et</strong></span> <span class='ocrx_word' id='word_1_69' title='bbox 1107 1111 1282 1170; x_wconf 86' lang='lat' dir='ltr'><strong>Coras</strong></span> <span class='ocrx_word' id='word_1_70' title='bbox 1330 1113 1658 1187; x_wconf 82' lang='lat' dir='ltr'><strong>Tiburtini,</strong></span> <span class='ocrx_word' id='word_1_71' title='bbox 1714 1111 1914 1175; x_wconf 75' lang='lat' dir='ltr'><strong>fratres</strong></span> <span class='ocrx_word' id='word_1_72' title='bbox 1940 1143 2029 1156; x_wconf 87' lang='lat'><strong>--</strong></span> <span class='ocrx_word' id='word_1_73' title='bbox 2056 1115 2216 1176; x_wconf 88' lang='grc'><strong>677·</strong></span> <span class='ocrx_word' id='word_1_74' title='bbox 2262 1111 2507 1172; x_wconf 79' lang='lat' dir='ltr'><strong>Camilla</strong></span> <span class='ocrx_word' id='word_1_75' title='bbox 2532 1134 2569 1170; x_wconf 79' lang='lat' dir='ltr'><strong>e</strong></span> <span class='ocrx_word' id='word_1_76' title='bbox 2609 1115 2757 1176; x_wconf 80' lang='lat' dir='ltr'><strong>Vol—</strong></span> 
     </span>
    </p>
   </div>
   <div class='ocr_carea' id='block_1_6' title="bbox 505 1195 2749 1368">
    <p class='ocr_par' dir='ltr' id='par_1_6' title="bbox 505 1195 2749 1368">
     <span class='ocr_line' id='line_1_10' title="bbox 505 1195 2749 1281; baseline -0.003 -21"><span class='ocrx_word' id='word_1_77' title='bbox 505 1217 740 1260; x_wconf 80' lang='lat' dir='ltr'><strong>scorum</strong></span> <span class='ocrx_word' id='word_1_78' title='bbox 765 1207 957 1278; x_wconf 87' lang='lat' dir='ltr'><strong>gente,</strong></span> <span class='ocrx_word' id='word_1_79' title='bbox 1009 1197 1222 1256; x_wconf 87' lang='lat' dir='ltr'><strong>mulier</strong></span> <span class='ocrx_word' id='word_1_80' title='bbox 1272 1198 1580 1258; x_wconf 81' lang='lat' dir='ltr'><strong>fortissima</strong></span> <span class='ocrx_word' id='word_1_81' title='bbox 1620 1197 1877 1274; x_wconf 83' lang='grc'>(803-</span> <span class='ocrx_word' id='word_1_82' title='bbox 1890 1199 2082 1276; x_wconf 79' lang='lat'>817)=</span> <span class='ocrx_word' id='word_1_83' title='bbox 2142 1195 2359 1278; x_wconf 85' lang='lat' dir='ltr'><strong>aliiqne</strong></span> <span class='ocrx_word' id='word_1_84' title='bbox 2386 1201 2749 1281; x_wconf 75' lang='lat' dir='ltr'><strong>complures:</strong></span> 
     </span>
     <span class='ocr_line' id='line_1_11' title="bbox 507 1280 2353 1368; baseline -0.002 -23"><span class='ocrx_word' id='word_1_85' title='bbox 507 1303 758 1368; x_wconf 87' lang='lat' dir='ltr'><strong>quorum</strong></span> <span class='ocrx_word' id='word_1_86' title='bbox 785 1301 1052 1343; x_wconf 73' lang='lat' dir='ltr'><strong>recensus</strong></span> <span class='ocrx_word' id='word_1_87' title='bbox 1079 1280 1219 1344; x_wconf 86' lang='lat' dir='ltr'><strong>inde</strong></span> <span class='ocrx_word' id='word_1_88' title='bbox 1253 1302 1287 1341; x_wconf 88' lang='lat' dir='ltr'><strong>a</strong></span> <span class='ocrx_word' id='word_1_89' title='bbox 1317 1305 1372 1344; x_wconf 83' lang='lat' dir='ltr'><strong>v.</strong></span> <span class='ocrx_word' id='word_1_90' title='bbox 1405 1288 1533 1350; x_wconf 81' lang='lat'><strong>678</strong></span> <span class='ocrx_word' id='word_1_91' title='bbox 1563 1281 1639 1342; x_wconf 86' lang='lat' dir='ltr'><strong>ad</strong></span> <span class='ocrx_word' id='word_1_92' title='bbox 1666 1283 1847 1342; x_wconf 85' lang='lat' dir='ltr'><strong>finem</strong></span> <span class='ocrx_word' id='word_1_93' title='bbox 1874 1283 2005 1344; x_wconf 83' lang='lat' dir='ltr'><strong>libri</strong></span> <span class='ocrx_word' id='word_1_94' title='bbox 2032 1281 2353 1344; x_wconf 80' lang='lat' dir='ltr'><strong>subiicitur.</strong></span> 
     </span>
    </p>
   </div>
   <div class='ocr_carea' id='block_1_7' title="bbox 1421 1477 1832 1490">
    <p class='ocr_par' dir='ltr' id='par_1_7' title="bbox 1421 1477 1832 1490">
     <span class='ocr_line' id='line_1_12' title="bbox 1421 1477 1832 1490; baseline 0 3560"><span class='ocrx_word' id='word_1_95' title='bbox 1421 1477 1832 1490; x_wconf 95' lang='lat' dir='ltr'><strong> </strong></span> 
     </span>
    </p>
   </div>
   <div class='ocr_carea' id='block_1_8' title="bbox 591 1621 1590 1699">
    <p class='ocr_par' dir='ltr' id='par_1_8' title="bbox 591 1621 1590 1699">
     <span class='ocr_line' id='line_1_13' title="bbox 591 1621 1590 1699; baseline -0.002 -15"><span class='ocrx_word' id='word_1_96' title='bbox 591 1621 892 1684; x_wconf 80' lang='lat' dir='ltr'><strong>Infinitum</strong></span> <span class='ocrx_word' id='word_1_97' title='bbox 920 1635 1100 1699; x_wconf 85' lang='lat' dir='ltr'><strong>esset,</strong></span> <span class='ocrx_word' id='word_1_98' title='bbox 1141 1627 1192 1684; x_wconf 88' lang='lat' dir='ltr'><strong>si</strong></span> <span class='ocrx_word' id='word_1_99' title='bbox 1221 1642 1590 1683; x_wconf 85' lang='lat' dir='ltr'><strong>commemo-</strong></span> 
     </span>
    </p>
   </div>
   <div class='ocr_carea' id='block_1_9' title="bbox 435 1707 1589 1785">
    <p class='ocr_par' dir='ltr' id='par_1_9' title="bbox 435 1707 1589 1785">
     <span class='ocr_line' id='line_1_14' title="bbox 435 1707 1589 1785; baseline -0.004 -15"><span class='ocrx_word' id='word_1_100' title='bbox 435 1751 438 1756; x_wconf 95' lang='grc'>-</span> <span class='ocrx_word' id='word_1_101' title='bbox 505 1727 634 1773; x_wconf 84' lang='lat' dir='ltr'><strong>rare</strong></span> <span class='ocrx_word' id='word_1_102' title='bbox 678 1712 910 1785; x_wconf 84' lang='grc'>01111110,</span> <span class='ocrx_word' id='word_1_103' title='bbox 953 1707 1176 1769; x_wconf 86' lang='lat' dir='ltr'><strong>diluere</strong></span> <span class='ocrx_word' id='word_1_104' title='bbox 1214 1729 1283 1770; x_wconf 88' lang='lat' dir='ltr'><strong>ac</strong></span> <span class='ocrx_word' id='word_1_105' title='bbox 1309 1707 1589 1784; x_wconf 86' lang='lat' dir='ltr'><strong>refellere,</strong></span> 
     </span>
    </p>
   </div>
   <div class='ocr_carea' id='block_1_10' title="bbox 506 1795 1601 4529">
    <p class='ocr_par' dir='ltr' id='par_1_10' title="bbox 506 1795 1600 3566">
     <span class='ocr_line' id='line_1_15' title="bbox 506 1795 1591 1876; baseline -0.001 -22"><span class='ocrx_word' id='word_1_106' title='bbox 506 1797 754 1870; x_wconf 80' lang='lat' dir='ltr'><strong>vellem,</strong></span> <span class='ocrx_word' id='word_1_107' title='bbox 801 1815 950 1876; x_wconf 82' lang='lat' dir='ltr'><strong>quae</strong></span> <span class='ocrx_word' id='word_1_108' title='bbox 976 1815 1150 1876; x_wconf 85' lang='lat' dir='ltr'><strong>super</strong></span> <span class='ocrx_word' id='word_1_109' title='bbox 1175 1815 1280 1854; x_wconf 84' lang='lat' dir='ltr'><strong>sex</strong></span> <span class='ocrx_word' id='word_1_110' title='bbox 1303 1795 1591 1876; x_wconf 85' lang='lat' dir='ltr'><strong>posterio-</strong></span> 
     </span>
     <span class='ocr_line' id='line_1_16' title="bbox 507 1878 1591 1942; baseline -0.002 -2"><span class='ocrx_word' id='word_1_111' title='bbox 507 1880 664 1940; x_wconf 84' lang='lat' dir='ltr'><strong>ribus</strong></span> <span class='ocrx_word' id='word_1_112' title='bbox 689 1879 962 1940; x_wconf 83' lang='lat' dir='ltr'><strong>Aeneidis</strong></span> <span class='ocrx_word' id='word_1_113' title='bbox 987 1883 1148 1940; x_wconf 82' lang='lat' dir='ltr'><strong>libris</strong></span> <span class='ocrx_word' id='word_1_114' title='bbox 1181 1901 1218 1939; x_wconf 84' lang='lat' dir='ltr'><strong>a</strong></span> <span class='ocrx_word' id='word_1_115' title='bbox 1243 1882 1377 1942; x_wconf 85' lang='lat' dir='ltr'><strong>viris</strong></span> <span class='ocrx_word' id='word_1_116' title='bbox 1405 1878 1591 1939; x_wconf 82' lang='lat' dir='ltr'><strong>doctis</strong></span> 
     </span>
     <span class='ocr_line' id='line_1_17' title="bbox 510 1964 1590 2068; baseline -0.002 -42"><span class='ocrx_word' id='word_1_117' title='bbox 510 1964 798 2068; x_wconf 78' lang='lat' dir='ltr'><strong>disputata</strong></span> <span class='ocrx_word' id='word_1_118' title='bbox 819 1977 976 2026; x_wconf 81' lang='lat' dir='ltr'><strong>sunt.</strong></span> <span class='ocrx_word' id='word_1_119' title='bbox 1063 1967 1227 2026; x_wconf 81' lang='lat' dir='ltr'><strong>Solet</strong></span> <span class='ocrx_word' id='word_1_120' title='bbox 1254 1967 1374 2024; x_wconf 83' lang='lat' dir='ltr'><strong>fere</strong></span> <span class='ocrx_word' id='word_1_121' title='bbox 1401 1985 1590 2024; x_wconf 88' lang='lat' dir='ltr'><strong>unus-</strong></span> 
     </span>
     <span class='ocr_line' id='line_1_18' title="bbox 509 2051 1593 2197; baseline 0 -1"><span class='ocrx_word' id='word_1_122' title='bbox 509 2054 768 2196; x_wconf 54' lang='lat' dir='ltr'><strong>3¹:³32ssss</strong></span> <span class='ocrx_word' id='word_1_123' title='bbox 818 2063 1124 2196; x_wconf 54' lang='grc' dir='ltr'><strong>Ὴὲἒὲἑῖ</strong></span> <span class='ocrx_word' id='word_1_124' title='bbox 1153 2051 1593 2197; x_wconf 47' lang='lat'><strong>0323&amp;</strong></span> 
     </span>
     <span class='ocr_line' id='line_1_19' title="bbox 507 2220 1593 2302; baseline -0.002 -20"><span class='ocrx_word' id='word_1_125' title='bbox 507 2242 616 2282; x_wconf 82' lang='lat' dir='ltr'><strong>sex</strong></span> <span class='ocrx_word' id='word_1_126' title='bbox 669 2223 958 2302; x_wconf 78' lang='lat' dir='ltr'><strong>prioribus</strong></span> <span class='ocrx_word' id='word_1_127' title='bbox 1000 2223 1349 2287; x_wconf 83' lang='lat' dir='ltr'><strong>inventionis</strong></span> <span class='ocrx_word' id='word_1_128' title='bbox 1399 2220 1593 2298; x_wconf 87' lang='lat' dir='ltr'><strong>laude,</strong></span> 
     </span>
     <span class='ocr_line' id='line_1_20' title="bbox 509 2308 1597 2388; baseline 0.003 -23"><span class='ocrx_word' id='word_1_129' title='bbox 509 2308 714 2388; x_wconf 84' lang='lat' dir='ltr'><strong>spiritu</strong></span> <span class='ocrx_word' id='word_1_130' title='bbox 747 2309 978 2388; x_wconf 85' lang='lat' dir='ltr'><strong>poetico</strong></span> <span class='ocrx_word' id='word_1_131' title='bbox 1019 2320 1080 2368; x_wconf 90' lang='lat' dir='ltr'><strong>et</strong></span> <span class='ocrx_word' id='word_1_132' title='bbox 1117 2321 1597 2368; x_wconf 68' lang='lat' dir='ltr'><strong>ornamentorum</strong></span> 
     </span>
     <span class='ocr_line' id='line_1_21' title="bbox 511 2394 1593 2480; baseline 0.003 -29"><span class='ocrx_word' id='word_1_133' title='bbox 511 2395 678 2472; x_wconf 88' lang='lat' dir='ltr'><strong>copia</strong></span> <span class='ocrx_word' id='word_1_134' title='bbox 707 2411 774 2452; x_wconf 85' lang='grc'><strong>00</strong></span> <span class='ocrx_word' id='word_1_135' title='bbox 801 2394 1111 2454; x_wconf 80' lang='lat' dir='ltr'><strong>varietate:</strong></span> <span class='ocrx_word' id='word_1_136' title='bbox 1179 2396 1378 2480; x_wconf 79' lang='lat' dir='ltr'><strong>itaque</strong></span> <span class='ocrx_word' id='word_1_137' title='bbox 1402 2395 1593 2454; x_wconf 88' lang='lat' dir='ltr'><strong>multo</strong></span> 
     </span>
     <span class='ocr_line' id='line_1_22' title="bbox 507 2480 1600 2562; baseline 0.003 -25"><span class='ocrx_word' id='word_1_138' title='bbox 507 2480 800 2548; x_wconf 78' lang='lat' dir='ltr'><strong>minorem</strong></span> <span class='ocrx_word' id='word_1_139' title='bbox 839 2480 1204 2562; x_wconf 74' lang='lat' dir='ltr'><strong>voluptatem</strong></span> <span class='ocrx_word' id='word_1_140' title='bbox 1242 2500 1340 2541; x_wconf 82' lang='lat' dir='ltr'><strong>eos</strong></span> <span class='ocrx_word' id='word_1_141' title='bbox 1385 2482 1600 2561; x_wconf 78' lang='lat' dir='ltr'><strong>legen-</strong></span> 
     </span>
     <span class='ocr_line' id='line_1_23' title="bbox 509 2564 1599 2641; baseline 0.003 -18"><span class='ocrx_word' id='word_1_142' title='bbox 509 2566 664 2625; x_wconf 86' lang='lat' dir='ltr'><strong>tibus</strong></span> <span class='ocrx_word' id='word_1_143' title='bbox 721 2564 927 2627; x_wconf 79' lang='lat' dir='ltr'><strong>afferre</strong></span> <span class='ocrx_word' id='word_1_144' title='bbox 946 2608 962 2641; x_wconf 93' lang='lat'><strong>,</strong></span> <span class='ocrx_word' id='word_1_145' title='bbox 1051 2568 1272 2626; x_wconf 82' lang='lat' dir='ltr'><strong>remitti</strong></span> <span class='ocrx_word' id='word_1_146' title='bbox 1327 2568 1599 2626; x_wconf 87' lang='lat' dir='ltr'><strong>animum</strong></span> 
     </span>
     <span class='ocr_line' id='line_1_24' title="bbox 510 2649 1596 2735; baseline 0.004 -26"><span class='ocrx_word' id='word_1_147' title='bbox 510 2660 572 2709; x_wconf 87' lang='lat' dir='ltr'><strong>et</strong></span> <span class='ocrx_word' id='word_1_148' title='bbox 625 2652 733 2709; x_wconf 77' lang='lat' dir='ltr'><strong>vix</strong></span> <span class='ocrx_word' id='word_1_149' title='bbox 782 2649 1052 2731; x_wconf 84' lang='lat' dir='ltr'><strong>episodiis</strong></span> <span class='ocrx_word' id='word_1_150' title='bbox 1095 2654 1318 2735; x_wconf 78' lang='lat' dir='ltr'><strong>aliquot</strong></span> <span class='ocrx_word' id='word_1_151' title='bbox 1369 2651 1596 2713; x_wconf 87' lang='lat' dir='ltr'><strong>idoneis</strong></span> 
     </span>
     <span class='ocr_line' id='line_1_25' title="bbox 511 2734 1595 2818; baseline 0.006 -25"><span class='ocrx_word' id='word_1_152' title='bbox 511 2734 754 2804; x_wconf 74' lang='lat' dir='ltr'><strong>excitari</strong></span> <span class='ocrx_word' id='word_1_153' title='bbox 793 2756 863 2796; x_wconf 86' lang='lat' dir='ltr'><strong>ac</strong></span> <span class='ocrx_word' id='word_1_154' title='bbox 905 2737 1188 2818; x_wconf 74' lang='lat' dir='ltr'><strong>languore</strong></span> <span class='ocrx_word' id='word_1_155' title='bbox 1211 2740 1466 2810; x_wconf 60' lang='lat' dir='ltr'><strong>absterso</strong></span> <span class='ocrx_word' id='word_1_156' title='bbox 1495 2759 1595 2799; x_wconf 87' lang='lat' dir='ltr'><strong>re·-</strong></span> 
     </span>
     <span class='ocr_line' id='line_1_26' title="bbox 507 2822 1593 2901; baseline 0.006 -20"><span class='ocrx_word' id='word_1_157' title='bbox 507 2822 726 2899; x_wconf 80' lang='lat' dir='ltr'><strong>creari3</strong></span> <span class='ocrx_word' id='word_1_158' title='bbox 765 2840 875 2882; x_wconf 86' lang='lat' dir='ltr'><strong>nec</strong></span> <span class='ocrx_word' id='word_1_159' title='bbox 901 2825 1122 2883; x_wconf 85' lang='lat' dir='ltr'><strong>mirum</strong></span> <span class='ocrx_word' id='word_1_160' title='bbox 1148 2841 1304 2901; x_wconf 87' lang='lat' dir='ltr'><strong>esse,</strong></span> <span class='ocrx_word' id='word_1_161' title='bbox 1349 2828 1398 2884; x_wconf 89' lang='lat' dir='ltr'><strong>si</strong></span> <span class='ocrx_word' id='word_1_162' title='bbox 1445 2823 1593 2887; x_wconf 84' lang='lat' dir='ltr'><strong>haec</strong></span> 
     </span>
     <span class='ocr_line' id='line_1_27' title="bbox 507 2906 1593 2971; baseline 0.002 -4"><span class='ocrx_word' id='word_1_163' title='bbox 507 2908 594 2967; x_wconf 88' lang='lat' dir='ltr'><strong>ita</strong></span> <span class='ocrx_word' id='word_1_164' title='bbox 643 2926 710 2968; x_wconf 84' lang='lat' dir='ltr'><strong>se</strong></span> <span class='ocrx_word' id='word_1_165' title='bbox 763 2906 1050 2970; x_wconf 80' lang='lat' dir='ltr'><strong>habeant·</strong></span> <span class='ocrx_word' id='word_1_166' title='bbox 1032 2952 1050 2970; x_wconf 91' lang='lat'><strong>.</strong></span> <span class='ocrx_word' id='word_1_167' title='bbox 1123 2930 1268 2971; x_wconf 86' lang='lat' dir='ltr'><strong>cum</strong></span> <span class='ocrx_word' id='word_1_168' title='bbox 1323 2912 1593 2969; x_wconf 78' lang='lat' dir='ltr'><strong>ultimam</strong></span> 
     </span>
     <span class='ocr_line' id='line_1_28' title="bbox 508 2994 1595 3072; baseline 0 -21"><span class='ocrx_word' id='word_1_169' title='bbox 508 3012 756 3053; x_wconf 85' lang='lat' dir='ltr'><strong>manum</strong></span> <span class='ocrx_word' id='word_1_170' title='bbox 773 3006 984 3072; x_wconf 83' lang='lat' dir='ltr'><strong>poetae</strong></span> <span class='ocrx_word' id='word_1_171' title='bbox 1011 2997 1256 3055; x_wconf 75' lang='lat' dir='ltr'><strong>carmini</strong></span> <span class='ocrx_word' id='word_1_172' title='bbox 1279 2994 1468 3053; x_wconf 85' lang='lat' dir='ltr'><strong>fatum</strong></span> <span class='ocrx_word' id='word_1_173' title='bbox 1495 2996 1595 3051; x_wconf 89' lang='lat' dir='ltr'><strong>in-</strong></span> 
     </span>
     <span class='ocr_line' id='line_1_29' title="bbox 509 3076 1594 3147; baseline -0.001 -11"><span class='ocrx_word' id='word_1_174' title='bbox 509 3076 745 3146; x_wconf 56' lang='lat' dir='ltr'><strong>viderit,</strong></span> <span class='ocrx_word' id='word_1_175' title='bbox 825 3078 998 3147; x_wconf 70' lang='lat' dir='ltr'><strong>Quod</strong></span> <span class='ocrx_word' id='word_1_176' title='bbox 1025 3100 1101 3140; x_wconf 87' lang='lat' dir='ltr'><strong>iie</strong></span> <span class='ocrx_word' id='word_1_177' title='bbox 1128 3081 1336 3140; x_wconf 80' lang='lat' dir='ltr'><strong>frustra</strong></span> <span class='ocrx_word' id='word_1_178' title='bbox 1365 3098 1399 3137; x_wconf 87' lang='lat' dir='ltr'><strong>a</strong></span> <span class='ocrx_word' id='word_1_179' title='bbox 1426 3088 1594 3137; x_wconf 79' lang='lat' dir='ltr'><strong>vete-</strong></span> 
     </span>
     <span class='ocr_line' id='line_1_30' title="bbox 511 3158 1597 3240; baseline -0.002 -19"><span class='ocrx_word' id='word_1_180' title='bbox 511 3162 669 3221; x_wconf 83' lang='lat' dir='ltr'><strong>ribus</strong></span> <span class='ocrx_word' id='word_1_181' title='bbox 709 3158 992 3223; x_wconf 83' lang='lat' dir='ltr'><strong>traditum</strong></span> <span class='ocrx_word' id='word_1_182' title='bbox 1043 3177 1222 3240; x_wconf 83' lang='lat' dir='ltr'><strong>esset,</strong></span> <span class='ocrx_word' id='word_1_183' title='bbox 1269 3166 1390 3227; x_wconf 83' lang='lat' dir='ltr'><strong>viri</strong></span> <span class='ocrx_word' id='word_1_184' title='bbox 1435 3161 1597 3223; x_wconf 82' lang='lat' dir='ltr'><strong>docti</strong></span> 
     </span>
     <span class='ocr_line' id='line_1_31' title="bbox 511 3246 1599 3330; baseline 0.001 -25"><span class='ocrx_word' id='word_1_185' title='bbox 511 3248 1046 3325; x_wconf 58' lang='lat' dir='ltr'><strong>circumspexerunt</strong></span> <span class='ocrx_word' id='word_1_186' title='bbox 1086 3248 1314 3309; x_wconf 82' lang='lat' dir='ltr'><strong>solliciti</strong></span> <span class='ocrx_word' id='word_1_187' title='bbox 1329 3294 1346 3323; x_wconf 94' lang='lat'><strong>‚</strong></span> <span class='ocrx_word' id='word_1_188' title='bbox 1419 3246 1599 3330; x_wconf 83' lang='lat' dir='ltr'><strong>quid-</strong></span> 
     </span>
     <span class='ocr_line' id='line_1_32' title="bbox 513 3330 1597 3414; baseline 0.002 -25"><span class='ocrx_word' id='word_1_189' title='bbox 513 3350 656 3389; x_wconf 84' lang='lat' dir='ltr'><strong>nam</strong></span> <span class='ocrx_word' id='word_1_190' title='bbox 681 3330 829 3391; x_wconf 86' lang='lat' dir='ltr'><strong>illud</strong></span> <span class='ocrx_word' id='word_1_191' title='bbox 857 3342 1004 3391; x_wconf 88' lang='lat' dir='ltr'><strong>esset</strong></span> <span class='ocrx_word' id='word_1_192' title='bbox 1019 3376 1036 3407; x_wconf 93' lang='lat'><strong>,</strong></span> <span class='ocrx_word' id='word_1_193' title='bbox 1065 3333 1226 3414; x_wconf 87' lang='lat' dir='ltr'><strong>quod</strong></span> <span class='ocrx_word' id='word_1_194' title='bbox 1253 3331 1597 3393; x_wconf 85' lang='lat' dir='ltr'><strong>inchoatum</strong></span> 
     </span>
     <span class='ocr_line' id='line_1_33' title="bbox 512 3417 1597 3494; baseline 0.003 -19"><span class='ocrx_word' id='word_1_195' title='bbox 512 3426 746 3475; x_wconf 85' lang='lat' dir='ltr'><strong>tantuin</strong></span> <span class='ocrx_word' id='word_1_196' title='bbox 760 3461 777 3491; x_wconf 96' lang='lat'><strong>,</strong></span> <span class='ocrx_word' id='word_1_197' title='bbox 833 3436 955 3477; x_wconf 86' lang='lat' dir='ltr'><strong>non</strong></span> <span class='ocrx_word' id='word_1_198' title='bbox 997 3418 1358 3494; x_wconf 82' lang='lat' dir='ltr'><strong>absolutum,</strong></span> <span class='ocrx_word' id='word_1_199' title='bbox 1401 3422 1466 3478; x_wconf 88' lang='lat' dir='ltr'><strong>in</strong></span> <span class='ocrx_word' id='word_1_200' title='bbox 1505 3417 1597 3478; x_wconf 90' lang='lat' dir='ltr'><strong>his</strong></span> 
     </span>
     <span class='ocr_line' id='line_1_34' title="bbox 513 3500 1156 3566; baseline 0.002 -6"><span class='ocrx_word' id='word_1_201' title='bbox 513 3502 672 3563; x_wconf 84' lang='lat' dir='ltr'><strong>libris</strong></span> <span class='ocrx_word' id='word_1_202' title='bbox 699 3500 1036 3566; x_wconf 72' lang='lat' dir='ltr'><strong>habendum</strong></span> <span class='ocrx_word' id='word_1_203' title='bbox 1062 3504 1156 3563; x_wconf 81' lang='lat' dir='ltr'><strong>sit.</strong></span> 
     </span>
    </p>

    <p class='ocr_par' dir='ltr' id='par_1_11' title="bbox 515 3575 1601 4529">
     <span class='ocr_line' id='line_1_35' title="bbox 599 3575 1597 3665; baseline 0.006 -22"><span class='ocrx_word' id='word_1_204' title='bbox 599 3588 697 3644; x_wconf 80' lang='lat' dir='ltr'><strong>Me</strong></span> <span class='ocrx_word' id='word_1_205' title='bbox 725 3575 1169 3647; x_wconf 71' lang='lat' dir='ltr'><strong>dissimillimum</strong></span> <span class='ocrx_word' id='word_1_206' title='bbox 1211 3606 1332 3647; x_wconf 87' lang='lat' dir='ltr'><strong>esse</strong></span> <span class='ocrx_word' id='word_1_207' title='bbox 1372 3607 1597 3665; x_wconf 89' lang='lat' dir='ltr'><strong>eorum,</strong></span> 
     </span>
     <span class='ocr_line' id='line_1_36' title="bbox 515 3672 1601 3753; baseline 0.004 -24"><span class='ocrx_word' id='word_1_208' title='bbox 515 3672 621 3752; x_wconf 84' lang='grc' dir='ltr'><strong>01ιί</strong></span> <span class='ocrx_word' id='word_1_209' title='bbox 646 3688 818 3731; x_wconf 69' lang='lat' dir='ltr'><strong>caeca</strong></span> <span class='ocrx_word' id='word_1_210' title='bbox 836 3675 1060 3753; x_wconf 77' lang='lat' dir='ltr'><strong>Virgilii</strong></span> <span class='ocrx_word' id='word_1_211' title='bbox 1088 3672 1468 3733; x_wconf 80' lang='lat' dir='ltr'><strong>admiratione</strong></span> <span class='ocrx_word' id='word_1_212' title='bbox 1497 3694 1601 3733; x_wconf 83' lang='lat' dir='ltr'><strong>ca-</strong></span> 
     </span>
     <span class='ocr_line' id='line_1_37' title="bbox 515 3758 1601 3840; baseline 0.003 -25"><span class='ocrx_word' id='word_1_213' title='bbox 515 3758 603 3836; x_wconf 86' lang='lat' dir='ltr'><strong>pti</strong></span> <span class='ocrx_word' id='word_1_214' title='bbox 625 3758 776 3817; x_wconf 80' lang='lat' dir='ltr'><strong>sint:</strong></span> <span class='ocrx_word' id='word_1_215' title='bbox 805 3768 912 3835; x_wconf 86' lang='lat' dir='ltr'><strong>tot,</strong></span> <span class='ocrx_word' id='word_1_216' title='bbox 939 3770 1102 3840; x_wconf 87' lang='lat' dir='ltr'><strong>puto,</strong></span> <span class='ocrx_word' id='word_1_217' title='bbox 1129 3762 1270 3819; x_wconf 85' lang='lat' dir='ltr'><strong>locis</strong></span> <span class='ocrx_word' id='word_1_218' title='bbox 1299 3779 1332 3818; x_wconf 89' lang='lat' dir='ltr'><strong>a</strong></span> <span class='ocrx_word' id='word_1_219' title='bbox 1359 3778 1459 3818; x_wconf 87' lang='lat' dir='ltr'><strong>ine</strong></span> <span class='ocrx_word' id='word_1_220' title='bbox 1491 3758 1601 3818; x_wconf 83' lang='lat' dir='ltr'><strong>de·-</strong></span> 
     </span>
     <span class='ocr_line' id='line_1_38' title="bbox 517 3842 1601 3919; baseline 0.004 -18"><span class='ocrx_word' id='word_1_221' title='bbox 517 3842 802 3902; x_wconf 78' lang='lat' dir='ltr'><strong>claraunn</strong></span> <span class='ocrx_word' id='word_1_222' title='bbox 846 3856 962 3919; x_wconf 87' lang='lat' dir='ltr'><strong>est,</strong></span> <span class='ocrx_word' id='word_1_223' title='bbox 1039 3857 1106 3905; x_wconf 88' lang='lat' dir='ltr'><strong>ut</strong></span> <span class='ocrx_word' id='word_1_224' title='bbox 1144 3848 1208 3905; x_wconf 84' lang='lat' dir='ltr'><strong>iii</strong></span> <span class='ocrx_word' id='word_1_225' title='bbox 1249 3847 1601 3905; x_wconf 83' lang='lat' dir='ltr'><strong>contrariam</strong></span> 
     </span>
     <span class='ocr_line' id='line_1_39' title="bbox 517 3890 1600 4011; baseline 0.006 -26"><span class='ocrx_word' id='word_1_226' title='bbox 517 3924 666 3987; x_wconf 78' lang='lat' dir='ltr'><strong>adeo</strong></span> <span class='ocrx_word' id='word_1_227' title='bbox 749 3890 1260 4011; x_wconf 67' lang='lat' dir='ltr'><strong>repreliensionem</strong></span> <span class='ocrx_word' id='word_1_228' title='bbox 1343 3930 1600 3991; x_wconf 85' lang='lat' dir='ltr'><strong>incidere</strong></span> 
     </span>
     <span class='ocr_line' id='line_1_40' title="bbox 517 4012 1598 4099; baseline 0.006 -27"><span class='ocrx_word' id='word_1_229' title='bbox 517 4012 840 4075; x_wconf 84' lang='lat' dir='ltr'><strong>multorum</strong></span> <span class='ocrx_word' id='word_1_230' title='bbox 877 4014 1096 4084; x_wconf 78' lang='lat' dir='ltr'><strong>iudicio</strong></span> <span class='ocrx_word' id='word_1_231' title='bbox 1133 4018 1320 4077; x_wconf 81' lang='lat' dir='ltr'><strong>videri</strong></span> <span class='ocrx_word' id='word_1_232' title='bbox 1360 4020 1598 4099; x_wconf 81' lang='lat' dir='ltr'><strong>possim.</strong></span> 
     </span>
     <span class='ocr_line' id='line_1_41' title="bbox 519 4098 1599 4185; baseline 0.002 -24"><span class='ocrx_word' id='word_1_233' title='bbox 519 4098 699 4161; x_wconf 73' lang='grc'>0111111</span> <span class='ocrx_word' id='word_1_234' title='bbox 738 4100 928 4180; x_wconf 68' lang='lat' dir='ltr'><strong>*lg-itur</strong></span> <span class='ocrx_word' id='word_1_235' title='bbox 955 4100 1269 4185; x_wconf 76' lang='lat' dir='ltr'><strong>cupiditate</strong></span> <span class='ocrx_word' id='word_1_236' title='bbox 1309 4124 1378 4162; x_wconf 88' lang='lat' dir='ltr'><strong>ac</strong></span> <span class='ocrx_word' id='word_1_237' title='bbox 1405 4102 1599 4165; x_wconf 75' lang='lat' dir='ltr'><strong>suidio</strong></span> 
     </span>
     <span class='ocr_line' id='line_1_42' title="bbox 515 4186 1600 4268; baseline 0.006 -25"><span class='ocrx_word' id='word_1_238' title='bbox 515 4186 582 4243; x_wconf 82' lang='lat' dir='ltr'><strong>in</strong></span> <span class='ocrx_word' id='word_1_239' title='bbox 609 4196 848 4267; x_wconf 79' lang='lat' dir='ltr'><strong>poetam</strong></span> <span class='ocrx_word' id='word_1_240' title='bbox 887 4186 1147 4268; x_wconf 74' lang='lat' dir='ltr'><strong>deposito</strong></span> <span class='ocrx_word' id='word_1_241' title='bbox 1165 4231 1186 4265; x_wconf 84' lang='lat'>‚</span> <span class='ocrx_word' id='word_1_242' title='bbox 1229 4200 1428 4249; x_wconf 88' lang='lat' dir='ltr'><strong>tamen</strong></span> <span class='ocrx_word' id='word_1_243' title='bbox 1467 4191 1600 4249; x_wconf 87' lang='lat' dir='ltr'><strong>iure</strong></span> 
     </span>
     <span class='ocr_line' id='line_1_43' title="bbox 517 4270 1599 4353; baseline 0.006 -24"><span class='ocrx_word' id='word_1_244' title='bbox 517 4286 656 4331; x_wconf 82' lang='lat' dir='ltr'><strong>mec</strong></span> <span class='ocrx_word' id='word_1_245' title='bbox 683 4270 910 4333; x_wconf 83' lang='lat' dir='ltr'><strong>mehoc</strong></span> <span class='ocrx_word' id='word_1_246' title='bbox 933 4277 1310 4353; x_wconf 73' lang='lat' dir='ltr'><strong>pronuntiare</strong></span> <span class='ocrx_word' id='word_1_247' title='bbox 1335 4276 1599 4353; x_wconf 67' lang='lat' dir='ltr'><strong>«ibium,</strong></span> 
     </span>
     <span class='ocr_line' id='line_1_44' title="bbox 519 4354 1597 4443; baseline 0.007 -29"><span class='ocrx_word' id='word_1_248' title='bbox 519 4356 584 4413; x_wconf 87' lang='lat' dir='ltr'><strong>in</strong></span> <span class='ocrx_word' id='word_1_249' title='bbox 611 4354 702 4417; x_wconf 83' lang='lat' dir='ltr'><strong>his</strong></span> <span class='ocrx_word' id='word_1_250' title='bbox 728 4362 1186 4437; x_wconf 78' lang='lat' dir='ltr'><strong>argutationibus</strong></span> <span class='ocrx_word' id='word_1_251' title='bbox 1223 4369 1414 4443; x_wconf 80' lang='lat' dir='ltr'><strong>pauca</strong></span> <span class='ocrx_word' id='word_1_252' title='bbox 1440 4380 1597 4440; x_wconf 57' lang='lat' dir='ltr'><strong>esse,</strong></span> 
     </span>
     <span class='ocr_line' id='line_1_45' title="bbox 525 4445 1599 4529; baseline 0 -22"><span class='ocrx_word' id='word_1_253' title='bbox 525 4458 676 4523; x_wconf 69' lang='lat' dir='ltr'><strong>quae</strong></span> <span class='ocrx_word' id='word_1_254' title='bbox 711 4446 838 4507; x_wconf 77' lang='lat' dir='ltr'><strong>viro</strong></span> <span class='ocrx_word' id='word_1_255' title='bbox 879 4445 1226 4527; x_wconf 76' lang='lat' dir='ltr'><strong>intelligenti</strong></span> <span class='ocrx_word' id='word_1_256' title='bbox 1263 4468 1326 4509; x_wconf 87' lang='lat' dir='ltr'><strong>se</strong></span> <span class='ocrx_word' id='word_1_257' title='bbox 1353 4448 1599 4529; x_wconf 80' lang='lat' dir='ltr'><strong>probare</strong></span> 
     </span>
    </p>
   </div>
   <div class='ocr_carea' id='block_1_11' title="bbox 1670 1621 2770 4532">
    <p class='ocr_par' dir='ltr' id='par_1_12' title="bbox 1670 1621 2761 2454">
     <span class='ocr_line' id='line_1_46' title="bbox 1674 1621 2755 1703; baseline 0.002 -25"><span class='ocrx_word' id='word_1_258' title='bbox 1674 1621 1913 1701; x_wconf 84' lang='lat' dir='ltr'><strong>possint.</strong></span> <span class='ocrx_word' id='word_1_259' title='bbox 1995 1621 2164 1680; x_wconf 80' lang='lat' dir='ltr'><strong>Adeo</strong></span> <span class='ocrx_word' id='word_1_260' title='bbox 2196 1636 2232 1680; x_wconf 82' lang='lat' dir='ltr'><strong>a</strong></span> <span class='ocrx_word' id='word_1_261' title='bbox 2258 1634 2465 1703; x_wconf 85' lang='lat' dir='ltr'><strong>poetae</strong></span> <span class='ocrx_word' id='word_1_262' title='bbox 2494 1623 2755 1698; x_wconf 85' lang='lat' dir='ltr'><strong>consilio,</strong></span> 
     </span>
     <span class='ocr_line' id='line_1_47' title="bbox 1673 1707 2755 1786; baseline 0.003 -21"><span class='ocrx_word' id='word_1_263' title='bbox 1673 1707 1945 1766; x_wconf 74' lang='lat' dir='ltr'><strong>carminis</strong></span> <span class='ocrx_word' id='word_1_264' title='bbox 1970 1719 2337 1786; x_wconf 80' lang='lat' dir='ltr'><strong>argumento,</strong></span> <span class='ocrx_word' id='word_1_265' title='bbox 2366 1707 2637 1768; x_wconf 73' lang='lat' dir='ltr'><strong>heroicae</strong></span> <span class='ocrx_word' id='word_1_266' title='bbox 2662 1710 2755 1768; x_wconf 82' lang='lat' dir='ltr'><strong>vi-</strong></span> 
     </span>
     <span class='ocr_line' id='line_1_48' title="bbox 1672 1789 2757 1873; baseline 0 -22"><span class='ocrx_word' id='word_1_267' title='bbox 1672 1802 1768 1851; x_wconf 86' lang='lat' dir='ltr'><strong>tae</strong></span> <span class='ocrx_word' id='word_1_268' title='bbox 1796 1789 1994 1852; x_wconf 86' lang='lat' dir='ltr'><strong>indole</strong></span> <span class='ocrx_word' id='word_1_269' title='bbox 1995 1794 2315 1873; x_wconf 85' lang='lat' dir='ltr'><strong>,Augustei</strong></span> <span class='ocrx_word' id='word_1_270' title='bbox 2342 1796 2471 1854; x_wconf 77' lang='lat' dir='ltr'><strong>aevi</strong></span> <span class='ocrx_word' id='word_1_271' title='bbox 2488 1813 2660 1856; x_wconf 82' lang='lat' dir='ltr'><strong>sensu</strong></span> <span class='ocrx_word' id='word_1_272' title='bbox 2686 1813 2757 1852; x_wconf 84' lang='lat' dir='ltr'><strong>ac</strong></span> 
     </span>
     <span class='ocr_line' id='line_1_49' title="bbox 1670 1876 2756 1952; baseline 0.002 -16"><span class='ocrx_word' id='word_1_273' title='bbox 1670 1876 1923 1952; x_wconf 86' lang='lat' dir='ltr'><strong>iudicio,</strong></span> <span class='ocrx_word' id='word_1_274' title='bbox 1997 1882 2299 1945; x_wconf 71' lang='lat' dir='ltr'><strong>conmuni</strong></span> <span class='ocrx_word' id='word_1_275' title='bbox 2349 1891 2592 1938; x_wconf 71' lang='lat' dir='ltr'><strong>naturae</strong></span> <span class='ocrx_word' id='word_1_276' title='bbox 2638 1877 2756 1938; x_wconf 89' lang='grc'>1111-</span> 
     </span>
     <span class='ocr_line' id='line_1_50' title="bbox 1676 1965 2759 2044; baseline 0 -22"><span class='ocrx_word' id='word_1_277' title='bbox 1676 1983 1887 2023; x_wconf 86' lang='lat' dir='ltr'><strong>manae</strong></span> <span class='ocrx_word' id='word_1_278' title='bbox 1914 1965 2045 2044; x_wconf 85' lang='lat' dir='ltr'><strong>lege</strong></span> <span class='ocrx_word' id='word_1_279' title='bbox 2102 1985 2171 2025; x_wconf 88' lang='lat' dir='ltr'><strong>ac</strong></span> <span class='ocrx_word' id='word_1_280' title='bbox 2210 1984 2413 2040; x_wconf 89' lang='lat' dir='ltr'><strong>more,</strong></span> <span class='ocrx_word' id='word_1_281' title='bbox 2488 1965 2759 2024; x_wconf 89' lang='lat' dir='ltr'><strong>carminis</strong></span> 
     </span>
     <span class='ocr_line' id='line_1_51' title="bbox 1678 2038 2760 2130; baseline 0.002 -22"><span class='ocrx_word' id='word_1_282' title='bbox 1678 2038 1837 2130; x_wconf 84' lang='lat' dir='ltr'><strong>epici</strong></span> <span class='ocrx_word' id='word_1_283' title='bbox 1868 2051 2236 2110; x_wconf 87' lang='lat' dir='ltr'><strong>interioribus</strong></span> <span class='ocrx_word' id='word_1_284' title='bbox 2280 2051 2524 2126; x_wconf 83' lang='lat' dir='ltr'><strong>caussis,</strong></span> <span class='ocrx_word' id='word_1_285' title='bbox 2570 2051 2760 2110; x_wconf 78' lang='lat' dir='ltr'><strong>aliena</strong></span> 
     </span>
     <span class='ocr_line' id='line_1_52' title="bbox 1676 2137 2759 2220; baseline 0 -26"><span class='ocrx_word' id='word_1_286' title='bbox 1676 2147 1813 2194; x_wconf 85' lang='lat' dir='ltr'><strong>sunt</strong></span> <span class='ocrx_word' id='word_1_287' title='bbox 1838 2137 2150 2220; x_wconf 84' lang='lat' dir='ltr'><strong>pleraque,</strong></span> <span class='ocrx_word' id='word_1_288' title='bbox 2196 2147 2265 2196; x_wconf 90' lang='lat' dir='ltr'><strong>ut</strong></span> <span class='ocrx_word' id='word_1_289' title='bbox 2290 2139 2391 2196; x_wconf 87' lang='lat' dir='ltr'><strong>illa</strong></span> <span class='ocrx_word' id='word_1_290' title='bbox 2418 2137 2633 2196; x_wconf 85' lang='lat' dir='ltr'><strong>centies</strong></span> <span class='ocrx_word' id='word_1_291' title='bbox 2661 2155 2759 2194; x_wconf 87' lang='lat' dir='ltr'><strong>re-</strong></span> 
     </span>
     <span class='ocr_line' id='line_1_53' title="bbox 1677 2221 2761 2302; baseline 0 -22"><span class='ocrx_word' id='word_1_292' title='bbox 1677 2232 1845 2281; x_wconf 80' lang='lat' dir='ltr'><strong>cocta</strong></span> <span class='ocrx_word' id='word_1_293' title='bbox 1886 2224 2102 2282; x_wconf 87' lang='lat' dir='ltr'><strong>iteruin</strong></span> <span class='ocrx_word' id='word_1_294' title='bbox 2156 2221 2454 2302; x_wconf 84' lang='lat' dir='ltr'><strong>perlegere</strong></span> <span class='ocrx_word' id='word_1_295' title='bbox 2472 2267 2488 2296; x_wconf 93' lang='lat'><strong>,</strong></span> <span class='ocrx_word' id='word_1_296' title='bbox 2544 2225 2761 2280; x_wconf 86' lang='lat' dir='ltr'><strong>iterum</strong></span> 
     </span>
     <span class='ocr_line' id='line_1_54' title="bbox 1674 2307 2759 2384; baseline -0.002 -18"><span class='ocrx_word' id='word_1_297' title='bbox 1674 2307 1938 2366; x_wconf 80' lang='lat' dir='ltr'><strong>refellere</strong></span> <span class='ocrx_word' id='word_1_298' title='bbox 1952 2351 1971 2384; x_wconf 90' lang='lat'><strong>,</strong></span> <span class='ocrx_word' id='word_1_299' title='bbox 2040 2309 2307 2368; x_wconf 82' lang='lat' dir='ltr'><strong>molestia</strong></span> <span class='ocrx_word' id='word_1_300' title='bbox 2360 2309 2527 2368; x_wconf 83' lang='lat' dir='ltr'><strong>omni</strong></span> <span class='ocrx_word' id='word_1_301' title='bbox 2565 2307 2759 2368; x_wconf 87' lang='lat' dir='ltr'><strong>mole-</strong></span> 
     </span>
     <span class='ocr_line' id='line_1_55' title="bbox 1675 2394 1937 2454; baseline -0.004 0"><span class='ocrx_word' id='word_1_302' title='bbox 1675 2394 1817 2454; x_wconf 88' lang='lat' dir='ltr'><strong>stius</strong></span> <span class='ocrx_word' id='word_1_303' title='bbox 1844 2395 1937 2453; x_wconf 86' lang='lat' dir='ltr'><strong>sit.</strong></span> 
     </span>
    </p>

    <p class='ocr_par' dir='ltr' id='par_1_13' title="bbox 1674 2473 2770 4532">
     <span class='ocr_line' id='line_1_56' title="bbox 1762 2473 2761 2560; baseline -0.005 -21"><span class='ocrx_word' id='word_1_304' title='bbox 1762 2479 1843 2539; x_wconf 90' lang='lat' dir='ltr'><strong>Ut</strong></span> <span class='ocrx_word' id='word_1_305' title='bbox 1881 2491 2083 2540; x_wconf 88' lang='lat' dir='ltr'><strong>tamen</strong></span> <span class='ocrx_word' id='word_1_306' title='bbox 2108 2477 2601 2560; x_wconf 79' lang='lat' dir='ltr'><strong>interpretationis</strong></span> <span class='ocrx_word' id='word_1_307' title='bbox 2642 2473 2761 2535; x_wconf 85' lang='grc'>1100</span> 
     </span>
     <span class='ocr_line' id='line_1_57' title="bbox 1676 2560 2762 2647; baseline -0.005 -22"><span class='ocrx_word' id='word_1_308' title='bbox 1676 2583 1879 2645; x_wconf 81' lang='lat' dir='ltr'><strong>genus.</strong></span> <span class='ocrx_word' id='word_1_309' title='bbox 1902 2586 2108 2627; x_wconf 84' lang='lat' dir='ltr'><strong>meum</strong></span> <span class='ocrx_word' id='word_1_310' title='bbox 2126 2611 2143 2641; x_wconf 94' lang='lat'><strong>,</strong></span> <span class='ocrx_word' id='word_1_311' title='bbox 2202 2562 2362 2647; x_wconf 88' lang='lat' dir='ltr'><strong>quod</strong></span> <span class='ocrx_word' id='word_1_312' title='bbox 2410 2582 2533 2623; x_wconf 86' lang='lat' dir='ltr'><strong>non</strong></span> <span class='ocrx_word' id='word_1_313' title='bbox 2562 2560 2762 2621; x_wconf 79' lang='lat' dir='ltr'><strong>desul-</strong></span> 
     </span>
     <span class='ocr_line' id='line_1_58' title="bbox 1677 2648 2761 2721; baseline -0.006 -9"><span class='ocrx_word' id='word_1_314' title='bbox 1677 2654 1895 2712; x_wconf 88' lang='lat' dir='ltr'><strong>torium</strong></span> <span class='ocrx_word' id='word_1_315' title='bbox 1922 2672 2043 2713; x_wconf 87' lang='lat' dir='ltr'><strong>esse</strong></span> <span class='ocrx_word' id='word_1_316' title='bbox 2068 2653 2148 2711; x_wconf 79' lang='lat' dir='ltr'><strong>ab</strong></span> <span class='ocrx_word' id='word_1_317' title='bbox 2171 2653 2339 2711; x_wconf 86' lang='lat' dir='ltr'><strong>initio</strong></span> <span class='ocrx_word' id='word_1_318' title='bbox 2368 2648 2619 2721; x_wconf 78' lang='lat' dir='ltr'><strong>decrevi,</strong></span> <span class='ocrx_word' id='word_1_319' title='bbox 2632 2648 2761 2706; x_wconf 78' lang='lat' dir='ltr'><strong>-si&#39;bi</strong></span> 
     </span>
     <span class='ocr_line' id='line_1_59' title="bbox 1677 2734 2762 2813; baseline -0.007 -15"><span class='ocrx_word' id='word_1_320' title='bbox 1677 2749 1920 2813; x_wconf 81' lang='lat' dir='ltr'><strong>constet,</strong></span> <span class='ocrx_word' id='word_1_321' title='bbox 1962 2758 2085 2797; x_wconf 85' lang='grc'>11011</span> <span class='ocrx_word' id='word_1_322' title='bbox 2106 2738 2350 2797; x_wconf 84' lang='grc'>0111111110</span> <span class='ocrx_word' id='word_1_323' title='bbox 2378 2754 2477 2793; x_wconf 86' lang='lat' dir='ltr'><strong>eas</strong></span> <span class='ocrx_word' id='word_1_324' title='bbox 2506 2734 2762 2812; x_wconf 77' lang='lat' dir='ltr'><strong>argutias</strong></span> 
     </span>
     <span class='ocr_line' id='line_1_60' title="bbox 1674 2820 2763 2904; baseline -0.006 -21"><span class='ocrx_word' id='word_1_325' title='bbox 1674 2826 2133 2904; x_wconf 87' lang='lat' dir='ltr'><strong>praetermittere</strong></span> <span class='ocrx_word' id='word_1_326' title='bbox 2157 2822 2312 2881; x_wconf 89' lang='lat' dir='ltr'><strong>licet.</strong></span> <span class='ocrx_word' id='word_1_327' title='bbox 2368 2820 2763 2898; x_wconf 73' lang='lat' dir='ltr'><strong>Per-stringam</strong></span> 
     </span>
     <span class='ocr_line' id='line_1_61' title="bbox 1674 2906 2762 2989; baseline -0.006 -22"><span class='ocrx_word' id='word_1_328' title='bbox 1674 2912 1877 2989; x_wconf 89' lang='lat' dir='ltr'><strong>itaque</strong></span> <span class='ocrx_word' id='word_1_329' title='bbox 1920 2906 2251 2965; x_wconf 79' lang='lat' dir='ltr'><strong>brevissime</strong></span> <span class='ocrx_word' id='word_1_330' title='bbox 2290 2908 2519 2985; x_wconf 84' lang='lat' dir='ltr'><strong>potiora</strong></span> <span class='ocrx_word' id='word_1_331' title='bbox 2560 2924 2762 2983; x_wconf 86' lang='lat' dir='ltr'><strong>repre-</strong></span> 
     </span>
     <span class='ocr_line' id='line_1_62' title="bbox 1676 2988 2765 3066; baseline -0.004 -16"><span class='ocrx_word' id='word_1_332' title='bbox 1676 2991 2029 3050; x_wconf 84' lang='lat' dir='ltr'><strong>hensionum</strong></span> <span class='ocrx_word' id='word_1_333' title='bbox 2057 2990 2153 3049; x_wconf 79' lang='lat' dir='ltr'><strong>vel</strong></span> <span class='ocrx_word' id='word_1_334' title='bbox 2178 2988 2425 3047; x_wconf 83' lang='lat' dir='ltr'><strong>laudum</strong></span> <span class='ocrx_word' id='word_1_335' title='bbox 2453 2990 2660 3066; x_wconf 80' lang='lat' dir='ltr'><strong>capita,</strong></span> <span class='ocrx_word' id='word_1_336' title='bbox 2702 2999 2765 3047; x_wconf 84' lang='lat' dir='ltr'><strong>et</strong></span> 
     </span>
     <span class='ocr_line' id='line_1_63' title="bbox 1676 3072 2761 3157; baseline -0.002 -24"><span class='ocrx_word' id='word_1_337' title='bbox 1676 3086 1983 3157; x_wconf 85' lang='lat' dir='ltr'><strong>tamquam</strong></span> <span class='ocrx_word' id='word_1_338' title='bbox 2001 3076 2118 3133; x_wconf 76' lang='lat' dir='ltr'><strong>levi</strong></span> <span class='ocrx_word' id='word_1_339' title='bbox 2148 3072 2330 3153; x_wconf 83' lang='lat' dir='ltr'><strong>digito</strong></span> <span class='ocrx_word' id='word_1_340' title='bbox 2358 3074 2643 3153; x_wconf 86' lang='lat' dir='ltr'><strong>attingam</strong></span> <span class='ocrx_word' id='word_1_341' title='bbox 2672 3093 2761 3149; x_wconf 84' lang='lat' dir='ltr'><strong>ea,</strong></span> 
     </span>
     <span class='ocr_line' id='line_1_64' title="bbox 1675 3157 2763 3242; baseline -0.002 -23"><span class='ocrx_word' id='word_1_342' title='bbox 1675 3174 1833 3242; x_wconf 81' lang='lat' dir='ltr'><strong>&#39;quae</strong></span> <span class='ocrx_word' id='word_1_343' title='bbox 1861 3162 2071 3220; x_wconf 84' lang='lat' dir='ltr'><strong>caussis</strong></span> <span class='ocrx_word' id='word_1_344' title='bbox 2099 3157 2321 3219; x_wconf 85' lang='lat' dir='ltr'><strong>idoneis</strong></span> <span class='ocrx_word' id='word_1_345' title='bbox 2360 3160 2425 3217; x_wconf 88' lang='lat' dir='ltr'><strong>iii</strong></span> <span class='ocrx_word' id='word_1_346' title='bbox 2452 3170 2763 3240; x_wconf 84' lang='lat' dir='ltr'><strong>utramque</strong></span> 
     </span>
     <span class='ocr_line' id='line_1_65' title="bbox 1678 3243 2763 3327; baseline -0.003 -22"><span class='ocrx_word' id='word_1_347' title='bbox 1678 3256 1906 3326; x_wconf 85' lang='lat' dir='ltr'><strong>partem</strong></span> <span class='ocrx_word' id='word_1_348' title='bbox 1934 3244 2168 3305; x_wconf 82' lang='lat' dir='ltr'><strong>destitui</strong></span> <span class='ocrx_word' id='word_1_349' title='bbox 2196 3243 2472 3327; x_wconf 80' lang='lat' dir='ltr'><strong>equidem</strong></span> <span class='ocrx_word' id='word_1_350' title='bbox 2500 3246 2763 3303; x_wconf 85' lang='lat' dir='ltr'><strong>arbitror.</strong></span> 
     </span>
     <span class='ocr_line' id='line_1_66' title="bbox 1679 3330 2763 3433; baseline -0.001 -43"><span class='ocrx_word' id='word_1_351' title='bbox 1679 3332 1992 3391; x_wconf 79' lang='lat' dir='ltr'><strong>Actionem</strong></span> <span class='ocrx_word' id='word_1_352' title='bbox 2018 3332 2183 3393; x_wconf 84' lang='lat' dir='ltr'><strong>aiunt</strong></span> <span class='ocrx_word' id='word_1_353' title='bbox 2200 3332 2273 3390; x_wconf 88' lang='lat' dir='ltr'><strong>ab</strong></span> <span class='ocrx_word' id='word_1_354' title='bbox 2302 3330 2418 3391; x_wconf 90' lang='lat' dir='ltr'><strong>hoc</strong></span> <span class='ocrx_word' id='word_1_355' title='bbox 2444 3332 2593 3390; x_wconf 87' lang='lat' dir='ltr'><strong>libro</strong></span> <span class='ocrx_word' id='word_1_356' title='bbox 2620 3338 2763 3433; x_wconf 76' lang='lat' dir='ltr'><strong>pro-</strong></span> 
     </span>
     <span class='ocr_line' id='line_1_67' title="bbox 1680 3416 2765 3496; baseline -0.004 -19"><span class='ocrx_word' id='word_1_357' title='bbox 1680 3416 1887 3486; x_wconf 76' lang='lat' dir='ltr'><strong>cedere</strong></span> <span class='ocrx_word' id='word_1_358' title='bbox 1913 3419 2183 3477; x_wconf 83' lang='lat' dir='ltr'><strong>carminis</strong></span> <span class='ocrx_word' id='word_1_359' title='bbox 2209 3419 2467 3493; x_wconf 87' lang='lat' dir='ltr'><strong>alteram,</strong></span> <span class='ocrx_word' id='word_1_360' title='bbox 2510 3437 2567 3475; x_wconf 84' lang='lat' dir='ltr'><strong>a</strong></span> <span class='ocrx_word' id='word_1_361' title='bbox 2560 3418 2765 3496; x_wconf 82' lang='lat' dir='ltr'><strong>priore</strong></span> 
     </span>
     <span class='ocr_line' id='line_1_68' title="bbox 1680 3501 2764 3607; baseline -0.002 -46"><span class='ocrx_word' id='word_1_362' title='bbox 1680 3502 1997 3579; x_wconf 76' lang='lat' dir='ltr'><strong>diversam,</strong></span> <span class='ocrx_word' id='word_1_363' title='bbox 2045 3501 2219 3607; x_wconf 36' lang='lat' dir='ltr'><strong>‘quod</strong></span> <span class='ocrx_word' id='word_1_364' title='bbox 2262 3501 2337 3563; x_wconf 87' lang='lat' dir='ltr'><strong>ab</strong></span> <span class='ocrx_word' id='word_1_365' title='bbox 2380 3505 2605 3562; x_wconf 86' lang='lat' dir='ltr'><strong>unitate</strong></span> <span class='ocrx_word' id='word_1_366' title='bbox 2632 3520 2764 3561; x_wconf 87' lang='lat' dir='ltr'><strong>car-</strong></span> 
     </span>
     <span class='ocr_line' id='line_1_69' title="bbox 1682 3582 2762 3671; baseline -0.003 -24"><span class='ocrx_word' id='word_1_367' title='bbox 1682 3591 1857 3648; x_wconf 86' lang='lat' dir='ltr'><strong>minis</strong></span> <span class='ocrx_word' id='word_1_368' title='bbox 1916 3590 2065 3668; x_wconf 85' lang='lat' dir='ltr'><strong>epici</strong></span> <span class='ocrx_word' id='word_1_369' title='bbox 2127 3602 2415 3671; x_wconf 87' lang='lat' dir='ltr'><strong>quantum</strong></span> <span class='ocrx_word' id='word_1_370' title='bbox 2463 3582 2762 3649; x_wconf 80' lang='lat' dir='ltr'><strong>abhorret!</strong></span> 
     </span>
     <span class='ocr_line' id='line_1_70' title="bbox 1684 3674 2765 3756; baseline -0.002 -23"><span class='ocrx_word' id='word_1_371' title='bbox 1684 3694 1773 3734; x_wconf 87' lang='lat' dir='ltr'><strong>res</strong></span> <span class='ocrx_word' id='word_1_372' title='bbox 1799 3678 1864 3733; x_wconf 87' lang='lat' dir='ltr'><strong>in</strong></span> <span class='ocrx_word' id='word_1_373' title='bbox 1889 3676 2055 3735; x_wconf 75' lang='lat' dir='ltr'><strong>Italia</strong></span> <span class='ocrx_word' id='word_1_374' title='bbox 2081 3686 2306 3755; x_wconf 84' lang='lat' dir='ltr'><strong>gestas,</strong></span> <span class='ocrx_word' id='word_1_375' title='bbox 2350 3674 2531 3756; x_wconf 83' lang='lat' dir='ltr'><strong>idque</strong></span> <span class='ocrx_word' id='word_1_376' title='bbox 2569 3676 2765 3753; x_wconf 83' lang='lat' dir='ltr'><strong>ipsum</strong></span> 
     </span>
     <span class='ocr_line' id='line_1_71' title="bbox 1680 3760 2765 3842; baseline -0.006 -19"><span class='ocrx_word' id='word_1_377' title='bbox 1680 3772 1921 3842; x_wconf 72' lang='lat' dir='ltr'><strong>poetam</strong></span> <span class='ocrx_word' id='word_1_378' title='bbox 1965 3780 2089 3819; x_wconf 88' lang='lat' dir='ltr'><strong>non</strong></span> <span class='ocrx_word' id='word_1_379' title='bbox 2132 3764 2461 3840; x_wconf 87' lang='lat' dir='ltr'><strong>ignorasse,</strong></span> <span class='ocrx_word' id='word_1_380' title='bbox 2506 3778 2647 3820; x_wconf 86' lang='grc'>011111</span> <span class='ocrx_word' id='word_1_381' title='bbox 2683 3760 2765 3817; x_wconf 79' lang='lat' dir='ltr'><strong>sic</strong></span> 
     </span>
     <span class='ocr_line' id='line_1_72' title="bbox 1682 3841 2765 3909; baseline 0.001 -3"><span class='ocrx_word' id='word_1_382' title='bbox 1682 3846 1938 3909; x_wconf 84' lang='lat' dir='ltr'><strong>ordiatur</strong></span> <span class='ocrx_word' id='word_1_383' title='bbox 1992 3850 2384 3906; x_wconf 83' lang='lat' dir='ltr'><strong>narrationem</strong></span> <span class='ocrx_word' id='word_1_384' title='bbox 2424 3864 2483 3904; x_wconf 80' lang='lat' dir='ltr'><strong>v.</strong></span> <span class='ocrx_word' id='word_1_385' title='bbox 2532 3842 2638 3908; x_wconf 80' lang='lat'><strong>44.</strong></span> <span class='ocrx_word' id='word_1_386' title='bbox 2680 3841 2765 3907; x_wconf 80' lang='lat'><strong>45</strong></span> 
     </span>
     <span class='ocr_line' id='line_1_73' title="bbox 1682 3930 2766 3990; baseline -0.006 0"><span class='ocrx_word' id='word_1_387' title='bbox 1682 3934 1893 3990; x_wconf 67' lang='grc' dir='ltr'><em>Μαίον-</em></span> <span class='ocrx_word' id='word_1_388' title='bbox 1930 3952 2133 3990; x_wconf 75' lang='lat' dir='ltr'><strong>rerum</strong></span> <span class='ocrx_word' id='word_1_389' title='bbox 2180 3931 2335 3989; x_wconf 62' lang='lat' dir='ltr'><strong>mihi</strong></span> <span class='ocrx_word' id='word_1_390' title='bbox 2360 3930 2633 3987; x_wconf 74' lang='lat' dir='ltr'><strong>nascitur</strong></span> <span class='ocrx_word' id='word_1_391' title='bbox 2664 3946 2766 3983; x_wconf 67' lang='lat' dir='ltr'><strong>or-</strong></span> 
     </span>
     <span class='ocr_line' id='line_1_74' title="bbox 1682 4017 2767 4095; baseline -0.011 -16"><span class='ocrx_word' id='word_1_392' title='bbox 1682 4017 1797 4079; x_wconf 82' lang='lat' dir='ltr'><em>do.-</em></span> <span class='ocrx_word' id='word_1_393' title='bbox 1856 4020 2075 4081; x_wconf 75' lang='lat' dir='ltr'><strong>Maitoe</strong></span> <span class='ocrx_word' id='word_1_394' title='bbox 2126 4038 2278 4095; x_wconf 75' lang='lat' dir='ltr'><strong>opus</strong></span> <span class='ocrx_word' id='word_1_395' title='bbox 2318 4034 2559 4073; x_wconf 73' lang='lat' dir='ltr'><strong>moveo:</strong></span> <span class='ocrx_word' id='word_1_396' title='bbox 2628 4028 2767 4068; x_wconf 76' lang='lat' dir='ltr'><strong>eum</strong></span> 
     </span>
     <span class='ocr_line' id='line_1_75' title="bbox 1680 4094 2766 4166; baseline -0.01 -3"><span class='ocrx_word' id='word_1_397' title='bbox 1680 4114 1882 4166; x_wconf 80' lang='lat' dir='ltr'><strong>autem</strong></span> <span class='ocrx_word' id='word_1_398' title='bbox 1936 4105 1999 4161; x_wconf 84' lang='lat' dir='ltr'><strong>in</strong></span> <span class='ocrx_word' id='word_1_399' title='bbox 2056 4102 2216 4161; x_wconf 83' lang='grc'>1111110</span> <span class='ocrx_word' id='word_1_400' title='bbox 2276 4118 2533 4159; x_wconf 85' lang='lat' dir='ltr'><strong>errorem</strong></span> <span class='ocrx_word' id='word_1_401' title='bbox 2586 4094 2766 4155; x_wconf 79' lang='lat' dir='ltr'><strong>indu-</strong></span> 
     </span>
     <span class='ocr_line' id='line_1_76' title="bbox 1682 4183 2767 4272; baseline -0.01 -22"><span class='ocrx_word' id='word_1_402' title='bbox 1682 4200 1875 4266; x_wconf 85' lang='lat' dir='ltr'><strong>ctum,</strong></span> <span class='ocrx_word' id='word_1_403' title='bbox 1936 4188 2098 4272; x_wconf 85' lang='lat' dir='ltr'><strong>quod</strong></span> <span class='ocrx_word' id='word_1_404' title='bbox 2142 4208 2249 4248; x_wconf 75' lang='lat' dir='ltr'><strong>sax</strong></span> <span class='ocrx_word' id='word_1_405' title='bbox 2288 4186 2575 4267; x_wconf 85' lang='lat' dir='ltr'><strong>prioribus</strong></span> <span class='ocrx_word' id='word_1_406' title='bbox 2608 4183 2767 4241; x_wconf 85' lang='lat' dir='ltr'><strong>libris</strong></span> 
     </span>
     <span class='ocr_line' id='line_1_77' title="bbox 1684 4266 2767 4357; baseline -0.008 -21"><span class='ocrx_word' id='word_1_407' title='bbox 1684 4274 2019 4357; x_wconf 81' lang='lat' dir='ltr'><strong>Odysseam,</strong></span> <span class='ocrx_word' id='word_1_408' title='bbox 2060 4273 2152 4334; x_wconf 86' lang='lat' dir='ltr'><strong>his</strong></span> <span class='ocrx_word' id='word_1_409' title='bbox 2180 4274 2369 4333; x_wconf 85' lang='lat' dir='ltr'><strong>alteris</strong></span> <span class='ocrx_word' id='word_1_410' title='bbox 2396 4290 2502 4331; x_wconf 83' lang='lat' dir='ltr'><strong>sex</strong></span> <span class='ocrx_word' id='word_1_411' title='bbox 2526 4266 2767 4334; x_wconf 73' lang='lat' dir='ltr'><strong>Eisdem</strong></span> 
     </span>
     <span class='ocr_line' id='line_1_78' title="bbox 1683 4357 2766 4443; baseline -0.005 -23"><span class='ocrx_word' id='word_1_412' title='bbox 1683 4360 1987 4423; x_wconf 78' lang='lat' dir='ltr'><strong>redhibere</strong></span> <span class='ocrx_word' id='word_1_413' title='bbox 2030 4372 2093 4421; x_wconf 87' lang='lat' dir='ltr'><strong>et</strong></span> <span class='ocrx_word' id='word_1_414' title='bbox 2132 4362 2463 4443; x_wconf 64' lang='lat' dir='ltr'><strong>exprimere</strong></span> <span class='ocrx_word' id='word_1_415' title='bbox 2502 4357 2766 4417; x_wconf 82' lang='lat' dir='ltr'><strong>voluerit.</strong></span> 
     </span>
     <span class='ocr_line' id='line_1_79' title="bbox 1684 4444 2770 4532; baseline -0.006 -23"><span class='ocrx_word' id='word_1_416' title='bbox 1684 4447 1884 4525; x_wconf 70' lang='lat' dir='ltr'><strong>Quod,</strong></span> <span class='ocrx_word' id='word_1_417' title='bbox 1927 4450 2003 4509; x_wconf 87' lang='lat' dir='ltr'><strong>si</strong></span> <span class='ocrx_word' id='word_1_418' title='bbox 2022 4445 2166 4532; x_wconf 80' lang='lat' dir='ltr'><strong>quid</strong></span> <span class='ocrx_word' id='word_1_419' title='bbox 2194 4444 2375 4523; x_wconf 75' lang='lat' dir='ltr'><strong>aliud,</strong></span> <span class='ocrx_word' id='word_1_420' title='bbox 2425 4444 2770 4507; x_wconf 61' lang='lat' dir='ltr'><strong>fimatu-</strong></span> 
     </span>
    </p>
   </div>
   <div class='ocr_carea' id='block_1_12' title="bbox 3004 20 3009 917">
    <p class='ocr_par' dir='ltr' id='par_1_14' title="bbox 3004 20 3009 917">
     <span class='ocr_line' id='line_1_80' title="bbox 3004 20 3009 917; baseline 0 0"><span class='ocrx_word' id='word_1_421' title='bbox 3004 20 3009 917; x_wconf 95' lang='lat' dir='ltr'><strong> </strong></span> 
     </span>
    </p>
   </div>
   <div class='ocr_carea' id='block_1_13' title="bbox 3005 2047 3009 2788">
    <p class='ocr_par' dir='ltr' id='par_1_15' title="bbox 3005 2047 3009 2788">
     <span class='ocr_line' id='line_1_81' title="bbox 3005 2047 3009 2788; baseline 0 0"><span class='ocrx_word' id='word_1_422' title='bbox 3005 2047 3009 2788; x_wconf 95' lang='lat' dir='ltr'><strong> </strong></span> 
     </span>
    </p>
   </div>
  </div>
 </body>
</html>
