3009 5050
672 425 1279 503 AENEIDos
1332 427 1541 503 Lm.
1605 429 1696 522 X,
1749 431 2184 507 495—514

2393 437 2543 508 509

302 618 580 690 Turno
612 626 929 714 tempus
978 613 1163 708 erit,
1214 589 1505 710 magno
1555 636 1732 688 cum
1769 617 2158 716 optaverit
2185 627 2492 692 emtum

298 721 693 794 Intactum
728 716 1106 812 Pallanta,
1162 727 1243 790 et
1270 740 1453 790 cum
1484 715 1729 814 spolia
1763 718 1902 794 ista
1937 719 2314 821 diemque

303 818 603 898 Oderit.

714 826 817 896 At
846 821 1038 894 socii
1066 818 1327 894 multo
1356 823 1657 916 gemitu
1683 819 2182 922 lacrimisque

2391 833 2540 903 505

297 925 745 1022 Inpositum
778 937 1002 998 scuto
1036 921 1401 998 referunt
1432 921 1778 998 Pallanta
1803 922 2288 1026 frequentes,

304 1029 377 1103 Ο
408 1027 643 1102 dolor
680 1041 915 1126 atque
967 1025 1209 1101 decus
1244 1048 1626 1123 magnum
1653 1027 2008 1103 rediture
2035 1030 2380 1128 parenti!

300 1133 511 1206 Haec
544 1144 625 1206 te
656 1131 913 1231 prima
946 1128 1113 1204 dies
1146 1128 1365 1205 bello
1398 1128 1658 1222 dedit,
1714 1129 1913 1205 haec
1947 1131 2234 1210 ea'dem
2262 1130 2540 1229 aufert,

303 1238 507 1312 Cum
548 1247 815 1309 tamen
862 1234 1201 1330 ingentis
1241 1231 1724 1310 Rutulorum
1753 1231 2044 1332 linquis
2080 1243 2438 1314 acervos!

402 1343 567 1413 Nec
598 1338 751 1412 iam
807 1335 1017 1410 fama
1040 1336 1225 1410 mali
1260 1337 1487 1427 tanti,
1541 1335 1686 1411 sed
1721 1337 2011 1412 certior
2036 1351 2311 1414 auctor
2394 1349 2544 1417 510

301 1439 639 1519 Advolat
675 1445 1033 1527 Aeneae,
1084 1442 1307 1516 tenui
1338 1439 1788 1516 discrimine
1822 1438 1959 1515 leti

301 1549 491 1622 Esse
522 1567 743 1620 suosz
796 1555 1152 1641 tempuS,
1202 1543 1442 1618 versis
1496 1566 1958 1618 succurrere
1991 1544 2335 1622 Teucris,

300 1647 663 1726 Proxima
748 1668 1112 1745 quaeque
1192 1646 1421 1722 metit
1497 1645 1810 1743 gladi0‚

1913 1646 2321 1748 latumque
2397 1671 2546 1746 per

1461 1771 1748 1846 agmen

299 1850 611 1928 Ardens
642 1850 977 1928 limitem
1012 1850 1167 1948 agit
1202 1848 1457 1943 ferr03
1504 1865 1623 1949 te,
1678 1856 1988 1948 Turne,
2036 1852 2476 1954 superbum

300 2068 522 2112 ctanter.
593 2056 755 2110 rebus
798 2059 1013 2110 lassata
1059 2076 1105 2110 ε.
1154 2060 1294 2127 apud
1330 2059 1510 2110 Lutat.
1549 2059 1618 2110 ad
1661 2063 1794 2112 Stat.
1832 2061 1881 2110 11
1921 2058 2094 2112 Theb.
2135 2060 2254 2114 689.
2324 2057 2546 2111 sublata

298 2142 489 2198 poetae
516 2139 623 2192 est,
659 2127 801 2198 quod
828 2129 978 2179 elata
1009 2127 1183 2197 vulgo.
1237 2129 1594 2198 (Exclamandi
1623 2129 1822 2196 siguum
1857 2129 1911 2179 in
1945 2129 2048 2180 fine
2081 2145 2179 2198 pro
2218 2140 2409 2197 puncto
2438 2146 2546 2198 po-

298 2199 408 2260 tui,
444 2209 501 2249 ut
531 2197 649 2265 ipse
688 2197 922 2263 Heynius
956 2215 1113 2267 cupra
1152 2201 1239 2262 tv,
1282 2199 1393 2252 66.:

1430 2200 1580 2260 „Heu
1616 2209 1790 2249 vatum
1826 2198 2040 2265 ignarae
2076 2200 2348 2250 mentes!“
2393 2201 2478 2252 W
2474 2199 2543 2263 r.)

300 2265 403 2321 504
436 2267 616 2336 spolia
662 2268 785 2336 ipsa
830 2267 1021 2319 Medic.
1067 2285 1098 2318 a
1146 2287 1213 2319 m.
1262 2285 1340 2334 pr.
1394 2278 1449 2319 ct.
1482 2269 1632 2318 Leid.
1687 2267 1816 2332 (vid.
1851 2271 1916 2328 Q.
1957 2269 2016 2318 V.
2053 2269 2270 2328 xvim,
2304 2269 2358 2320 2.
2401 2269 2546 2333 Wr.)

300 2335 403 2388 505
438 2341 521 2388 Ac
553 2336 774 2386 Dorvill.

914 2335 1019 2388 506
1052 2339 1187 2405 Imp.
1235 2338 1409 2406 clipeo
1454 2338 1594 2406 apud
1629 2340 1773 2388 Serv.
1822 2335 1916 2385 inf.
1966 2336 2084 2390 841.
2154 2339 2421 2388 Pallanta
2451 2355 2547 2388 se-

302 2417 530 2473 quentes
562 2403 761 2456 zulich.
866 2403 967 2458 501
1001 2407 1252 2468 peremis
1282 2407 1453 2468 Rom„
1489 2405 1584 2457 ned
1619 2405 1878 2470 vulgatum
1913 2405 2218 2472 elegantius.

302 2491 407 2543 que
458 2473 643 2524 eadem
692 2487 773 2540 pr.
824 2473 1007 2524 Hamb.
1080 2472 1243 2543 aufer
1283 2475 1429 2524 Rom.

2319 2405 2422 2458 508
2451 2419 2548 2456 αε-

1569 2473 1672 2526 509
1725 2475 1823 2524 Gai
1871 2485 1910 2524 t.
1947 2473 2096 2527 Leid.
2164 2474 2363 2544 linquit
2395 2473 2546 2527 Leid.

302 2541 452 2594 aliun.
556 2540 659 2594 510
696 2540 795 2592 sed
842 2560 885 2592 c.
936 2537 1081 2591 alter
1134 2560 1236 2593 uec.
1292 2542 1475 2598 Hamb.
1577 2542 1677 2595 511
1731 2544 2038 2594 discrimine
2079 2545 2226 2595 vitae
2273 2544 2444 2612 Bigot.
2491 2553 2548 2596 et

302 2610 470 2663 Goth.
515 2618 660 2672 tert„
721 2610 863 2677 quod
896 2620 949 2659 et
992 2608 1161 2674 ipsum
1207 2609 1396 2660 bonum
1450 2619 1509 2662 et
1551 2612 1680 2662 alias
1715 2610 2115 2677 frequentatum.

2222 2611 2324 2665 512
2373 2615 2548 2664 versic

303 2693 517 2749 tempus
549 2678 683 2729 cad.
752 2678 1041 2729 succedere
1090 2681 1314 2729 Teucris
1358 2680 1509 2730 Rom.
1560 2688 1615 2729 et
1660 2678 1797 2729 alter
1844 2680 2030 2731 Hamb.
2076 2698 2190 2731 cum
2225 2681 2384 2732 Goth.
2435 2682 2550 2744 alt..

305 2758 363 2800 ut
394 2766 553 2813 supra
594 2746 713 2801 439.

305 2817 467 2870 Goth.
502 2826 629 2869 tert.

306 2992 501 3051 adiicit
538 3002 740 3072 poeta,
788 3002 847 3051 et
896 2993 1193 3071 egregiam
1248 3010 1387 3049 sen-

303 3081 549 3139 tentiam
592 3076 813 3135 habent
827 3120 845 3151 ‚
892 3090 948 3136 et
961 3123 978 3153 ,
1024 3078 1167 3136 dum
1191 3076 1385 3135 futura

304 3167 579 3244 anticipat
592 3206 611 3237 ‚
666 3166 933 3221 aniinum
986 3165 1387 3243 expectatione

304 3252 635 3309 futurorum
678 3250 917 3328 agitant.
960 3248 1077 3308 vid.
1116 3249 1222 3306 inf.
1254 3251 1387 3321 XII,

306 3340 433 3401 940
470 3354 597 3417 sqq.
684 3336 837 3393 Hinc
878 3346 1083 3413 poetae
1124 3336 1389 3393 certatim

306 3418 421 3479 hoc
438 3420 677 3479 artificio
704 3422 959 3479 usisunt.
1038 3421 1263 3485 603.ut
1283 3420 1388 3478 lib.

306 3508 381 3580 II,
420 3504 539 3570 104
566 3526 791 3584 magno
824 3516 1157 3563 mercentur
1180 3504 1387 3563 Acha-

308 3593 390 3649 νί.
435 3589 869 3670 Comparandus
909 3590 983 3649 ad
1032 3612 1159 3649 rem
1185 3592 1385 3649 similis

311 3676 384 3734 de
413 3678 661 3734 Hectore
675 3678 927 3735 Patrocli
954 3678 1145 3755 spoliis
1174 3687 1383 3735 ovante

190 3810 203 3823 .
310 3762 473 3819 locus
514 3760 679 3819 Iliad.
728 3784 797 3839 ρ,
864 3765 1216 3826 193—-201
1261 3782 1385 3842 seq.

314 3846 464 3910 507.
492 3846 661 3903 dolor
700 3857 883 3924 atque
912 3846 1111 3904 decue.
1204 3848 1389 3904 Sum-

310 3940 511 3991 serunt
544 3928 680 3989 hinc
722 3934 819 3989 alii
846 3934 1081 4010 passim.
1162 3932 1389 3990 Exem-

310 4018 411 4097 pla
450 4012 667 4073 habent
710 4015 895 4075 Cel-da
938 4028 997 4075 et
1027 4019 1229 4073 But-m.
1245 4059 1263 4089 ‚
1292 4017 1391 4073 in-

312 4104 513 4181 primis·
469 4102 483 4117 ”
540 4102 814 4160 Martialis
862 4104 967 4175 XI,
1000 4100 1081 4165 14
1121 4102 1393 4159 Romani

312 4186 495 4245 decus
544 4196 603 4243 et
650 4185 821 4243 dolor
874 4186 1109 4245 theatri.
1202 4187 1393 4266 Supra

308 4274 382 4346 V,
411 4270 516 4335 49.
531 4271 615 4335 50
646 4291 821 4348 quem
844 4292 1073 4349 semper
1097 4274 1391 4347 acerbum,

310 4376 543 4435 semper
608 4352 961 4427 honoratum
1018 4367 1127 4415 etc.
1247 4358 1395 4421 509.

310 4446 473 4503 Haec
487 4487 506 4518 ,
550 4440 697 4502 dum
710 4484 729 4517 ,
770 4444 991 4521 optimo
1036 4461 1269 4524 quoque
1296 4462 1395 4501 re·-

831 2745 937 2801 514
984 2746 1146 2800 limen
1202 2746 1418 2801 Vtatitl.
1486 2760 1544 2799 te
1575 2748 1742 2799 caede
1783 2763 1828 2799 ε.
1871 2751 2060 2799 Turne
2095 2766 2242 2801 nova
2289 2749 2464 2816 Bigot.
2495 2761 2550 2802 et

1468 2992 1576 3051 bus
1603 2988 1872 3051 humanis
1899 3001 2095 3069 erepto
2113 3033 2131 3064 ,
2174 2990 2382 3068 vulgus
2409 2990 2551 3047 inu-

1466 3079 1570 3136 tile
1595 3088 1886 3135 servatum
1911 3075 2175 3135 videmus
2189 3121 2204 3149 ,
2235 3075 2390 3135 dicta
2415 3086 2548 3135 sunt

1470 3162 1548 3221 ad
1586 3164 1888 3241 vulgarem
1924 3160 2232 3220 hominum
2263 3180 2544 3239 sensum:

1472 3268 1652 3330 quem
1678 3258 2004 3327 temperant
2026 3248 2125 3305 illa
2148 3291 2164 3321 ‚
2197 3266 2346 3329 quae
2373 3266 2548 3326 supra

1468 3336 1841 3414 praemiserat
1861 3352 1882 3391 ε
1928 3332 2053 3397 465
2090 3334 2230 3391 Stat
2261 3353 2376 3391 sua
2411 3333 2546 3389 cui-

1470 3440 1588 3498 que
1626 3420 1753 3477 dies
1798 3429 1907 3477 etc.
1990 3421 2079 3477 Ita
2117 3430 2322 3498 poetae
2352 3438 2550 3477 assue-

1466 3506 1689 3564 faciunt
1727 3506 1952 3563 animos
1978 3513 2202 3563 nostros
2217 3549 2234 3579 ,
2294 3523 2443 3586 quae
2483 3507 2548 3562 in

1466 3600 1776 3671 utramque
1809 3601 2036 3670 partem
2080 3588 2356 3668 disputari
2409 3608 2550 3669 pos-

1464 3678 1580 3735 sint
1596 3720 1612 3749 ,
1655 3674 1852 3735 videre
1891 3686 1950 3733 et
1984 3686 2278 3755 reputare3
2320 3686 2378 3733 et
2403 3673 2550 3733 hao-

1464 3772 1636 3821 tenus
1709 3771 1844 3819 sunt
1895 3763 2208 3840 sapientiae
2269 3763 2548 3840 magistri,

1468 3857 1868 3927 praeceptores
1887 3844 2132 3905 humani
2159 3850 2407 3925 generis.

1555 3932 1700 3996 510.
1741 3930 2049 4009 Pugnabat
2093 3933 2320 3991 Aeneas
2357 3934 2422 3991 in
2460 3932 2550 3989 al-

1469 4026 1596 4077 tero
1639 4018 1872 4095 agmine
1912 4022 2038 4083 810
2067 4050 2156 4062 -
2184 4022 2330 4082 861.
2385 4018 2554 4075 tenui

1474 4100 1818 4161 discrimine
1857 4101 1989 4177 leti,
2060 4101 2294 4161 modico
2347 4104 2550 4161 mortis

1472 4189 1774 4247 interstitio
1805 4187 1970 4247 Serv.
2001 4187 2186 4245 letum
2213 4207 2319 4267 pro
2350 4188 2548 4257 exitia,

1474 4284 1664 4353 strage
1691 4275 2010 4353 copiarum.
2052 4273 2340 4350 (-·-612.
2393 4272 2550 4327 Teur-

1476 4360 1626 4433 crbs,
1667 4362 1852 4417 immo
1877 4350 2230 4429 Arcadibus3
2279 4353 2396 4412 vid.
2413 4356 2548 4412 Not.

1475 4442 1552 4503 ad
1590 4464 1676 4505 vs.
1705 4442 1852 4509 404.

1935 4444 2014 4503 Ut
2070 4440 2308 4500 Teucris
2333 4438 2554 4499 scribe-
