3009 5050
665 392 1271 471 Al-:Nmnos
1324 394 1532 473 Lm.
1585 397 1714 492 x1,
1773 403 2200 477 129—146
2393 336 2551 478 593⁸

300 583 465 661 Nec
496 576 859 678 plaustris
886 594 1192 656 cessant
1216 595 1528 657 vectare
1559 584 2062 680 gementibus
2088 558 2354 664 ornos..

400 684 502 758 Et
546 683 701 757 iam
734 687 973 758 Fama
1008 683 1322 778 volans,
1388 687 1584 761 tanti
1617 689 2082 786 praenuntia
2113 687 2394 786 luctus,

295 786 765 862 Euandrum
848 787 1363 889 Euandrique
1453 788 1772 866 domos·
1835 803 1916 868 et
2009 793 2331 870 moenia
2413 818 2543 871 re-

302 995 521 1086 Quae
548 991 807 1069 modo
840 994 1228 1071 victorem
1260 893 1874 1072 Latiopssg'llanta
1900 993 2229 1076 ferebat.
2396 905 2542 977 140

296 1095 643 1171 Arcades
678 1096 781 1172 ad
806 1111 1073 1198 portas
1096 1123 1371 1194 ruere,
1430 1111 1510 1174 et
1537 1098 1642 1174 de
1674 1122 1905 1175 more
1937 1113 2248 1179 vetusto

296 1202 697 1275 Funereas
724 1225 1065 1301 rapuere
1105 1200 1337 1281 faces.
1440 1205 1690 1279 Lucet
1737 1202 1859 1278 via
1884 1200 2128 1300 longo

298 1302 609 1378 Ordine
640 1299 1181 1400 flammarum,
1204 1359 1211 1369 -
1234 1318 1317 1382 et
1339 1303 1495 1380 late
1530 1305 2015 1381 discriminat
2043 1328 2288 1404 agros.

299 1407 601 1482 Contra
622 1406 855 1482 turba
870 1407 1273 1506 Phrygum
1299 1408 1628 1485 veniens
1656 1407 2105 1509 plangentia
2129 1406 2379 1507 iungit
2395 1413 2542 1487 145

296 1509 653 1606 Agmina.
749 1515 971 1605 Quae
1006 1525 1435 1614 postquam
1464 1526 1760 1589 matres
1789 1513 2220 1590 succedere
2250 1513 2476 1588 tectis

405 1654 573 1727 140.
630 1669 999 1726 conputr-
1196 1656 1366 1730 145.
1414 1672 1766 1726 mimum

439 1855 539 1909 138
572 1873 748 1908 ornus
793 1860 973 1926 sprot.
1102 1859 1203 1914 139
1237 1860 1391 1914 volas
1428 1860 1603 1928 Bigot.
1640 1868 1695 1912 et
1733 1858 1897 1912 Goth.
1947 1866 2074 1911 tert.
2216 1859 2318 1915 140
2352 1860 2546 1915 domus

292 1922 497 1976 Probus
530 1925 583 1976 in
621 1927 1001 1992 Gnmmatiea,
1062 1941 1115 1982 et
1146 1929 1223 1980 sic
1256 1931 1392 1982 alter
1426 1929 1611 1981 Hamb.
1681 1930 1818 1980 Tum
1857 1928 2034 1999 replet
2071 1928 2227 1981 Rom.
2265 1939 2321 1985 et
2354 1928 2544 2000 reliqui

290 1993 431 2047 Pier.
466 1995 657 2048 Medic.
693 2014 725 2047 a
758 2013 829 2048 m.
861 2013 943 2066 pr.
994 2005 1050 2049 et
1102 1997 1341 2068 plerique
1388 1999 1571 2052 Heius.
1616 2015 1732 2050 eum
1781 1997 1918 2050 binis
1953 1997 2118 2050 Goth.
2156 1998 2264 2050 Erf.
2319 2007 2377 2049 et
2409 2007 2544 2052 vett.

292 2061 416 2115 edd.
486 2065 685 2118 Firmat
716 2081 925 2135 quoque
960 2066 1235 2130 Heineinu
1269 2067 1487 2138 reliquit
1517 2078 1692 2120 tamen
1725 2066 1962 2130 alterum,
1996 2067 2258 2138 comples,
2293 2067 2436 2136 qnod
2457 2066 2543 2118 le-

290 2133 433 2200 gitur
465 2133 587 2186 inde
623 2135 691 2186 ab
725 2135 845 2186 Ald.
892 2153 973 2204 pr.
1025 2137 1273 2206 qnodque
1316 2138 1431 2206 ipse
1464 2139 1777 2205 praeferam.
1845 2137 2102 2205 Repoeuit
2148 2152 2358 2206 quoqne
2405 2153 2543 2189 nune

290 2202 508 2256 Wakef.
580 2204 713 2272 (Hie.
745 2204 955 2272 quidem
972 2243 989 2265 .
1037 2215 1099 2258 nt
1144 2207 1305 2260 etiam
1348 2207 1594 2270 Iahnius,
1639 2205 1877 2258 restituit
1921 2205 2128 2275 reples,
2159 2205 2306 2274 qnod
2341 2217 2394 2257 et
2425 2205 2544 2276 ipse

288 2272 1092 2398 {mnasithzfiiff‘ss'
1117 2273 2370 2396 1¹3³ssssssss{assffpssissffoe'ssssdss'iss‘ss’
2387 2275 2546 2398 :3:¹23

292 2409 387 2472 IV,
424 2411 570 2463 189.=
614 2448 649 2473 ,‚
668 2379 813 2462 Hitee
846 2439 913 2450 —
942 2382 1119 2463 {Fanm
1152 2441 1219 2452 —
1252 2421 1364 2464 tum
1412 2411 1692 2479 multiplici
1713 2359 1967 2480 ppopnloo
2015 2427 2256 2463 sermone
2307 2428 2434 2478 rep
2480 2429 2543 2464 e-

294 2477 375 2529 ba
390 2487 427 2529 t.
438 2483 471 2508 ⁸⁶
516 2480 661 2547 Wr.)
767 2479 865 2535 141
904 2483 1057 2545 Quae
1087 2499 1201 2533 non
1234 2481 1319 2533 ed..
1352 2499 1435 2551 pr.
1470 2482 1742 2533 Burmann.
1861 2479 1964 2534 142
1995 2480 2250 2533 Areada-s
2279 2479 2452 2548 Bigot.
2489 2489 2545 2533 et

295 2546 439 2615 apud
486 2552 653 2611 Serv„
694 2548 789 2599 sed
834 2548 1039 2600 vitiose.
1108 2551 1355 2603 Arcades
1402 2564 1459 2603 et
1518 2568 1622 2602 sec.
1673 2551 1880 2615 Menag.
1947 2549 2024 2600 ad
2071 2562 2287 2617 portam
2319 2550 2416 2602 Ed.
2463 2568 2544 2617 pr.

294 2616 571 2669 Burmann.
645 2629 706 2668 σε
745 2618 936 2699 porcia
966 2636 1129 2671 ruere
1158 2618 1309 2669 multi
1344 2638 1427 2687 ap.
1456 2624 1624 2683 Serva,
1669 2634 1778 2669 non
1813 2618 1977 2669 male:
2033 2616 2136 2669 etsi
2167 2618 2354 2669 eodem
2385 2618 2545 2684 redit,

294 2702 389 2737 seu
430 2688 585 2739 turba
617 2693 789 2755 portis
822 2696 941 2738 ruat
970 2686 1025 2737 in
1066 2704 1309 2755 campos,
1342 2705 1433 2739 sen
1469 2688 1538 2739 ad
1571 2694 1773 2756 portas,
1805 2694 1867 2738 nt
1899 2694 2066 2738 exeat.
2208 2688 2308 2739 144
2339 2687 2546 2739 diuer-

296 2756 473 2809 minae
505 2774 593 2824 qu.
627 2756 824 2807 Moret.
966 2754 1065 2810 145
1099 2756 1343 2827 iungunt
1376 2774 1405 2809 e
1430 2755 1674 2809 Medieeo
1705 2765 1762 2807 et
1796 2754 1914 2807 aliis
1943 2753 2124 2806 Heius.
2159 2754 2319 2817 (adde
2347 2754 2544 2820 Golut.)

294 2841 397 2893 pro
432 2813 633 2893 vulgari
664 2826 876 2895 iungit,
931 2825 1074 2947 qnod
1108 2827 1259 2879 Rom.
1298 2836 1489 2880 tuetur.
1549 2823 1730 2893 (etiam
1763 2824 1958 2885 Palat.;
2003 2823 2164 2891 idque
2188 2823 2398 2889 recepi3
2439 2823 2546 2877 vid.

297 2896 367 2956 Q.
404 2897 471 2948 V.
507 2896 644 2960 vm,
678 2895 733 2957 2,
766 2910 815 2947 a.
851 2904 907 2945 et
976 2904 1073 2958 ,·e.
1113 2896 1259 2962 Wr.)
1378 2892 1477 2950 146
1511 2895 1768 2949 accedere
1799 2912 1884 2963 pr.
1924 2893 2111 2945 Hamb.
2143 2907 2243 2961 pro
2277 2908 2387 2943 var.
2422 2891 2546 2945 loct.

294 2976 441 3017 tecto
476 2974 605 3017 vett.
638 2962 781 3029 edd„
828 2964 1008 3033 sieque
1054 2964 1219 3017 Goth.
1267 2982 1349 3036 pr.
1418 2966 1582 3017 sectis
1631 2962 1854 3032 primum
1898 2961 2140 3015 intulisse
2186 2959 2393 3012 videnu-
2425 2961 2542 3015 ald.

294 3149 451 3198 tutos
489 3140 815 3219 praestabat
858 3136 917 3197 h.
962 3140 1001 3197 Ι.
1046 3148 1103 3197 et
1144 3140 1382 3198 Latinos
1464 3140 1612 3199 lauti
1639 3138 1913 3199 Arcades.
1997 3138 2112 3197 vix
2151 3138 2298 3197 ferat
2339 3138 2544 3220 aliquis

298 3236 359 3283 et
386 3226 675 3285 Troianos
694 3270 711 3301 ,
752 3236 819 3283 ut
856 3226 1131 3304 permixti
1158 3224 1383 3285 discur-
1466 3226 1658 3286 Servii
1700 3236 1759 3283 et
1798 3227 2046 3285 aliorum
2073 3242 2276 3303 nugas.
2347 3224 2546 3283 Refert

297 3322 513 3369 terent.
621 3312 950 3371 Numerum
995 3312 1113 3369 XII
1154 3310 1384 3369 dierum
1464 3310 1528 3370 h.
1562 3314 1604 3370 1.
1632 3320 1804 3391 poeta
1845 3312 2144 3389 ingeniose
2171 3308 2248 3367 ad
2285 3321 2546 3368 veterem

298 3396 375 3453 ab
403 3398 661 3455 Homero
690 3398 929 3475 arripuit
955 3394 1119 3454 Iliad.
1150 3418 1199 3457 ω
1212 3442 1227 3470 ,
1272 3416 1383 3454 nee
1464 3395 1765 3455 Arcadum
1793 3415 2020 3455 morem
2036 3440 2051 3469 ‚
2083 3392 2240 3476 quod
2267 3396 2546 3455 Romanis

296 3480 459 3539 aliud
513 3481 656 3564 quid
704 3482 1125 3563 quaerendum.
1240 3481 1385 3545 184.
1465 3483 1726 3541 sollenne
1755 3492 1877 3539 erat
1895 3525 1912 3555 ,
1941 3492 2008 3538 nt
2033 3481 2253 3539 facibus
2284 3491 2342 3538 et
2368 3482 2546 3539 cereis

298 3564 425 3625 Per
462 3568 651 3627 silvas
662 3590 689 3639 ,-
748 3566 983 3641 itidem,
1026 3578 1094 3625 ut
1118 3564 1284 3625 Iliad.
1315 3590 1385 3645 η,
1467 3558 1721 3627 accensis
1775 3586 2053 3645 pompam
2103 3564 2414 3624 funebrem
2469 3564 2546 3625 ad

298 3650 447 3717 419.
537 3653 659 3717 135
687 3673 849 3734 seqq.
880 3654 1109 3712 Similia
1136 3674 1265 3733 sup.
1280 3653 1386 3710 lib.
1466 3672 1680 3731 rogum
1738 3651 2032 3711 ducerent.
2128 3652 2382 3710 Omnino
2430 3668 2545 3709 no·-

297 3738 397 3809 VI,
443 3741 567 3801 180
608 3758 695 3817 sq.
788 3741 931 3803 137.
990 3738 1245 3795 olentem
1286 3758 1387 3793 ce-
1468 3748 1676 3797 etumo
1719 3747 1982 3817 tempore
2029 3738 2302 3817 exequias
2353 3737 2543 3795 facere

298 3822 481 3879 dmm
494 3866 511 3896 ,
544 3821 862 3883 odoratam.
946 3826 1036 3880 De
1063 3820 1175 3881 hac
1200 3825 1385 3881 Grae-

298 3926 505 3967 corum
536 3919 595 3965 et
624 3910 969 3967 Latinorum
998 3906 1203 3983 oedr0,
1236 3928 1386 3989 quae

298 4013 377 4051 ex
406 3993 807 4072 iuniperorum
834 4014 1051 4073 genere
1092 4005 1175 4052 est
1192 4039 1209 4068 ,
1251 3995 1385 4051 satis

298 4078 527 4139 dictum
565 4098 692 4157 sup.
738 4078 815 4139 ad
856 4081 959 4139 lib.
1001 4080 1126 4154 vll,
1172 4082 1283 4153 13,
1326 4087 1385 4137 et

298 4167 408 4225 Ge.
438 4166 513 4238 11,
544 4161 693 4227 448.

386 4329 529 4396 142.
580 4330 723 4397 148.
768 4334 989 4394 Sumtis
1028 4334 1249 4393 facibus
1288 4352 1384 4391 ar-

298 4416 571 4478 dentibus
616 4416 907 4497 prodeunt
949 4422 1185 4481 obviam
1244 4420 1383 4477 Pal-

400 4516 711 4595 Vmsn..
767 4520 979 4595 Tou.
1032 4518 1163 4594 ΠΙ.

1466 3843 1598 3881 mos
1640 3832 1791 3880 erat:
1836 3820 1994 3902 quod
2033 3832 2229 3879 tamen
2267 3822 2330 3877 in
2369 3822 2544 3880 nobi-

1468 3908 1620 3967 lium
1646 3908 1942 3965 funeribus
1983 3926 2104 3965 uon
2162 3924 2348 3986 aeque
2391 3908 2544 3965 obti-

1470 3996 1662 4052 nuisse
1713 3990 1852 4049 inde
1909 3993 2143 4071 colligas
2159 4036 2176 4067 ,
2238 3989 2397 4071 quod
2436 4010 2544 4070 pro

1466 4080 1662 4137 rostris
1731 4075 2092 4137 laudationes
2163 4074 2544 4134 habebantur.

1470 4165 1624 4221 Cum
1649 4160 1870 4223 facibus
1895 4163 2044 4221 forte
2074 4162 2250 4220 etiam
2274 4178 2404 4217 mos
2433 4159 2545 4217 fuit

1466 4260 1534 4309 ut
1579 4249 1814 4308 obviam
1850 4246 2332 4327 progrederentur
2379 4262 2544 4301 mor-

1464 4336 1578 4393 tuis
1594 4378 1613 4409 ,
1657 4335 1762 4414 qui
1801 4352 1878 4391 ex
1914 4332 2142 4412 praeliis
2169 4326 2544 4407 reportaban-

1464 4430 1580 4479 tur.
1635 4412 1852 4495 (ruere
1887 4428 1948 4473 et
1980 4432 2258 4492 rapuere,
2307 4410 2426 4473 vid.
2471 4414 2543 4487 Ω.

2026 4515 2130 4584 38
