3009 5050
549 356 694 432 104

1008 351 1092 427 P.
1147 343 1573 426 VIRGIL
1592 342 1683 420 11
1728 340 2288 422 MARONIS

649 539 752 613 At
775 538 1220 632 Messapus»,
1275 555 1575 632 equum
1624 525 2011 623 domitor,
2064 524 2461 627 Neptunia
2494 523 2798 624 proles»,

550 646 812 735 Quem
841 659 1109 737 neque
1138 631 1255 710 fas
1283 635 1443 732 igni
1474 633 1843 732 cuiquam
1869 655 2021 706 nec
2044 643 2401 706 sternere
2426 622 2671 726 ferm,

543 747 714 820 Iam
745 739 1062 842 pridem
1095 737 1394 814 resides
1423 734 1810 837 populoS,
1864 733 2353 833 desuetaque
2376 727 2597 806 bello

544 847 909 942 Agmina,
942 843 1023 916 in
1059 865 1274 916 arma
1303 852 1534 915 vocat
1556 837 1855 929 subito,
1900 835 2374 936 ferrumque
2400 846 2795 914 retractat.

543 949 645 1025 Hi
675 946 1202 1024 Fescenninas
1237 943 1438 1018 acies
1465 947 1950 1042 Aequosque
1983 939 2344 1034 FaliscoS‚

2632 947 2793 1018 695

543 1051 648 1128 Hi
681 1047 1015 1124 Soractis
1043 1047 1342 1124 habent
1385 1067 1603 1120 arces
1630 1043 2131 1143 Flaviniaque
2164 1067 2368 1135 arva,

543 1156 646 1232 Et
677 1151 966 1230 Cimini
1007 1175 1190 1226 cum
1217 1162 1498 1226 monte
1538 1145 1799 1222 lacum
1831 1145 2217 1246 lucosque
2252 1147 2638 1243 Capenos.

681 1343 781 1398 691
816 1344 1112 1412 Messapus,
1149 1343 1472 1422 Messapum
1527 1339 1686 1390 etiam
1726 1338 1865 1408 apud
1900 1339 2131 1390 Graecos
2167 1333 2447 1398 scribitur,
2494 1343 2550 1386 at
2582 1333 2797 1401 vitiose,

546 1413 881 1484 Mesaphus,
939 1410 1272 1480 Messa-aplius
1317 1427 1372 1460 ιιι
1409 1426 1532 1461 mss.
1578 1409 1631 1460 h.
1666 1407 1703 1458 l.
2486 1473 2499 1484 ·

1213 1478 1403 1546 bigot„
1457 1479 1598 1529 forte
1647 1493 1713 1528 ex
1756 1477 1853 1529 lib·
1903 1479 1943 1538 l,
1986 1477 2109 1532 721.
2158 1475 2291 1530 722:
2352 1485 2409 1524 et
2441 1490 2565 1525 νινο
2611 1485 2798 1526 teneat

546 1482 650 1538 698
699 1481 908 1532 resides
957 1483 1165 1530 animos

1856 1408 1960 1462 692
2004 1423 2105 1459 nee
2154 1407 2351 1456 sistere
2400 1403 2604 1472 aliquot
2650 1403 2795 1457 Pier.

586 1561 894 1602 meret-tere
931 1537 1127 1600 arnor-0⁰
1145 1547 1470 1618 Iampridem
1518 1545 1719 1598 resides
1752 1545 1955 1598 animos
1990 1545 2325 1613 desuetaque
2360 1543 2561 1604 corda,
2609 1552 2666 1595 ut
2698 1545 2798 1605 VI,
2908 1565 2911 1568 ⁴

543 1569 653 1674 514
686 1618 998 1685 residesque
1041 1615 1274 1670 movebis
1321 1616 1522 1667 Tullus
1554 1618 1613 1666 in
1646 1633 1801 1666 arma
1834 1615 2003 1666 viros.
2062 1628 2223 1681 porro
2260 1609 2404 1663 bella
2436 1611 2627 1664 Medic.
2674 1613 2798 1684 (sed

547 1705 581 1740 a
615 1703 688 1738 m.
728 1703 809 1753 pr.
874 1685 1020 1751 Wr.)

1155 1682 1264 1740 694
1309 1696 1618 1736 retractam
1666 1684 1814 1736 Leid.
1900 1692 2220 1752 retorquent
2267 1683 2481 1733 Oudart.
2530 1698 2563 1732 ι
2594 1699 2663 1734 m.
2711 1699 2795 1750 pr.

547 1755 653 1810 695
687 1753 1048 1810 Fescellinas.
1092 1754 1456 1816 Phoesienas,
1501 1761 1559 1805 et
1604 1757 1732 1822 equi
1760 1769 2062 1822 currusque
2092 1751 2342 1803 Faliscos
2370 1749 2561 1801 misere
2592 1751 2799 1820 depra-

548 1833 720 1878 vatum
753 1822 809 1873 in
843 1823 1120 1874 nonnullis.
1190 1822 1447 1874 vitiosam
1475 1821 1785 1889 scripturam
1804 1839 2009 1891 aequos
2036 1818 2262 1872 deserui.
2298 1835 2347 1868 s.
2378 1820 2505 1870 Not.
2537 1823 2799 1890 Aequos-

551 1911 656 2014 gue
682 1893 928 1943 Faliscos
963 1909 1030 1942 ue
1063 1891 1154 1961 qui
1187 1909 1301 1944 cum
1321 1890 1695 1960 Cuuinghamio
1730 1890 2025 1953 emendant,
2061 1887 2200 1940 inter
2272 1905 2365 1940 uos
2402 1887 2559 1940 etiam
2592 1891 2795 1944 len-ius

559 2021 562 2026 Ι
590 1979 621 2012 e
667 1958 856 2012 Fetial.

952 1997 967 2022 ,
1017 1977 1124 2012 nou
1168 1961 1350 2012 vident
1395 1965 1604 2028 Aequos
1656 1959 1795 2012 inter
1827 1959 2067 2010 Etruriae
2114 1975 2259 2028 popu
2284 1973 2341 2009 os
2376 1959 2655 2012 memorari
2688 1977 2799 2012 non

549 2046 728 2100 posse.
795 2031 852 2080 In
879 2029 1041 2081 Goth.
1073 2037 1202 2081 tert.
1229 2028 1562 2080 hemistichia
1596 2040 1825 2082 extrema
1856 2045 1906 2081 v.
1938 2028 2041 2081 695
2076 2035 2132 2078 et
2161 2026 2265 2080 696
2300 2036 2450 2078 eraut
2482 2039 2799 2096 permutata.

551 2099 655 2153 696
687 2097 1064 2167 Flaminiaque
1108 2116 1231 2167 pars
1288 2097 1456 2151 codd.·
1489 2097 1669 2151 Heius.
1754 2116 1909 2151 arma
1954 2099 2139 2148 Frane.
2240 2096 2345 2151 69⁷
2380 2099 2592 2165 (b‘mini
2620 2099 2797 2168 vulgg.

553 2167 784 2220 Galessos
813 2167 966 2219 Rom.

639 2311 756 2374 691
793 2327 919 2390 sqq.
965 2309 1243 2386 Messapi
1279 2309 1523 2368 obscura
1552 2318 1635 2367 est

553 2393 748 2452 fabula
775 2437 792 2468 ‚
853 2395 1059 2454 saltem
1114 2397 1176 2452 in
1225 2393 1315 2452 his
1370 2393 1635 2454 Etruriae

555 2477 632 2538 ad
674 2479 940 2537 Tiberini
983 2479 1158 2557 locis3
1229 2499 1368 2538 nam
1415 2481 1636 2539 Messa-

553 2583 700 2645 pum
716 2609 732 2639 ,
777 2564 1137 2624 conditorem
1165 2576 1222 2625 et
1249 2586 1450 2644 regem
1477 2568 1636 2623 Mes·-

554 2651 846 2729 sepiarum
873 2653 935 2708 in
964 2661 1220 2709 extrema
1247 2652 1412 2709 Italia
1425 2696 1442 2727 ,
1487 2671 1635 2732 quae.

554 2736 835 2815 Messapia
864 2746 922 2793 et
947 2738 1188 2817 Iapygia
1215 2746 1298 2795 est
1316 2783 1332 2812 ,
1376 2734 1493 2795 huc
1522 2756 1633 2795 vo-

554 2839 685 2879 care
730 2839 852 2878 non
905 2822 1060 2880 licet.
1143 2824 1419 2881 Nostrum
1473 2820 1633 2879 huno

551 2908 616 2965 in
641 2906 906 2965 Etruriae
931 2908 1072 2965 locis
1102 2904 1178 2965 ad
1206 2911 1492 2965 orientem
1541 2910 1635 2966 vi-

555 2989 758 3051 demus
786 2995 850 3049 in
891 2990 952 3049 h.
989 2993 1036 3049 1.
1079 2994 1253 3049 fuisse
1293 2994 1637 3050 bellatorem

551 3074 1051 3135 invulnerabilem.
1094 3076 1170 3134 cf.
1199 3078 1446 3135 Excurs.
1478 3078 1633 3134 vm.

556 3158 683 3233 (At
695 3201 720 3229 ,
762 3162 826 3217 iu
871 3162 1338 3237 enumeratione3
1398 3160 1517 3219 vid.
1562 3162 1633 3231 Q.

554 3244 628 3301 V.
679 3246 979 3319 XXXVII,
1025 3250 1086 3310 3.
1150 3246 1326 3327 Wr.)
1415 3266 1635 3325 equum

557 3326 861 3399 domitor,
931 3338 998 3387 ut
1059 3351 1119 3389 v.
1178 3330 1298 3395 651
1359 3332 1627 3389 Lausus.

557 3415 708 3477 692.
747 3414 1028 3487 invictus,
1051 3416 1178 3493 igni
1207 3426 1264 3473 et
1287 3416 1460 3475 ferro.
1486 3416 1634 3495 sas,

559 3496 814 3563 δυνατὸν
831 3542 850 3575 ,
891 3510 958 3559 ut
985 3498 1279 3557 interdum
1307 3498 1464 3579 apud
1487 3520 1637 3581 poe-

557 3592 666 3641 tas.
763 3584 909 3648 695.
968 3585 1129 3654 Quae
1172 3595 1492 3665 sequuntur
1533 3604 1637 3643 ur-

558 3667 692 3742 bes,
732 3670 796 3727 in
823 3670 1089 3727 Etruriae
1126 3680 1290 3749 parte
1331 3669 1406 3727 ad
1448 3672 1637 3729 Tibe-

557 3754 672 3811 rim
713 3763 990 3833 vergente
1047 3754 1413 3835 quaerendae
1463 3765 1632 3815 sunt:

416 3864 437 3882 -
559 3837 790 3895 Falisci
804 3881 829 3910 ,
871 3858 974 3898 seu
1003 3838 1267 3912 Falerii,
1308 3862 1420 3899 neo
1460 3842 1636 3921 longe

559 3923 633 3981 ab
660 3920 748 3983 his
775 3924 1104 3983 Fescennia
1148 3946 1285 3983 oum
1325 3926 1635 3997 Flavinio,

557 4027 607 4067 s.
634 4008 926 4081 Rapina,
956 4009 1182 4069 dudum
1209 4032 1242 4069 e
1269 4010 1464 4071 medio
1495 4014 1638 4072 sub-

557 4095 692 4151 lata.
780 4096 966 4153 Mons
1019 4097 1266 4155 Soracte
1325 4097 1428 4173 (of.
1487 4098 1637 4155 infra

557 4180 662 4253 xl,
691 4179 815 4243 785
843 4182 1035 4262 sqq.),
1078 4182 1288 4239 Lacus
1344 4182 1637 4241 Ciminius

557 4284 694 4322 eum
733 4265 934 4323 Monte
974 4276 1032 4323 et
1083 4268 1248 4325 Saltu
1303 4268 1555 4327 Ciminia
1602 4288 1635 4326 e

555 4350 684 4409 Liv.
711 4352 815 4424 IX,
847 4355 973 4415 867
1016 4361 1194 4427 noto,
1252 4372 1412 4412 nuno
1453 4354 1634 4433 Lago
1668 4352 1675 4361 '

1716 2309 1785 2369 di
1820 2309 1965 2369 Vico
2014 2305 2189 2384 (nam
2204 2349 2231 2378 ,
2272 2308 2465 2388 iuquit
2502 2309 2796 2388 Pompon.

1719 2397 1879 2470 Sub„
1936 2395 2051 2452 illic
2082 2391 2442 2470 oppidzdum
2470 2413 2663 2470 nuper
2698 2393 2799 2451 di—

1716 2491 1923 2541 rutum
1977 2477 2409 2557 appellabatur
2463 2481 2632 2539 vicus
2693 2475 2797 2541 Gi-

1718 2568 1895 2645 mim')
1916 2608 1939 2637 ‚
1976 2577 2034 2625 et
2052 2566 2233 2643 Lago
2262 2564 2331 2621 di
2354 2564 2756 2644 Ronciglione
2768 2588 2795 2639 ,-

1716 2650 2072 2733 tandemque
2095 2650 2367 2726 capena,
2394 2652 2624 2709 Faliscis
2652 2671 2801 2709 eon-

1718 2739 1967 2797 termina
1986 2782 2003 2812 ,
2048 2755 2187 2799 cum
2228 2734 2365 2793 luco
2408 2736 2699 2793 Feroniae
2734 2737 2801 2795 in

1715 2844 1856 2903 agro
1917 2824 2207 2901 Capenate
2264 2823 2395 2879 sito,
2477 2821 2597 2880 vid.
2664 2824 2799 2881 Liv.

1716 2908 1933 2983 XXVI,
1968 2911 2065 2969 11.
2094 2910 2141 2982 1,
2172 2909 2273 2969 80.
2300 2910 2548 2989 Dionys.
2570 2908 2671 2978 111,
2692 2912 2801 2971 32.

1718 2994 1895 3053 Silius
1936 2994 2095 3065 xm,
2147 2989 2229 3055 84
2257 3012 2421 3075 seqq.
2439 3037 2456 3068 ,
2511 2995 2615 3074 qui
2638 2990 2803 3051 idem

1717 3080 1916 3137 locum
1942 3089 2207 3135 nostrum
2235 3080 2512 3158 expressit
2530 3080 2631 3137 lib.
2647 3078 2799 3152 VIII,

1717 3162 1835 3226 491
1884 3181 2011 3243 sqq.
2098 3161 2267 3233 Quod
2310 3175 2507 3223 autem
2548 3163 2803 3243 Aequos·

1718 3246 1988 3305 Faliscos
2028 3248 2277 3327 appellat
2291 3293 2306 3324 ,
2372 3248 2449 3308 ad
2494 3253 2803 3331 antiquum

1716 3333 2071 3391 Faliscorum
2109 3352 2331 3393 nomen
2377 3346 2625 3413 spectat,
2664 3334 2802 3393 Ae·-

1720 3438 1910 3497 quum
1935 3416 2247 3475 Faliscum
2256 3442 2283 3493 ;
2314 3421 2385 3479 ab
2408 3421 2626 3502 Aequis
2642 3422 2801 3479 enim

1717 3504 1813 3561 vel
1840 3502 2174 3583 Aequiculis
2204 3516 2262 3564 et
2282 3508 2577 3587 Aequanis
2604 3517 2802 3565 traxe-

1718 3599 1851 3647 rant
1888 3588 1975 3646 illi
2014 3592 2207 3649 nescio
2254 3590 2423 3671 quid3
2465 3613 2525 3650 v.
2570 3592 2799 3651 Cluver.

1716 3674 1844 3733 Ital.
1876 3685 1994 3733 ant.
2022 3694 2159 3753 pag.
2206 3674 2329 3741 538
2376 3696 2451 3735 ex
2498 3678 2689 3736 strab.
2728 3678 2797 3751 V,

1717 3778 1855 3839 pag.
1902 3758 2025 3823 346
2064 3760 2165 3833 Ας
2238 3760 2490 3839 Aequos
2532 3762 2802 3819 Faliscos

1720 3847 1895 3902 etiam
1923 3846 2100 3903 Silius
2130 3844 2278 3905 dixit
2316 3849 2417 3906 lib.
2459 3849 2610 3922 VIII,
2654 3846 2799 3911 490.

1723 3930 1997 4005 (Faliscos
2027 3950 2105 3989 ex
2138 3943 2300 4011 parte
2348 3934 2586 4015 Aequos
2628 3933 2801 3993 fuisse

1718 4016 1963 4097 probare
1990 4016 2235 4075 instisuit
2261 4016 2542 4077 Niebuhr.
2578 4018 2792 4077 Roem.

1731 4100 1948 4159 Gesch.
1984 4102 2117 4160 Vol.
2145 4104 2192 4159 Ι.
2220 4124 2282 4182 p.
2314 4106 2417 4167 81.
2502 4101 2625 4163 Sed
2668 4103 2805 4161 Ae·-

1720 4206 1910 4265 quum
1934 4186 2250 4245 Faliscum
2278 4190 2422 4247 otfr.
2449 4190 2714 4249 Mueller.
2743 4192 2803 4247 in

1719 4272 1866 4330 libro
1891 4315 1908 4347 ,
1966 4273 2060 4329 cui
2120 4274 2404 4353 inscripsit
2446 4274 2569 4335 Die
2612 4274 2807 4333 Elm-

1720 4354 1853 4413 sker
1869 4398 1896 4427 ,
1937 4358 2066 4415 Vol.
2095 4360 2141 4431 1,
2169 4379 2231 4437 p·
2266 4363 2407 4423 110.
2450 4360 2641 4419 simile
2685 4362 2809 4421 Ae-
