3009 5050
658 422 1267 501 AENEmos
1321 424 1702 519 LIB.1X‚
1757 432 2193 504 sss-710
2403 434 2553 507 399

304 619 491 691 Non
524 612 819 688 iaculo:
884 635 1155 711 neque
1188 611 1401 685 enim
1435 609 1688 699 iaculo
1719 608 1960 685 vitam
2002 608 2138 685 ille
2175 608 2558 689 dedissete

310 717 473 793 Sed
503 738 889 813 magnum
918 715 1263 791 stridens
1291 726 1654 790 contorta
1685 712 2075 814 phalarica
2095 716 2334 809 venit,
2405 726 2554 795 705

304 818 697 897 Fulminis
746 832 911 894 acta
950 818 1247 896 modo:
1300 842 1546 919 quam
1597 842 1752 893 nec
1795 816 1956 897 duo
2004 830 2274 895 taurea
2314 833 2555 919 terga,

304 929 472 1001 Nec
502 921 797 1023 duplici
828 947 1155 1023 squama
1184 922 1427 997 lorica
1459 918 1722 997 fidelis
1756 934 1836 995 et
1859 944 2054 995 auro

276 1028 737 1118 ‚Sustinuit3
794 1024 1165 1101 conlahsa
1192 1039 1439 1102 ruunt
1482 1024 1826 1100 inmania
1861 1022 2248 1105 membra.

304 1138 460 1208 Dat
527 1129 768 1207 tellus
821 1130 1213 1227 gemitum
1246 1189 1267 1227 ‚
1360 1141 1440 1205 et
1522 1130 1870 1227 clipeum
1935 1152 2175 1228 super
2249 1130 2560 1227 intonat

309 1293 326 1308 .
1472 1254 1773 1329 mgenS.
2108 1286 2112 1291 .

312 1336 521 1413 Talis
552 1336 637 1410 in
682 1333 1045 1411 Euboico
1074 1336 1439 1411 Baiarum
1463 1332 1700 1412 litore
1735 1332 2148 1437 quondam

415 1484 587 1553 709.
642 1495 957 1549 monus:
1181 1484 1353 1551 710.
1410 1478 1710 1568 QUAms

2407 1342 2560 1413 710

451 1664 551 1719 705
569 1664 881 1736 phalarica.
950 1662 1038 1715 Sic
1078 1672 1131 1715 et
1166 1662 1359 1715 Medic.
1427 1665 1488 1715 In
1526 1680 1654 1715 voce
1699 1664 1930 1714 Romana
1971 1660 2263 1713 maluissem
2295 1656 2559 1731 falarica.

312 1736 503 1804 (variat
528 1734 681 1785 huius
713 1731 937 1785 nominis
973 1732 1233 1801 scriptura
1266 1732 1406 1802 apud
1449 1732 1641 1784 Lucan.
1677 1734 1768 1796 w,
1808 1730 1942 1795 198„
1989 1730 2078 1782 ubi
2105 1730 2210 1783 vid.
2239 1732 2413 1794 Cort.;
2447 1736 2560 1783 Ou-

311 1804 631 1873 dendorpius
660 1802 769 1867 ibi,
804 1820 952 1854 usum
988 1802 1356 1871 plerorumque
1394 1806 1682 1855 recentium
1714 1800 2108 1869 philologorum
2137 1811 2356 1863 secutuS‚
2393 1800 2562 1853 edidit

298 1874 568 1945 falarica.
613 1876 696 1926 W
692 1875 758 1939 r.)
894 1872 1001 1926 706
1022 1891 1137 1924 non
1162 1870 1403 1923 Parthas.
1432 1882 1487 1923 et
1512 1871 1772 1926 Montalb.
1833 1890 1974 1941 quae
1994 1889 2107 1923 non
2137 1870 2355 1922 Dorvill.
2428 1882 2562 1923 tau-

312 1946 429 1995 rica
456 1940 619 1995 Goth.
653 1960 757 1993 see.
896 1942 999 1997 708
1024 1945 1083 1993 in
1111 1939 1293 1995 menia
1321 1942 1502 1993 Franc.
1643 1940 1745 1995 709
1778 1948 1857 1992 At
1881 1941 1915 1991 l.
1951 1958 2033 2009 pr.
2067 1942 2258 1992 Moret.
2331 1940 2428 2007 (cli
2464 1959 2562 1993 eus

310 2023 529 2081 poetam
561 2012 835 2081 scripsisse
862 2010 1157 2080 suspicatur
1186 2010 1451 2065 Heinrich.
1494 2012 1582 2067 W
1572 2011 1641 2072 r.)
1761 2010 1866 2064 710
1903 2010 2057 2063 Talis
2095 2010 2243 2061 Rom.
2277 2021 2334 2063 et
2426 2008 2558 2063 edic.

310 2085 433 2153 lpsa
466 2082 887 2151 interpunctione
928 2082 1373 2149 comparationem
1419 2080 1485 2132 ad
1527 2079 1888 2135 antecedentia
1923 2079 2110 2131 retuli:
2159 2086 2272 2131 Dat
2297 2080 2467 2131 tellus
2491 2108 2559 2117 —

312 2153 477 2217 talis,
514 2152 697 2223 qualis
728 2167 827 2219 pro
856 2150 1066 2217 taliter,
1115 2152 1358 2221 qualiter.
1430 2152 1648 2220 (Talis,
1699 2148 1844 2219 quod
1885 2147 2124 2214 restitui,
2167 2149 2359 2219 legisse
2393 2148 2562 2201 videri

311 2328 553 2385 notavit.
642 2325 831 2401 (Mihi
874 2327 1021 2385 illud
1050 2346 1241 2382 marm
1252 2370 1269 2401 ,
1330 2336 1401 2382 ut
1482 2344 1663 2405 quem
1690 2322 1787 2383 hio
1817 2328 2096 2404 expressit
2123 2326 2286 2383 Maro
2304 2370 2320 2401 ,
2364 2324 2568 2385 laudat

314 2414 458 2471 solet
472 2456 489 2484 ,
533 2410 829 2469 abundare
863 2410 1126 2487 videtur3
1178 2409 1251 2467 de
1281 2430 1400 2491 qua
1481 2411 1588 2467 sub
1619 2408 1908 2469 Falarica
1929 2412 2183 2469 Nonius:
2227 2412 2427 2485 „Quae
2458 2432 2566 2471 va·-

316 2517 379 2555 re
410 2494 630 2554 dictum
656 2498 719 2552 in
747 2498 819 2556 V.
836 2500 906 2555 L.
939 2494 1013 2554 ad
1032 2498 1137 2554 Ge.
1154 2496 1228 2570 11,
1254 2492 1399 2560 247.
1476 2494 1599 2556 udo
1614 2496 1776 2555 venit
1792 2506 2053 2556 contorta
2069 2497 2299 2556 falarica
2315 2499 2562 2558 missu-‘⁶

318 2583 535 2642 Omnes
566 2583 725 2638 euim
762 2581 870 2642 hos
898 2583 1099 2640 iaculis
1128 2600 1163 2640 a
1192 2583 1401 2638 Turno

314 2671 655 2726 interemtos
704 2685 827 2726 ense
882 2669 1015 2724 satis
1070 2667 1277 2745 probat
1318 2685 1405 2724 vs.

318 2752 469 2818 704.
520 2751 624 2809 W
609 2753 697 2829 r:)

404 2841 551 2901 703.
580 2835 725 2902 704.
768 2835 983 2892 Bitiam
1012 2845 1135 2892 tam
1155 2845 1315 2894 vasto
1348 2846 1406 2892 et

316 2925 570 2982 immuni
607 2941 849 3002 corpore
904 2921 1079 2978 fuisse
1132 2918 1401 2996 declarat,

316 3019 384 3070 ut
425 3009 601 3067 iaculi
627 3009 837 3067 vulnus
880 3009 1053 3066 nimis
1081 3008 1242 3083 leve,
1292 3027 1403 3066 nec

318 3105 573 3154 mortem
614 3096 927 3152 allaturum
964 3093 1183 3157 fiiis-set.
1268 3095 1403 3152 Non

314 3185 449 3241 satis
481 3181 733 3260 dig-nuni
756 3182 1011 3238 Maronis
1040 3182 1401 3258 castigatiore

316 3271 489 3326 Musa
512 3267 627 3325 hoc
654 3265 887 3344 videtur
906 3283 927 3323 t
970 3269 1081 3322 nec
1114 3267 1305 3344 placet
1331 3261 1401 3327 τὸ

319 3354 761 3434 παιδαριῶδεςς
790 3353 895 3410 etsi
924 3349 1403 3413 referendusani-

318 3460 451 3498 mus
482 3437 557 3497 ad
584 3440 839 3518 clipeum
869 3449 927 3494 et
952 3437 1212 3512 loricam,
1254 3457 1405 3518 quae

317 3536 441 3585 tam
483 3535 715 3584 vastum
742 3543 949 3602 eorpus
976 3524 1241 3602 tegebat:
1292 3543 1405 3581 nee

322 3611 395 3670 de
410 3610 573 3669 nudo
590 3627 832 3689 corpore
855 3607 1231 3688 cogitandum
1246 3619 1407 3666 tam-

322 3691 529 3777 quam⁰
556 3698 730 3754 iaculi
786 3697 845 3754 vi
901 3715 1023 3752 non
1072 3693 1403 3754 sternendO.

322 3785 479 3860 (Ego
507 3779 621 3857 hic,
652 3780 813 3864 quod
838 3778 1279 3860 reprehendam,
1306 3782 1407 3837 ni-

320 3866 406 3926 hil
446 3869 702 3926 invenio·
754 3865 860 3926 PV
844 3868 947 3944 r.)
1006 3866 1259 3924 dedisset
1295 3885 1403 3945 pro

322 3951 683 4012 reddidisset.
712 3953 859 4017 706.
874 3955 929 4010 N
932 3972 1009 4010 on
1024 3950 1120 4010 hic
1140 3951 1214 4009 de
1214 3951 1405 4030 sala-

322 4030 455 4096 n‘ca
484 4037 879 4116 cogitandum,
897 4057 1078 4120 qnam
1090 4040 1400 4113 Liv.xx1,

325 4129 364 4191 8
412 4123 680 4183 describit
693 4169 712 4199 ,
776 4123 879 4183 sed
937 4135 1021 4182 est
1071 4125 1405 4202 simpliciter

321 4229 430 4289 pro
472 4210 676 4273 lancea
720 4219 779 4266 et
818 4207 981 4268 hasta
1023 4210 1239 4268 latioris
1267 4209 1405 4267 ferri

323 4294 495 4354 dicta.
566 4297 663 4352 Ex
690 4295 894 4354 servio
922 4307 1121 4353 tamen
1151 4306 1210 4354 et
1234 4297 1404 4353 Festo

320 4378 579 4439 notanda
622 4392 708 4439 est
748 4383 912 4460 origo
960 4383 1121 4440 vocis
1150 4401 1191 4438 a
1216 4379 1403 4458 salis,

322 4463 385 4525 h.
412 4467 705 4554 turribus.-
745 4463 1021 4543 (Versum
1046 4467 1405 4542 Ennianum,

1482 2579 1604 2640 vid.
1649 2583 1922 2640 Column-
1965 2603 2098 2661 pag.
2141 2587 2290 2647 222.
2373 2583 2564 2662 Wr.)

1484 2670 1632 2730 707.
1677 2665 1866 2724 lorica
1895 2665 2110 2740 fideli-s
2139 2670 2330 2748 (quae
2353 2671 2564 2742 munit,

1486 2759 1682 2808 tutum
1707 2749 1930 2826 reddit,
1973 2755 2128 2810 bona
2157 2752 2302 2810 adeo
2333 2765 2391 2811 et
2431 2751 2568 2812 ido-

1486 2855 1632 2912 nea,
1662 2839 1742 2896 sic
1772 2854 1900 2916 sup.
1929 2839 2054 2908 VII,
2087 2835 2210 2902 640
2235 2837 2416 2912 fidus
2460 2859 2568 2896 en-

1486 2923 1624 2999 sis)
1675 2943 1939 3002 squama
2007 2923 2242 2999 duplici
2281 2932 2338 2978 et
2388 2943 2568 2996 aare,

1488 3007 1813 3090 duplicibus
1878 3011 2132 3090 squamis
2189 3009 2372 3066 aureis
2389 3053 2406 3082 ‚
2465 3027 2571 3066 seu

1488 3093 1705 3175 dtmliei
1740 3082 2136 3176 vsquamarum
2181 3091 2414 3170 ordiner,
2481 3095 2571 3153 uti

1488 3179 1724 3238 bilicem
1765 3181 2020 3238 loricam
2063 3179 2208 3238 dixit
2245 3181 2379 3253 XII,
2423 3183 2568 3244 875.

1486 3268 1649 3325 Tum
1695 3269 1842 3332 709.
1885 3268 2012 3344 ipse
2063 3268 2278 3344 ingens
2335 3267 2576 3324 intonat

1484 3369 1666 3429 super
1693 3351 1954 3429 clzpeum
1971 3374 1990 3408 .·
2051 3353 2249 3410 Potest
2287 3355 2399 3424 ita,
2431 3371 2570 3410 cum

1484 3439 1634 3496 Iulio
1659 3439 1885 3499 Sabino
1901 3482 1924 3524 ζ
1958 3440 2272 3497 verborum
2299 3437 2443 3496 ordo
2471 3441 2573 3496 in-

1483 3525 1673 3600 stitui,
1717 3523 1874 3604 quod
1901 3535 1960 3582 et
1986 3526 2327 3582 But-manno
2355 3525 2572 3604 proba-

1486 3619 1602 3667 tur.
1689 3609 1812 3668 Sed
1863 3609 2086 3668 doctior
2137 3621 2224 3668 est
2283 3611 2568 3669 Set-viana

1486 3697 1634 3753 ratio
1649 3739 1666 3764 ‚
1711 3706 1779 3754 ut
1818 3695 2078 3774 clipeum
2115 3705 2326 3754 neutro
2355 3715 2572 3775 genere

1487 3779 1726 3839 dixeritt
1771 3779 1884 3838 hoe
1925 3783 2179 3862 clipeum
2218 3783 2434 3861 ingen-s
2471 3785 2572 3840 in—

1487 3877 1660 3923 tonat
1699 3887 1878 3944 saper
1896 3909 1920 3937 ,
1979 3874 2060 3926 'sc-
2089 3887 2266 3947 super
2289 3871 2572 3927 immania

1484 3953 1750 4010 membra
1779 3954 2049 4032 collapsa.
2116 3956 2205 4012 Ita
2234 3965 2318 4013 est
2345 3956 2576 4012 Home-

1483 4029 2574 4189 '’mumw‘xrg

2287 4167 2304 4183 ·
2409 4171 2426 4200 7

1486 4212 1748 4268 sonitum
1825 4229 2006 4288 super
2082 4231 2259 4268 arma
2342 4209 2572 4268 dedere.

1489 4297 1738 4374 (Firmat
1775 4293 1930 4354 hane
1971 4297 2420 4376 explicationem
2445 4297 2576 4352 Do-

1488 4393 1692 4443 natus:
1724 4383 1978 4460 „Magna
2001 4381 2173 4460 clipei
2199 4383 2415 4460 species
2439 4399 2574 4438 ma-

1490 4486 1678 4546 gnum
1704 4467 1922 4526 fecerat
1947 4468 2265 4525 sonitumf‘
2298 4465 2477 4545 W.)
