3009 5050
738 392 1349 472 AENEIDOS
1401 395 1616 472 LIB.
1670 399 1760 491 X,
1802 403 2230 477 454—468
2443 409 2590 482 503

357 573 926 680 victoremque
954 577 1216 660 ferant
1242 580 1662 657 morientia
1683 579 1980 658 lumina
2017 586 2292 662 Turni.

356 680 627 758 Audiit
656 682 965 760 Alcides
1008 684 1413 780 iuvenem,
1467 706 2008 785 magnumque
2049 687 2194 762 suh
2221 690 2386 766 imo

357 783 625 862 Corde
674 787 969 885 premit
1002 787 1431 885 gemitum,
1466 785 1983 890 lacrimasque
2037 787 2383 870 effundit
2425 795 2586 870 ina-

356 993 568 1065 Tum
610 955 944 1068 Genitor
972 953 1248 1072 natum
1280 915 1846 1070 dictislssii‘dsi'atur
1873 994 2172 1072 amicis:
2431 905 2582 978 465

354 1095 525 1168 Stat
548 1117 687 1170 sua
722 1095 1007 1195 cuique
1042 1094 1253 1190 dies;
1304 1095 1666 1172 brevetet
1699 1096 2222 1196 inreparabile
2270 1111 2586 1202 tempus

354 1196 751 1273 Omnibus
786 1211 903 1276 est
952 1199 1189 1276 vitae:
1244 1197 1385 1276 sed
1420 1195 1714 1276 famam
1746 1199 2172 1276 extendere
2209 1199 2456 1300 sactiS,

453 1340 624 1413 465.
678 1356 1009 1411 arrum-r

483 1521 588 1578 464
626 1524 803 1578 Audis
832 1526 983 1578 Rom.
1050 1521 1153 1578 465
1179 1522 1411 1592 effundit
1438 1523 1678 1596 plerique
1707 1513 1844 1577 Pier.
1871 1533 1926 1578 et
1949 1523 2144 1588 Heius„
2179 1534 2231 1578 et
2255 1525 2372 1596 ipse
2397 1527 2584 1581 Medic.

348 1609 412 1644 ac
441 1593 593 1644 Rom.
629 1592 808 1663 (idque
841 1603 1020 1646 tuetur
1044 1589 1336 1646 Weichert.
1362 1593 1429 1646 de
1450 1597 1633 1648 Vens.
1659 1595 1985 1660 inim-..susm
2011 1613 2062 1662 p·
2091 1595 2208 1659 ⁴784
2242 1594 2444 1665 recepit
2465 1598 2588 1649 lah-

346 1663 487 1724 nius3
526 1672 703 1727 recte;
738 1663 843 1716 vid.
876 1666 941 1726 Q.
968 1665 1033 1715 V.
1066 1663 1179 1726 Vn,
1215 1663 1265 1715 8.
1334 1664 1394 1714 ln
1436 1663 1678 1724 Mediceo
1712 1663 1920 1732 quidem
1945 1663 2190 1716 Heinsius
2216 1675 2422 1718 exstare
2452 1667 2590 1718 scri·

346 1729 431 1782 bit
455 1731 675 1800 effudin
709 1732 805 1784 sed
838 1733 979 1800 apud
999 1729 1309 1800 Poggininm
1348 1741 1429 1784 eet
1462 1725 1712 1802 effundit.
1782 1731 1977 1800 effudit
2015 1732 2164 1785 Palat
2205 1744 2259 1784 et
2291 1735 2344 1786 4.
2413 1735 2588 1787 Deni-

346 1817 451 1868 que
476 1803 723 1854 intramis
754 1801 967 1864 Medic„
1002 1812 1054 1853 et
1086 1801 1175 1852 nbi
1204 1810 1399 1870 puncta
1425 1811 1580 1866 sunt,
1612 1812 1866 1869 apparent
1891 1801 2108 1870 v'testigia
2145 1801 2361 1854 alterius
2395 1804 2587 1858 literae

346 1887 403 1920 n.
444 1869 590 1935 Wr.)
660 1871 853 1922 Totum
896 1869 1281 1922 hemistichium
1320 1870 1389 1922 ab
1426 1871 1598 1923 aliena
1637 1887 1792 1922 manu
1835 1870 2037 1924 venisse
2077 1871 2336 1925 arbitror:
2382 1891 2497 1926 eum
2533 1884 2588 1927 et

344 1936 571 1990 otiosum
595 1938 667 1990 ait
693 1949 749 1991 et
784 1956 911 1991 vero
949 1938 1109 1992 etiam
1140 1939 1446 1992 molestum:
1494 1939 1586 2010 qui
1613 1938 1742 1991 deus
1788 1940 1948 1992 corde
1989 1940 2182 2010 premit
2220 1942 2495 2009 gemitum,
2529 1952 2588 1996 ut
2621 1943 2646 1998 ἱ

342 2005 485 2060 idem
520 2007 611 2058 ille
646 2007 883 2060 lacrimae
925 2009 1141 2073 fundat,
1188 2009 1465 2062 absurdum
1496 2019 1580 2078 est
1597 2047 1613 2074 ,
1656 2008 1705 2060 si
1741 2008 1868 2077 quid
1893 2009 2065 2062 video.
2137 2009 2258 2078 (an
2263 2009 2422 2062 ollem
2462 2011 2588 2064 talia

344 2075 661 2130 excidissent
687 2079 886 2148 optimo
913 2077 1053 2130 viro!
1088 2077 1297 2130 Alcides
1322 2077 1482 2132 corde
1514 2077 1706 2147 premit
1723 2077 1969 2146 gemitum
1987 2116 2004 2142 ,
2035 2077 2072 2130 i.
2105 2097 2150 2132 e.
2185 2079 2420 2133 dolorem
2453 2097 2588 2134 cou-

343 2145 661 2269 ‘jssssizffi
692 2148 907 2268 0¹:333
908 2167 953 2266 ’ἒ
968 2165 1012 2268 1¹2¹
1016 2165 1093 2269 2¹1¹.
1112 2147 1738 2288 ἐίῗὼἓὲιιῖἷΐὲἒέἔιέἓέξ
1741 2157 2078 2269 ἶῖῗὶῗέαἰξ.
2087 2148 2312 2270 ἐἷῗὲἶῖἑ
2343 2149 2588 2271 ῗῗὲῗέἓὲ

344 2284 733 2336 avertendam.“
802 2286 949 2337 Haec
998 2285 1289 2338 Weichert.
1327 2285 1366 2336 l.
1407 2285 1446 2338 l.
1514 2287 1638 2338 Non
1681 2284 1843 2337 licere
1885 2285 2180 2338 rescindere
2211 2287 2312 2339 hoc
2346 2287 2588 2340 hemisti-

346 2353 523 2418 chion,
557 2351 903 2420 intelligitur,
934 2363 993 2404 ut
1025 2353 1155 2406 vidit
1182 2353 1468 2418 Heinrich„
1503 2372 1568 2404 ex
1608 2370 1702 2418 eo,
1735 2354 1904 2422 quod,
1937 2353 2040 2406 nisi
2077 2353 2317 2408 lacrimae
2348 2356 2588 2408 dolorem

342 2420 584 2472 Herculi·
614 2421 985 2490 prodidissent,
1016 2423 1269 2474 nescisset
1295 2423 1512 2491 Iupiter,
1545 2439 1702 2490 egere
1725 2441 1838 2474 eum
1857 2423 2064 2474 solatio.
2088 2425 2232 2489 Wr.)
2325 2424 2429 2478 466
2461 2431 2588 2477 Cum

348 2491 487 2542 Gen.
532 2490 783 2543 Montalb.
851 2493 937 2542 ita
976 2489 1136 2558 fatur
1170 2491 1267 2543 Ed.
1303 2508 1386 2558 pr.
1429 2491 1602 2543 Burm-
1737 2489 1838 2546 467
1875 2491 2214 2545 irremeabile
2253 2493 2467 2547 Oudart.
2517 2495 2587 2547 cf.

346 2560 419 2611 ad
448 2559 641 2627 Georg.
678 2560 766 2624 111,
798 2557 919 2613 284.
990 2561 1043 2609 Iu
1076 2577 1188 2611 voc.
1219 2562 1347 2611 Stat
1365 2598 1381 2625 ,
1414 2560 1724 2621 constituta,
1770 2560 2068 2630 praefinita,
2119 2571 2200 2613 est
2219 2600 2234 2625 ,
2281 2572 2588 2629 argutantur

345 2637 554 2681 veteres
588 2626 923 2681 Grammatici
951 2628 1089 2695 apud
1120 2628 1352 2680 Macrob.
1390 2630 1434 2691 1,
1469 2629 1537 2681 16
1585 2638 1732 2693 extr„
1765 2628 1912 2697 quasi
1944 2630 2136 2681 dictum
2177 2630 2248 2681 sit
2285 2632 2353 2683 ad
2379 2632 2587 2683 modum

344 2697 453 2753 τοῦ
486 2692 663 2764 μηνὸς
690 2690 1019 2762 ἱσταμένου.-
1054 2710 1349 2749 extremum
1378 2697 1518 2749 diem
1555 2708 1706 2749 stare
1745 2698 1960 2762 dicens,
2008 2700 2169 2767 quasi
2203 2698 2280 2750 ad
2307 2717 2458 2768 quem
2528 2719 2589 2753 et

349 2784 535 2819 omnes
574 2778 759 2819 scaten-
788 2793 856 2803 -
884 2764 1200 2833 intelligens
1238 2765 1383 2817 illud
1415 2777 1569 2817 stare
1619 2766 1752 2828 dici,
1809 2766 1882 2816 ad
1915 2766 2062 2833 quod
2107 2765 2399 2820 acceditur.
2467 2720 2586 2820 §isi

347 2852 525 2887 sanam
585 2834 687 2887 iam
754 2842 983 2887 mentem
1038 2834 1279 2886 attuleris
1348 2834 1413 2885 ad
1470 2832 1868 2897 Grammaticos,
1941 2851 2061 2886 raro
2122 2852 2186 2885 ex
2244 2833 2349 2885 illis
2397 2836 2586 2903 sapies.

345 2904 450 2959 468
464 2905 616 2977 fatis
648 2904 809 2957 Goth.
836 2912 960 2955 tert.
1032 2900 1201 2973 (satis
1229 2902 1387 2955 etiam
1411 2902 1622 2967 Medic„
1656 2902 1752 2955 sed
1790 2903 2149 2975 superscripta
2177 2921 2222 2957 c.
2263 2904 2408 2972 Wr.)
2478 2906 2585 2957 Ex-

346 3050 495 3112 363.
524 3042 671 3111 462.
700 3044 848 3111 463.
881 3044 1113 3103 ornate.
1208 3042 1427 3103 Cernat
1509 3044 1672 3107 Tum
1712 3046 1889 3125 petita
1935 3056 2019 3103 est
2059 3046 2342 3103 sententia
2385 3064 2460 3103 ex
2487 3046 2584 3103 in-

358 3134 601 3190 Tamus
624 3152 685 3189 se
712 3131 943 3211 spoliari
972 3141 1029 3187 et
1052 3130 1221 3203 serat,
1250 3132 1425 3189 susti-

346 3228 516 3292 neat,
558 3216 754 3275 videre
780 3234 879 3274 me
910 3218 1204 3275 victorem.
1252 3214 1421 3281 ·465.

346 3323 476 3384 sqq.
518 3304 769 3361 Variavit
797 3313 855 3359 et
884 3304 1110 3359 ornavit
1135 3302 1298 3357 Maro
1334 3320 1419 3372 ea,

349 3408 501 3469 quae
526 3388 589 3445 iu
619 3386 967 3468 Sarpedonis
994 3398 1183 3445 morte
1196 3388 1422 3443 Home-

348 3494 445 3533 rus
472 3474 764 3553 praeclare
793 3483 1235 3531 memoraverat.
1257 3469 1421 3530 Iliad.

346 3582 415 3636 π,
456 3558 847 3631 481-462,
904 3568 962 3615 et
986 3560 1049 3615 in
1076 3560 1325 3615 Hectore
1351 3559 1422 3615 11.

346 3666 401 3723 χ,
432 3648 557 3708 168
580 3664 710 3725 sqq.
766 3644 929 3703 Alios
941 3644 1257 3702 imitatores
1288 3662 1423 3721 pas-

347 3732 459 3787 sim
494 3730 656 3787 Maro
694 3726 916 3789 hebuit.
954 3772 963 3781 .
1002 3730 1203 3786 Unum
1228 3726 1427 3787 laudat

345 3816 551 3873 Bur-m.
580 3816 855 3873 Flaccum
878 3816 981 3872 lib.
1009 3815 1110 3887 IV,
1146 3812 1265 3877 114
1294 3833 1424 3894 sqq.

346 3898 499 3964 467.
550 3899 715 3970 Stat,
744 3911 847 3971 est,
880 3920 999 3957 aaa
1028 3900 1243 3977 cuique
1272 3898 1423 3969 dies,

344 3980 415 4047 τό
440 3976 741 4065 μόρσιμον
788 3974 957 4065 ἦμαρ
1000 3983 1158 4064 apud
1200 3984 1423 4061 Eme..
1440 4008 1455 4025 ,

346 4090 501 4131 rum.
626 4070 925 4129 Sententia
982 4080 1181 4128 autem
1248 4088 1424 4133 veras.

344 4154 493 4220 467.
511 4153 659 4219 468.
679 4153 803 4218 469
832 4176 907 4213 ex
934 4156 1191 4214 Homero
1216 4151 1424 4213 inhae-

344 4260 473 4299 rere
516 4238 717 4299 debuit
748 4250 953 4319 poetae
996 4242 1191 4299 aniino
1220 4239 1423 4319 Odyss-

342 4348 395 4402 τ,
422 4328 649 4390 828·-
666 4324 813 4398 834,
854 4324 957 4383 sed
984 4327 1169 4385 multo
1196 4327 1425 4385 suavius

342 4430 410 4469 ea
484 4409 707 4471 reddita
784 4412 973 4471 verbis
1028 4412 1423 4492 numerisque.

1504 3133 1650 3190 timo
1707 3131 1890 3189 animi
1941 3128 2184 3189 humani
2240 3150 2412 3189 sensu
2425 3150 2444 3189 t
2515 3132 2580 3189 in

1505 3226 1666 3275 tanta
1722 3219 1874 3273 vitae
1927 3217 2202 3275 brevitate
2246 3218 2334 3275 sui
2375 3217 2584 3275 saltem

1502 3304 1849 3359 memoriam
1876 3312 2004 3380 post
2025 3311 2276 3359 mortem
2293 3302 2583 3383 aliquam-

1506 3386 1606 3445 diu
1649 3406 1940 3466 superesse
1967 3388 2300 3445 mortalium
2338 3388 2582 3469 quisque

1504 3483 1742 3552 exoptat
1767 3474 1917 3531 inter
1943 3492 2076 3531 suos
2093 3514 2111 3547 ,
2152 3474 2304 3530 inter
2345 3474 2579 3548 amieos,

1502 3560 1657 3615 inter
1666 3577 1780 3637 pop
1787 3558 1998 3631 ulan-0⁸3
2026 3558 2189 3616 factis
2207 3568 2402 3616 autem
2412 3578 2583 3637 prae-

1506 3645 1670 3702 claris
1692 3663 1758 3701 ac
1786 3644 2088 3702 virtutibus
2117 3645 2583 3721 generosissimus

1509 3731 1754 3809 quisque
1797 3738 1856 3787 et
1891 3729 2058 3787 latius
2111 3730 2470 3811 ampliusque
2525 3740 2584 3787 et

1509 3812 1720 3873 diutius
1779 3824 1837 3871 et
1877 3815 1940 3871 in
1990 3824 2335 3893 perpetuum
2349 3858 2366 3888 ,
2423 3812 2582 3873 idem

1504 3900 1782 3979 consequi
1811 3900 1986 3977 cupit.
2029 3896 2422 3976 irreparabile
2446 3897 2510 3957 h.
2537 3900 2578 3959 l.

1509 3982 1674 4065 quod.
1723 3986 1988 4043 renovari
2005 4028 2020 4057 ,
2080 3986 2272 4043 iterari
2292 4030 2306 4057 ‚
2351 3986 2573 4065 nequit.

1509 4070 1733 4147 (Plane
1773 4066 1864 4128 his
1917 4071 2154 4149 gemina
2193 4080 2356 4142 sunt,
2430 4088 2580 4150 quae

1506 4154 1664 4235 apud
1705 4155 1940 4213 Sallust.
1997 4157 2268 4233 leguntur
2321 4156 2487 4211 Catil.
2527 4174 2580 4209 c.

1512 4246 1606 4305 L:
1665 4282 1704 4313 „
1720 4241 1850 4313 Quo
1887 4238 2036 4297 mihi
2073 4242 2282 4298 rectius
2335 4237 2578 4311 videtur,

1504 4358 1592 4373 --
1619 4358 1704 4369 —-
1763 4327 2042 4407 quoniam
2093 4326 2210 4383 vita
2257 4326 2406 4400 ipsa,
2465 4339 2580 4399 qua

1506 4412 1754 4469 fruimur
1769 4456 1784 4485 ‚
1844 4410 2030 4469 brevis
2071 4420 2154 4466 est
2169 4453 2184 4483 ‚
2239 4406 2580 4465 memoriam
