3009 5050
510 319 663 411 2²⁸4
827 442 843 453 ι
1067 321 2171 408 ExGURoUSH

509 520 794 582 habendi.
881 522 961 579 Et
987 518 1064 579 ad
1087 518 1194 581 1133
1220 532 1554 603 temporum
1600 520 1755 581 vices
1796 519 2091 601 praeclare
2130 518 2305 580 refert
2344 530 2517 601 poeta
2563 524 2748 584 varias

507 610 800 681 fortunas,
850 608 1060 687 quibus
1101 618 1292 687 partes
1331 606 1444 667 hae
1481 606 1680 665 Italiae
1720 606 1884 666 fuere
1922 608 2183 665 iactatae.
2270 604 2367 665 Ad
2416 605 2748 668 historicam

505 704 704 753 tamen
731 693 1102 751 subtilitatem
1125 712 1336 777 parum
1377 691 1811 754 accommodate
1853 689 2064 751 dbdsse
2100 690 2284 751 videri
2329 691 2535 751 debet:
2592 696 2749 753 Tum

507 798 730 839 mamm
763 778 1048 838 Ausonia
1092 788 1150 835 et
1202 788 1410 859 gentes
1468 798 1677 837 venere
1744 776 2023 835 Sicanae.
2112 780 2269 837 Nam
2330 779 2582 851 Samni,
2640 784 2746 840 etsi

503 875 678 967 poeta
707 884 804 923 eos
832 864 955 923 aliis
981 883 1214 946 quoque
1237 864 1382 925 locis
1407 862 1561 943 (vn,
1591 862 1734 929 795
1759 874 1818 921 et
1856 864 1963 937 XI,
2009 866 2161 942 817)
2202 865 2502 941 nominat,
2554 866 2743 927 1131133

503 952 568 1009 111
595 952 760 1009 Italia
785 948 951 1009 sedes
973 946 1228 1009 habuere
1243 994 1260 1027 ,
1307 948 1410 1009 sed
1439 970 1517 1009 ex
1544 951 1820 1029 Hispania
1860 968 1896 1007 a
1937 951 2247 1028 Liguribus
2286 952 2439 1030 pulsi
2480 954 2541 1009 13
2588 953 2743 1011 Sici-

501 1037 644 1095 liam
669 1038 1046 1112 traiecerunt,
1089 1036 1194 1095 ubi
1233 1039 1511 1117 temporis
1544 1054 1811 1098 successu
1854 1034 2081 1095 Siculos
2119 1039 2281 1095 nacti
2320 1049 2456 1095 sunt
2500 1038 2739 1113 accolas,

501 1124 607 1205 qui
649 1142 732 1186 ex.
762 1122 926 1181 Italia
963 1122 1358 1203 profugerant.
1441 1123 1559 1181 Pro
1610 1120 1835 1179 Simas
1872 1123 2069 1203 itaque
2084 1164 2101 1197 ,
2152 1139 2295 1198 seu,
2354 1134 2423 1181 ut
2464 1121 2739 1205 equidem

497 1206 650 1267 mihi
689 1207 1040 1289 persuadeo,
1093 1206 1254 1290 quod
1309 1218 1572 1267 auctores
1633 1204 1904 1283 haberet,
1966 1210 2071 1288 qui
2112 1208 2192 1269 ita
2232 1206 2525 1267 traderent
2536 1252 2554 1287 ‚
2610 1228 2737 1285 ssu,

499 1292 662 1377 quod
691 1294 922 1353 Servius
948 1296 1207 1353 statuisse
1233 1292 1462 1353 videtur
1487 1292 1567 1351 ad
1591 1293 1696 1365 XI,
1724 1296 1871 1367 317,
1912 1296 2209 1373 poeticum
2246 1310 2476 1353 morem
2518 1307 2738 1375 sequu-

498 1390 620 1455 tus,
665 1380 905 1439 Sicanos
935 1378 1082 1438 dixit
1107 1380 1298 1456 Maro,
1350 1390 1416 1438 ut
1441 1381 1563 1437 iam
1592 1379 1859 1437 Cluverio
1900 1380 2267 1439 observatum
2308 1382 2407 1438 lib.
2444 1382 2551 1455 111,
2594 1400 2648 1438 0.
2686 1384 2735 1456 1,

497 1484 558 1544 p.
587 1468 728 1541 788,
759 1467 866 1525 etsi
889 1468 1064 1523 etiam
1091 1466 1188 1523 alii
1213 1466 1516 1545 scriptores
1544 1462 1798 1523 eundem
1838 1484 2095 1523 errorem
2136 1464 2493 1525 admiserunt
2506 1510 2523 1541 ,
2579 1487 2639 1524 v.
2680 1486 2735 1525 o.

495 1550 647 1609 Gen.
675 1552 720 1625 1,
755 1555 853 1626 10,
883 1570 1020 1609 cum
1045 1552 1299 1609 Macmb.
1330 1553 1359 1608 I
1387 1552 1511 1611 Sat.
1555 1550 1615 1617 5.
1700 1552 1953 1609 Maronis
1994 1553 2264 1633 exemplo
2314 1550 2569 1609 Sicanos
2608 1554 2734 1611 Ru-

494 1636 628 1695 tulis
669 1636 854 1695 socios
893 1636 1103 1695 adiecit
1137 1637 1240 1697 lib.
1280 1636 1432 1707 VIII,
1473 1637 1597 1701 358
1640 1637 1833 1696 Silius.
1919 1636 2260 1697 'renuerant
2314 1648 2513 1699 autem
2552 1638 2735 1699 Siculi

449 1786 453 1790 ,
489 1722 621 1779 1003
646 1722 799 1779 inter
826 1724 1090 1781 Tiberim
1119 1734 1176 1782 et
1201 1724 1402 1781 Lirim.
1435 1720 1538 1799 (cf.
1552 1724 1793 1803 Dionys.
1822 1724 1869 1797 1,
1900 1728 1939 1787 9
1970 1734 2029 1781 et
2054 1724 2131 1783 al.
2214 1726 2485 1803 Inprimis
2536 1722 2600 1781 id
2640 1734 2731 1782 te·-

489 1816 672 1865 statur
697 1817 860 1867 vetus
890 1810 1190 1867 oraculum
1217 1809 1470 1915 Pelasgis
1501 1806 2058 1888 (1313111·Στείχετε
2098 1805 2418 1889 μαιόμενοι
2458 1812 2731 1872 Σικελσῑῖν

489 1886 874 1971 Σατούρνιον
917 1888 1089 1969 clau,
1138 1888 1249 1975 ἠδ’
1289 1887 1737 1976 Λβοριγινίων,
1770 1896 1899 1952 sive
1928 1916 2065 1953 vere
2094 1896 2399 1977 antiquum
2428 1889 2573 1953 illud
2602 1896 2727 1971 finit,

487 1979 608 2036 sive
635 1980 813 2037 sarius
841 1979 1092 2060 fictum.)
1179 1978 1335 2039 Sane
1379 1981 1476 2037 alii
1526 1981 1625 2040 Sic
1627 1982 1751 2039 ulos
1792 1978 1871 2039 ad
1914 1982 2247 2039 inferiorem
2282 1982 2511 2042 Italiam
2552 1991 2611 2039 et
2652 1980 2727 2040 ad

486 2064 650 2128 sedes
681 2066 1083 2127 Oenotriorum
1111 2076 1414 2141 revocant,
1456 2068 1663 2147 quibus
1704 2066 1911 2125 relictis
1950 2068 2078 2125 illi
2060 2088 2123 2125 ιιι
2154 2069 2415 2127 Siciliam
2442 2068 2727 2127 traiecisse

485 2162 788 2211 narrantur
803 2138 830 2210 τ’
871 2164 928 2213 et
967 2152 1143 2211 habet
1185 2154 1386 2235 utique
1425 2150 1539 2210 hoc
1581 2152 2045 2233 probabilitatem
2074 2174 2150 2211 ex
2178 2174 2248 2213 eo
2264 2200 2281 2229 ,
2332 2152 2497 2235 quod
2524 2174 2557 2211 e
2586 2172 2727 2232 pro·

483 2240 738 2324 pion-ibus
763 2240 904 2299 locis
931 2240 1154 2301 facilior
1181 2259 1303 2299 esse
1332 2238 1532 2297 debuit
1558 2241 1825 2297 traiectus
1851 2240 1916 2297 111
1942 2240 2225 2315 insulam,
2271 2258 2452 2322 quam
2480 2260 2559 2297 ex
2582 2240 2725 2298 101013

481 2327 634 2385 eima
661 2326 945 2387 Tiberim.
1029 2327 1344 2385 Enimvero
1371 2344 1495 2386 uon
1524 2326 1635 2383 nisi
1660 2325 1879 2385 incerta
1908 2324 1983 2383 de
2008 2324 2097 2385 his
2137 2327 2296 2385 fama
2340 2346 2417 2385 ex
2466 2326 2723 2407 antiqui-

480 2421 598 2471 tate
639 2414 952 2495 superfuit,
1011 2432 1190 2495 quam
1235 2408 1311 2471 ad
1355 2422 1576 2471 certam
1618 2412 1877 2492 aliquam
1920 2412 2387 2491 probabilitatem
2439 2412 2720 2490 refingere

477 2496 821 2558 studuerunt
873 2501 1201 2580 scriptores,
1267 2517 1376 2579 pro
1431 2516 1537 2557 suo
1599 2499 1843 2580 quisque
1884 2498 2122 2577 ingenio
2170 2518 2238 2558 ao
2280 2518 2471 2558 sensu.
2558 2496 2719 2557 Modi

477 2596 676 2646 autem
703 2598 868 2646 erant
890 2588 1111 2667 plures,
1141 2579 1350 2666 ‘bus
1377 2584 1537 2643 fama
1562 2583 1662 2641 illa
1686 2595 1854 2642 vetus
1882 2583 2071 2666 digeri
2098 2595 2157 2643 et
2198 2587 2469 2645 constitui
2506 2595 2715 2664 posset.

472 2673 679 2753 Itaque
722 2675 850 2749 alii,
903 2684 972 2732 ut
1025 2669 1345 2730 Antiochus
1401 2671 1797 2751 Syracusanus
1842 2681 1901 2728 et
1942 2667 2323 2752 Thucydides
2376 2671 2717 2751 (Polybium

469 2777 710 2840 quoque
735 2761 798 2816 111
830 2779 898 2817 33
923 2759 1210 2818 sententia
1232 2758 1406 2816 fuisse
1453 2767 1690 2836 apparet
1718 2777 1793 2814 ex
1818 2756 1919 2830 iis,
1976 2777 2128 2840 quae
2170 2755 2247 2816 de
2287 2760 2485 2817 Locris
2525 2767 2718 2814 narrat

353 2845 356 2850 ’
469 2845 746 2926 Excerpt.
775 2845 875 2904 111).
905 2847 1038 2920 XII,
1067 2846 1146 2903 T.
1173 2845 1274 2918 111,
1314 2863 1375 2922 p
1418 2845 1608 2920 328),
1650 2845 1715 2900 111
1746 2853 2009 2902 extrema
2056 2843 2221 2902 Italia
2268 2845 2493 2916 Siculos
2542 2843 2716 2900 fuisse

469 2933 636 2992 aiunt
650 2974 668 3006 ,
711 2935 814 3011 qui
843 2933 1033 3011 opicis
1063 2929 1360 2988 cesserint·
1345 2970 1362 3003 ,
1404 2947 1514 3006 pro
1542 2929 1753 2988 Siculis
1782 2924 1901 2990 alii
1920 2927 2163 2988 laudant
2198 2930 2476 3010 Elymus,
2516 2929 2715 2986 Auso-

467 3035 573 3075 nes
600 3019 696 3075 vel
721 3017 994 3094 Ligures,
1023 3016 1124 3072 3111
1149 3034 1226 3072 ex
1247 3011 1442 3072 media
1468 3015 1641 3072 Italia
1661 3015 2001 3074 arcessivoee
2030 3015 2286 3090 81031034
2336 3035 2412 3072 ex
2460 3015 2577 3072 suis
2619 3033 2714 3072 se·-

467 3099 638 3160 dibus
664 3102 741 3160 ab
763 3101 1176 3180 Aboriginibus
1207 3109 1264 3158 et
1283 3098 1555 3176 Pelasgis
1598 3102 1929 3160 exturbatos
1974 3112 2033 3158 et
2074 3119 2263 3182 usque
2283 3099 2374 3158 ad
2418 3097 2713 3178 Rhegium

463 3205 573 3264 per
599 3197 687 3244 tot
712 3187 982 3246 barbaras
1010 3197 1210 3265 gentes
1239 3184 1525 3248 erroribus
1554 3197 1730 3246 notos.
1772 3186 1891 3246 vid.
1934 3189 2177 3244 Excurs.
2218 3188 2298 3245 IV
2333 3185 2415 3244 ad
2455 3187 2558 3244 lib.
2606 3187 2711 3244 VII

463 3290 555 3348 pr.
651 3269 884 3332 Veteres
931 3271 1184 3330 Sicanos
1220 3274 1373 3330 inter
1411 3269 1688 3332 adductas
1730 3291 1767 3330 a
1805 3275 2013 3332 Turno
2036 3272 2250 3353 copias
2296 3275 2497 3331 recitat
2538 3282 2709 3352 poeta

463 3357 566 3414 lib.
593 3357 721 3431 vn,
750 3359 895 3432 795,
927 3356 1190 3439 adeoque
1231 3358 1500 3438 reliquias
1548 3359 1883 3423 Siculorum
1923 3359 2099 3441 (quos
2144 3360 2385 3418 Sicanos
2431 3355 2705 3439 appellat)

463 3443 788 3502 etiamnum
801 3487 820 3520 ,
861 3445 1096 3501 Aeneae
1121 3453 1346 3519 aetate,
1388 3444 1452 3500 in
1477 3445 1643 3502 Italia
1668 3445 2012 3526 superi-uisse
2054 3465 2291 3504 necesse
2330 3456 2433 3504 est.
2518 3445 2709 3502 Licuit

459 3539 668 3607 poetae
693 3530 776 3587 ita
803 3531 1058 3609 opinari·
1042 3573 1059 3605 ,
1101 3529 1206 3588 etsi
1235 3530 1767 3608 antiquissimorum
1802 3531 2148 3610 scriptorum
2176 3533 2509 3590 auctoritate
2550 3527 2711 3608 apud

457 3614 805 3694 Dionysium
833 3617 981 3674 binis
1007 3615 1243 3674 trinisve
1271 3626 1406 3674 ante
1432 3616 1656 3678 bellum
1684 3615 2015 3676 Troianum
2056 3619 2338 3676 aetatibus
2382 3627 2500 3675 tota
2542 3615 2707 3676 Italia

457 3701 688 3760 cessisse
727 3712 1034 3760 narrantur
1075 3701 1278 3761 Siculi.
1362 3703 1442 3760 At
1488 3700 1659 3761 illud
1684 3703 1933 3762 alterum
1973 3705 2160 3782 magis
2202 3700 2572 3784 probabiliter
2613 3702 2705 3759 fa-

455 3795 650 3860 ctum,
679 3785 839 3868 quod
867 3790 971 3862 XI,
1003 3789 1230 3853 816-
1243 3789 1368 3851 319
1397 3805 1607 3866 agrum
1631 3789 1914 3848 Latinum
1938 3788 2013 3846 ad
2042 3790 2309 3851 Tiberim
2329 3789 2491 3862 finis
2528 3807 2707 3864 super

455 3891 646 3950 usque
673 3870 928 3941 Sicanos
959 3870 1022 3932 h.
1051 3893 1236 3956 usque
1263 3871 1340 3930 ad
1379 3875 1713 3934 Siculorum
1750 3875 2033 3948 confinia,
2079 3871 2161 3931 ab
2203 3873 2523 3931 Ata-uncis
2562 3874 2703 3930 Ru,-

455 3954 720 4036 ’udisque
747 3959 862 4019 coli
887 3960 986 4018 ait.
1075 3960 1400 4019 Potuerunt
1429 3961 1591 4018 enim
1616 3959 1759 4018 fines
1790 3961 2124 4020 Siculorum
2152 3961 2327 4018 etiam
2354 3960 2423 4016 iis
2453 3960 2703 4039 expulsis

451 4045 736 4104 memoria
761 4043 1072 4104 hominum
1098 4045 1469 4126 frequentari.
1555 4047 1846 4126 Disiungit
1871 4065 2043 4126 porro
2087 4055 2263 4125 poeta
2304 4045 2587 4102 Ausones
2630 4045 2701 4102 ab

453 4128 896 4210 Aboriginibus
935 4128 999 4190 h.
1045 4132 1117 4190 ab
1171 4132 1240 4189 iis
1295 4127 1630 4192 hominibus
1669 4131 1805 4192 feris
1848 4142 1905 4189 et
1946 4131 2329 4206 silvestribus,
2388 4132 2493 4212 qui
2531 4131 2702 4210 primi

449 4218 678 4275 Italiam
705 4218 1028 4278 coluerunt.
1115 4217 1373 4276 Seriores
1401 4218 1561 4275 enim
1574 4261 1592 4293 ,
1630 4229 1701 4277 et
1729 4235 1903 4276 aurea
1941 4219 2062 4274 isin
2102 4227 2288 4276 aetate
2302 4216 2702 4298 ,Saturnoque

451 4321 591 4383 rege
619 4303 879 4379 sublato,
928 4323 1026 4362 eos
1054 4303 1325 4362 Italiam'
1305 4322 1595 4382 ingressos
1638 4302 1777 4363 dicit
1816 4325 1876 4362 v.
1918 4305 2053 4368 328
2100 4301 2253 4358 Dan
2291 4323 2513 4359 manus
2556 4301 2703 4360 Λιι-

449 4391 642 4448 som'a.
733 4391 932 4450 Potuit
959 4400 1019 4449 et
1047 4385 1193 4468 hoc,
1236 4399 1540 4472 tamquam
1568 4401 1769 4468 poeta,
1812 4407 2057 4469 ponere,
2103 4389 2282 4448 etiam
2308 4407 2449 4447 cum
2477 4389 2701 4449 ratione
