3009 5050
558 285 581 334 i

674 430 1287 508 AENEmos
1339 433 1549 509 ΜΒ.
1603 433 1734 529 x1,
1773 439 2208 514 540—-557

2409 443 2558 516 649

307 621 409 695 Et
442 615 921 694 circumfuso
954 617 1386 694 volitabant
1412 619 1664 696 milite
1696 619 1981 699 Volsci.

305 725 554 814 Ecce,
602 719 837 818 fugae
874 721 1189 816 medio,
1242 724 1574 797 summis
1603 729 2037 800 Amasenus
2067 721 2476 800 abundans

312 824 751 925 spumabat
778 827 1009 925 ripi33
1062 837 1325 900 tantus
1358 849 1443 901 se
1484 827 1830 903 nubibus
1859 825 2121 902 imber

308 931 689 1028 Ruperat.
790 928 980 1023 Ille,
1030 930 1305 1004 innare
1334 953 1658 1028 param,
1711 929 2028 1006 infantis
2061 927 2333 1004 amore

226 1071 237 1082 -
314 1031 743 1126 Tardatur‚
800 1055 1147 1133 caroque
1180 1034 1410 1108 oneri
1444 1034 1694 1110 timot.
1763 1034 2054 1109 Omnia
2083 1054 2356 1108 secum
2410 1043 2561 1114 550

309 1137 674 1212 Ver-santi
704 1135 967 1212 subito
1002 1135 1123 1212 vix
1151 1135 1349 1212 haec
1383 1137 1772 1212 sententia
1803 1135 2047 1212 sedit:

314 1238 606 1316 Telum
640 1240 1005 1337 inma'ne,
1056 1262 1299 1314 manu
1328 1238 1584 1315 valida
1622 1240 1844 1340 quod
1889 1237 2100 1315 sorte
2135 1238 2459 1335 gerebat

311 1342 699 1440 Bellator,
752 1342 1100 1420 solidum
1142 1341 1377 1418 nodis
1410 1357 1487 1420 et
1523 1343 1820 1419 robore
1861 1355 2126 1433 cocto;

310 1447 514 1522 Huic
542 1459 843 1540 natam,
894 1446 1100 1522 libro
1138 1459 1219 1521 et
1246 1445 1576 1522 silvestri
1603 1449 1893 1522 subere
1927 1445 2290 1537 clausam,

311 1549 648 1652 Inplicat
678 1608 699 1645 ,
782 1563 1021 1652 atque
1086 1547 1443 1626 habilem
1494 1549 1813 1626 mediae
1882 1546 2363 1644 circumligat
2421 1545 2562 1622 ha-

314 1759 577 1850 Quam
608 1755 877 1833 dextra
908 1755 1207 1856 ingenti
1252 1665 1698 1833 Ιίῦτωξξᾶξιᾶ
1729 1755 1829 1832 ad
1860 1753 2180 1831 aethera
2211 1661 2558 1831 fatur5:55

313 1858 580 1958 Alma,
634 1859 779 1936 tibi
824 1859 1060 1956 hanc,
1114 1885 1544 1938 nemorum
1599 1858 1908 1958 cultrix,
1960 1857 2286 1936 Latonia
2315 1858 2562 1956 virgo,

449 2067 553 2124 546
600 2067 912 2136 pendebant
944 2089 1013 2122 m.
1066 2073 1132 2124 V.
1176 2075 1355 2141 sprot.
1492 2069 1597 2127 547
1631 2067 1687 2140 fl
1733 2073 1794 2123 in
1841 2068 2016 2121 medio
2063 2066 2197 2120 aiter
2245 2066 2458 2120 Mentel.
2507 2075 2564 2118 et

310 2137 563 2190 Scheffer.
618 2137 775 2208 suga
811 2157 842 2190 e
874 2141 1054 2192 media
1084 2149 1211 2192 tert.
1250 2140 1504 2194 Rottend.
1575 2139 1908 2192 habundans
1945 2139 2001 2189 in
2038 2137 2194 2190 codd.
2227 2137 2443 2206 passim,
2501 2145 2584 2188 ut·

313 2219 367 2260 et
398 2207 542 2259 alibi.
614 2207 682 2260 ab
722 2207 889 2260 undis
918 2209 1156 2262 Parthas.
1194 2221 1247 2262 et
1281 2211 1401 2261 Exe-
1438 2212 1609 2261 Burni.
1714 2209 1816 2262 ⁵48
1854 2210 2030 2260 tantis
2061 2208 2168 2258 Erf.
2283 2205 2388 2260 550
2417 2209 2564 2258 Tat-

312 2277 482 2329 datus
532 2281 710 2344 Sprot.
835 2275 936 2328 551
989 2281 1043 2329 V
1038 2281 1250 2330 erranti
1282 2275 1487 2330 subito:
1553 2276 1829 2344 distinguit
1873 2279 1971 2328 Ge.
2017 2276 2224 2331 Fabric.
2269 2293 2382 2328 cum
2429 2275 2564 2338 aliis,

314 2345 467 2398 etiam
500 2345 753 2396 Valcken.
788 2343 860 2394 ad
889 2351 1125 2400 Ammon.
1162 2363 1217 2415 p.
1252 2347 1320 2400 67
1334 2365 1347 2396 :
1395 2347 1451 2396 in
1482 2347 1671 2398 subitis
1719 2346 1856 2397 enim
1887 2345 2293 2410 cogitationibus
2329 2344 2568 2397 animumz

314 2413 597 2464 difficulter
630 2412 903 2464 consilium
955 2432 1145 2481 capere
1190 2424 1285 2466 aut
1331 2432 1442 2466 rem
1496 2413 1762 2482 expedire.
1829 2413 1934 2463 Vix
1967 2421 2140 2464 tamen
2189 2413 2316 2466 satis
2363 2413 2540 2482 placet

318 2483 512 2535 Omnia
564 2498 793 2533 versare
835 2479 1031 2535 subito.
1100 2485 1179 2535 lta
1228 2483 1478 2534 celeriter
1527 2483 1802 2535 dicendum
1845 2483 2046 2533 fuisset.
2119 2483 2356 2535 Praestat
2403 2482 2564 2551 igitur

315 2552 478 2605 altera
514 2550 683 2603 ratio:
720 2566 838 2601 cum
872 2552 1045 2603 omnia
1080 2569 1254 2603 secum
1285 2562 1580 2616 vernasset,
1639 2550 1818 2603 subito
1861 2554 1956 2603 ve'x
1992 2552 2126 2603 haec
2157 2553 2434 2605 sententia
2471 2570 2564 2605 se-

316 2622 429 2682 dit,
482 2632 539 2671 ut
570 2636 705 2671 nova
736 2619 945 2670 ratione
980 2617 1159 2671 subito
1194 2622 1288 2671 vix
1320 2620 1576 2671 iunxerit:
1643 2630 1704 2671 ut
1749 2622 1846 2671 vix
1891 2620 2110 2670 tandem
2159 2638 2224 2673 eo
2273 2620 2566 2685 devenerit,

316 2688 497 2743 cubito
530 2700 705 2741 tamen
739 2686 1013 2739 eonsilium
1041 2689 1145 2740 hoe
1180 2689 1476 2756 arripuerit.
1547 2690 1694 2757 Nam„
1719 2684 1897 2739 subito
1937 2689 2136 2740 victrix
2168 2693 2441 2741 sententia
2472 2709 2566 2742 se-

316 2760 429 2824 dit,
476 2758 619 2829 quod
669 2757 783 2827 qais
829 2774 1027 2808 mecum
1076 2756 1353 2821 coniiciat,
1401 2768 1539 2810 esset
1575 2757 1806 2809 ornatius
1837 2758 2012 2819 forte,
2059 2774 2212 2825 quam
2261 2757 2408 2809 locus
2440 2759 2566 2824 sert,

314 2828 417 2882 vim
454 2826 807 2881 autem-illam
831 2842 941 2877 non
958 2826 1197 2879 haberet.
1232 2827 1468 2895 (Rectius
1486 2828 1618 2878 haee
1632 2826 1706 2877 ita
1723 2826 1999 2891 expedies:
2029 2826 2276 2878 Subito
2305 2825 2565 2879 sententia

316 2898 485 2961 sedit,
538 2908 593 2949 et
641 2896 754 2948 vix
798 2896 969 2961 sedit,
1018 2914 1243 2965 quum,
1289 2907 1495 2965 captum
1544 2895 1818 2949 consilium
1863 2910 2181 2963 exsequens,
2227 2894 2340 2947 telo
2388 2904 2564 2949 natam

315 2967 581 3035 implicem
633 2966 737 3018 vid.
785 2966 853 3018 V.
892 2966 954 3016 L.
1001 2966 1069 3017 ad
1118 2968 1159 3032 1,
1213 2966 1334 3020 586.
1402 2966 1641 3018 Ceterum
1691 2966 1810 3034 ipsa
1853 2963 2085 3017 brevitas
2137 2975 2190 3016 et
2237 2965 2564 3033 perturbatio

314 3046 607 3089 structurae
660 3034 717 3089 h.
764 3034 803 3089 l.
850 3034 1125 3103 praeclare
1159 3036 1550 3088 accommodata
1601 3044 1683 3087 est
1729 3034 1797 3086 ad
1843 3035 2330 3102 repraesentandam
2366 3034 2566 3087 Metabi

314 3105 721 3174 trepidationem
756 3112 1067 3174 <raptumque
1099 3106 1325 3157 subitum
1360 3105 1653 3158 eonsilium.
1723 3102 1890 3163 Hine.
1937 3102 2163 3155 Medicei
2197 3104 2417 3155 maxime
2463 3122 2566 3157 au-

314 3176 561 3261 ctoritate
593 3184 797 3259 gnotus,
851 3174 1043 3257 retinui
1076 3191 1276 3227 comma
1308 3184 1437 3257 post
1466 3178 1686 3225 inmane
1720 3192 1794 3225 vs.
1829 3189 1998 3243 prox„

316 3242 1263 3383 ffeggoezgzffhavoescuauggssossze
1286 3244 1566 3383 chag-ior
1578 3244 1769 3364 'KZ-gio
1803 3311 1997 3393 Medio..
2041 3314 2186 3377 Wr.)

1196 3450 1263 3505 55
1331 3381 1918 3521 '2222‘2211333‘13‘3533
1941 3380 2046 3434 ”d
2079 3384 2143 3447 ρ’
2172 3384 2241 3435 v‘
2257 3383 2565 3447 '‘xxm''

318 3386 520 3453 Hagen.
568 3387 695 3437 Huc
726 3401 757 3435 a
787 3401 865 3451 pr.
890 3400 957 3433 m.
981 3384 1131 3435 Rom.
1162 3400 1243 3451 pr.

316 3454 369 3509 3.
413 3454 559 3520 Wr.)
627 3464 849 3523 gratam
882 3456 1059 3520 Sprot.

320 3614 619 3692 Apollonii
648 3610 721 3671 ad
750 3614 797 3686 1,
842 3614 987 3677 917.
1031 3612 1290 3671 Maerob.
1318 3612 1403 3669 m

322 3700 443 3757 Sat.
489 3702 549 3771 8,
592 3710 651 3756 et
692 3700 859 3757 Serv.
892 3695 969 3755 ad
1013 3694 1075 3753 h.
1118 3698 1161 3754 1.
1255 3696 1401 3762 544.

322 3785 471 3862 iuga
524 3782 753 3862 longa,
806 3801 929 3839 non
972 3783 1294 3863 longinqua
1342 3794 1401 3841 et

322 3879 545 3926 remota
562 3914 579 3943 ‚
634 3868 738 3927 sed
776 3869 954 3946 longo
992 3878 1179 3926 tractu
1210 3868 1399 3926 conti-

321 3963 519 4011 nuata.
605 3952 748 4019 549.
794 3954 1076 4030 Ruperat
1091 3964 1115 4023 ζ,
1185 3972 1397 4032 erupe-

322 4050 411 4097 rat
438 4058 534 4113 se,
578 4048 643 4095 ut
669 4042 788 4096 iam
816 4040 953 4097 alibi
979 4037 1260 4097 vidImus:
1305 4038 1397 4117 ἐῤ-

322 4118 499 4205 ρἇη·
586 4124 732 4189 551.
776 4126 929 4183 Cum
974 4126 1171 4183 omnia
1198 4143 1397 4182 seeum

318 4218 599 4269 versasset
618 4250 640 4278 ,
684 4210 786 4266 vio.-
806 4208 959 4268 haeo
984 4210 1275 4267 sententia
1304 4229 1399 4267 se-

320 4296 415 4354 dit
437 4292 633 4351 subito
650 4334 675 4363 ,
726 4314 876 4375 quae
918 4296 1107 4355 subito
1138 4296 1401 4353 animum

318 4382 591 4443 subierat.
650 4378 797 4457 (sed
838 4380 957 4440 vid.
997 4382 1071 4439 V.
1097 4382 1167 4439 L.
1221 4379 1399 4459 W.)

319 4466 465 4533 558.
510 4462 721 4524 robore
763 4474 923 4523 cocto
938 4508 965 4537 ,
1022 4468 1145 4546 igni
1174 4463 1399 4541 durato,

2063 3190 2218 3241 quum
2254 3172 2462 3226 sublato
2499 3191 2565 3227 eo

1861 3240 1966 3295 552
1999 3239 2228 3311 serebat
2275 3261 2306 3295 a
2341 3262 2408 3295 m.
2457 3261 2564 3297 seo.

2323 3312 2430 3367 654
2459 3316 2568 3365 Hie

1484 3620 1772 3691 praeust0.
1859 3609 2004 3675 554.
2059 3610 2270 3669 Telum
2303 3612 2566 3669 immane

1483 3728 1571 3740 —
1587 3698 1762 3753 Huic
1777 3719 1803 3769 ,-
1827 3707 1972 3755 ‘nota
1999 3706 2314 3755 structurae
2342 3698 2566 3755 immu-

1481 3784 1767 3841 tationem
1785 3826 1800 3857 ,
1851 3801 2002 3863 quae
2027 3783 2124 3841 vel
2151 3783 2229 3841 ob
2253 3785 2566 3863 negligen-

1484 3870 1597 3925 tiae
1627 3869 1882 3948 speciem
1927 3869 2205 3927 suavitate
2233 3887 2356 3927 non
2387 3880 2564 3928 caret.

1483 3951 1647 4030 (vid.
1690 3954 1761 4012 V.
1805 3955 1876 4011 1..
1923 3951 1999 4010 ad
2037 3974 2123 4012 vs.
2169 3952 2314 4019 551.
2373 3955 2563 4033 JVr.)

1482 4038 1776 4113 clausam,
1791 4038 2114 4096 involutam
2127 4042 2356 4099 cortice.
2373 4040 2566 4099 Sube-

1480 4126 1556 4182 ris
1587 4125 1815 4204 copiam
1843 4126 1908 4181 in
1942 4124 2206 4183 Priverni
2233 4127 2383 4203 agris
2407 4126 2566 4182 nasei

1482 4210 1805 4269 observavit
1833 4210 2105 4289 Sponius.
2149 4208 2416 4267 habilem
2429 4251 2456 4279 ,
2484 4210 2566 4265 ita

1482 4305 1550 4353 ut
1592 4294 1794 4355 haberi
1816 4338 1832 4369 ,
1894 4296 2124 4355 tractati
2150 4340 2165 4371 ,
2217 4313 2323 4374 pro
2375 4293 2565 4351 iaculo

1484 4381 1670 4439 emitti
1695 4382 1792 4439 illa
1809 4400 1946 4438 cum
1973 4378 2136 4439 hasta
2162 4388 2386 4458 possen,
2417 4371 2564 4459 ἄρα.

1485 4470 1680 4548 ρυῖαν.
1769 4466 1869 4525 Sic
1909 4468 1958 4541 1,
2000 4469 2124 4531 318
2167 4461 2434 4523 habilem
2461 4484 2568 4523 ar-
