3009 5050
828 398 1016 471 Αι)
1117 395 1747 473 LIBRUM
1848 338 2050 472 v11'
2404 405 2549 476 157

311 603 441 644 eas:
495 583 747 642 Salacia
761 625 784 656 ,
843 585 1124 662 Neptuni
1136 628 1161 656 ,
1216 607 1258 644 a
1303 587 1436 644 salo
1452 629 1478 658 ,
1548 587 1788 646 Venilia
1828 609 1871 644 a
1906 587 2193 646 veniendo
2234 599 2345 646 etc.
2406 587 2552 663 (vid.

311 670 386 728 de
429 671 658 730 Venilia
702 672 875 730 etiam
921 669 1140 730 scholia
1185 691 1220 729 a
1261 673 1418 731 Maio
1474 671 1611 732 edit.
1656 672 1731 732 ad
1772 673 1851 746 X,
1892 677 1999 740 76.
2042 684 2102 731 et
2141 675 2354 732 Natam
2394 674 2553 732 Maii.

318 757 497 832 lVr.)
585 757 842 815 Salaciae
871 777 1106 838 quoque
1143 777 1362 814 nomen
1404 761 1468 816 in
1507 761 1675 816 Sexti
1718 761 1984 838 Pompeii
2024 761 2217 816 numis
2258 761 2378 840 legi
2414 780 2556 838 pro-

309 843 502 900 babile
531 841 626 914 fit,
670 845 734 900 in
762 843 971 923 quibus
1001 844 1170 900 SAL.
1215 843 1460 921 legitur:
1521 842 1595 901 de
1641 845 1864 902 Salacia
1908 846 2103 924 itaque
2145 841 2313 905 docte
2355 843 2556 924 dispu-

309 938 531 986 tantem
559 927 779 986 videbis
804 926 1156 986 Eckhelium
1184 930 1246 984 in
1273 930 1548 986 Doctrina
1574 949 1740 988 num.
1769 940 1883 989 vet.
1912 931 2091 987 Tom.
2119 929 2216 1006 VI,
2244 951 2306 1010 p.
2326 934 2427 994 27.
2449 933 2554 994 28.

393 1052 398 1061 -
476 1016 572 1070 Ex
599 1011 708 1071 hac
737 1015 913 1114 igitur
938 1015 1162 1070 Venilia
1189 1024 1514 1092 susceptam
1551 1017 1693 1073 Iano
1727 1015 1909 1073 filiam
1956 1015 2277 1072 Canentem
2315 1018 2379 1072 in
2422 1034 2555 1072 ma-

307 1099 648 1158 trimonium
677 1101 962 1186 accepisse
988 1108 1252 1158 narratur
1291 1100 1500 1174 Picus,
1542 1120 1600 1158 v.
1643 1099 1809 1158 ovid.
1852 1101 1995 1158 Met.
2180 1103 2364 1174 ,333
2401 1120 2551 1182 sqq„

308 1185 412 1264 qui
439 1186 670 1262 copiose
697 1179 958 1242 fabulam
999 1185 1389 1264 persequitur,
1436 1204 1551 1266 qua
1578 1203 1613 1241 a
1643 1186 1807 1243 Circe
1848 1185 1912 1242 in
1956 1187 2263 1243 venatione
2307 1205 2555 1264 conspe-

307 1280 466 1344 ctus,
510 1289 648 1328 cum
677 1269 796 1330 eius
825 1289 1086 1328 amorem
1111 1272 1442 1349 sprevisset,
1485 1272 1545 1326 in
1576 1271 1775 1349 picum
1814 1281 2068 1328 mutatus
2105 1271 2304 1328 fertur.
2388 1271 2552 1328 Ean-

307 1353 446 1412 dem
485 1355 746 1414 fabulam
789 1357 976 1434 attigit
1031 1357 1300 1434 Virgilius
1360 1356 1462 1414 lib.
1520 1355 1644 1430 vll,
1703 1359 1825 1422 189
1868 1375 1957 1436 sq·
2042 1356 2233 1412 Picus
2258 1387 2345 1398 —-
2376 1375 2555 1432 quem

310 1450 494 1516 capta
520 1439 800 1515 cupidine
823 1441 1039 1496 coniux
1059 1439 1280 1498 Ata-ea
1297 1461 1655 1516 percussum
1698 1443 1877 1520 virga
1922 1463 1951 1498 φ
1952 1459 2274 1519 areamque
2310 1442 2553 1498 venenis

309 1525 476 1580 Fecit
511 1545 594 1582 αι
593 1544 684 1582 em
719 1525 886 1582 Circe
927 1526 1262 1603 sparsitque
1308 1523 1607 1584 coloribus
1648 1525 1806 1584 alas.
1895 1528 2069 1584 Picus
2109 1527 2203 1584 vel
2243 1527 2553 1604 Picumnus

309 1611 510 1688 priscis
549 1611 703 1668 Italis
745 1613 895 1668 inter
930 1629 1114 1670 sacras
1157 1612 1268 1668 fuit
1326 1630 1459 1669 aves
1514 1609 1892 1692 inprimisque
1958 1613 2207 1690 auguriis
2256 1613 2550 1691 probatae,

307 1693 468 1754 idem
495 1697 668 1757 Marti
693 1715 883 1754 sacer:
927 1717 984 1754 v.
1032 1697 1196 1755 Serv.
1239 1694 1314 1754 ad
1343 1697 1455 1754 lib.
1495 1696 1620 1770 Vll,
1671 1700 1812 1760 190.
1894 1699 2016 1755 Nisi
2062 1698 2260 1778 itaque
2298 1698 2553 1754 nominis

307 1781 702 1858 interpretatio
729 1782 986 1839 fabulam
1023 1783 1190 1840 istam
1231 1792 1488 1838 mutatae
1536 1783 1759 1839 formae
1800 1785 2055 1862 peperit,
2114 1793 2251 1840 nata
2286 1783 2387 1840 illa
2433 1803 2552 1842 esse

307 1867 499 1944 potuit
529 1885 604 1922 ex
631 1869 868 1947 antiquo
897 1869 1064 1945 signo
1106 1868 1327 1924 iuvenis
1369 1887 1509 1926 cum
1549 1869 1681 1946 pico
1722 1868 1785 1924 iu
1834 1871 2038 1948 capite.
2125 1869 2273 1925 Tale
2317 1869 2552 1946 signum

303 1960 595 2010 memorat
625 1951 860 2012 Ovidius
887 1954 950 2008 in
979 1953 1168 2010 Circes
1198 1951 1434 2010 aedibus
1460 1955 1601 2011 Met.
1630 1953 1787 2026 XIV,
1829 1957 1952 2016 313
1982 1974 2088 2036 sq.,
2132 1964 2199 2010 ut
2228 1951 2553 2032 augurandi

303 2040 510 2116 peritia
553 2039 616 2096 in
656 2039 797 2096 Pico
837 2057 1100 2117 expressa
1150 2037 1323 2096 fuisse
1367 2037 1649 2098 videatur.
1739 2040 1867 2111 Quo
1924 2041 2049 2118 ipso
2108 2037 2429 2096 declaratur
2466 2037 2552 2113 id,

307 2121 468 2202 quod
497 2117 652 2203 apud
679 2123 984 2202 Virgilium
1009 2125 1221 2182 lituum
1247 2143 1430 2183 manu
1457 2133 1619 2182 tenet
1646 2125 1767 2182 eius
1792 2125 2025 2202 siguum
2052 2127 2115 2182 in
2156 2125 2349 2182 Latini
2391 2125 2551 2203 regia

303 2210 559 2286 positum
577 2227 596 2266 ε
639 2229 698 2268 v.
731 2211 853 2272 187
901 2210 1040 2286 Ipse
1079 2209 1387 2285 Quirinali
1431 2207 1583 2266 lituo
1608 2243 1696 2252 —
1722 2208 1963 2268 sedebat
1986 2241 2073 2254 ·—-
2097 2211 2289 2266 Picus
2333 2229 2552 2288 equum

301 2293 578 2352 domitor.
671 2295 904 2353 Servius
949 2313 1184 2376 quoque
1227 2293 1300 2351 ad
1341 2315 1392 2351 e.
1435 2295 1475 2352 l.
1525 2315 1600 2353 ex
1626 2295 2057 2354 pontificalibus
2106 2296 2263 2354 libris
2306 2295 2551 2373 probare

300 2379 464 2452 vult,
525 2381 736 2438 Picum
785 2383 1026 2457 augurio
1081 2381 1302 2438 clarum
1360 2380 1555 2439 fuisse.
1640 2379 1817 2460 Apud
1870 2382 2061 2439 Valer.
2112 2383 2201 2440 Fl.
2255 2381 2379 2454 VII,
2424 2384 2551 2446 232

307 2465 474 2521 Circe
487 2507 506 2536 ,
557 2467 662 2522 etsi
687 2466 951 2523 simulate
965 2511 982 2539 ,
1023 2464 1323 2545 profitetur
1349 2485 1412 2522 se
1439 2466 1565 2522 Pici
1590 2468 1959 2524 matrimonio
1986 2465 2207 2527 haberi.

475 2550 602 2607 Pici
641 2548 827 2607 filium
880 2550 1134 2629 prodidit
1177 2551 1463 2609 Faunum
1499 2552 1799 2631 Virgilius:
1854 2552 2067 2609 Fauno
2115 2554 2304 2611 Pleu-s
2330 2562 2513 2631 pater
2522 2574 2547 2627 ;

309 2644 370 2693 et
395 2632 494 2693 lib.
524 2637 654 2706 XII,
684 2639 831 2699 766.
861 2638 986 2699 769
1018 2646 1102 2693 est
1128 2637 1359 2693 Faunus
1388 2636 1671 2693 Laurens
1698 2634 1861 2694 deus.
1952 2640 2150 2696 Martis
2194 2638 2379 2695 filium
2422 2637 2551 2697 edi-

307 2718 516 2778 derant
555 2720 682 2777 alii:
739 2721 980 2798 Dionys.
1019 2722 1068 2793 Ι,
1113 2723 1214 2781 31.
1297 2721 1551 2797 Appian.
1592 2722 1801 2799 fragm.
1852 2720 1953 2779 lib.
1996 2724 2047 2780 Ι.
2132 2722 2285 2779 Cum
2322 2724 2386 2781 in
2429 2726 2551 2783 eius

307 2814 562 2863 aetatem
616 2803 874 2863 Evandri
924 2814 984 2863 et
1023 2804 1282 2861 Herculis
1323 2822 1580 2861 accessus
1623 2806 1699 2862 ad
1736 2807 1961 2863 ltaliam
1997 2825 2031 2864 a
2088 2808 2319 2864 Graecis
2382 2808 2545 2865 relati

307 2901 530 2965 essent,
575 2890 933 2971 frequentior
975 2890 1096 2949 eius
1139 2889 1212 2945 ab
1247 2891 1317 2945 iis
1353 2889 1506 2947 facta
1544 2892 1787 2949 mentio.
1872 2892 1969 2946 Ex
2005 2900 2093 2947 tot
2132 2892 2383 2947 inaniter
2421 2894 2551 2969 ple-

303 2996 555 3056 rumque
585 2976 658 3034 de
687 2974 800 3035 hoc
829 2978 1030 3034 Fauno
1061 2974 1223 3034 dictis
1251 2972 1398 3031 haec
1427 2976 1782 3033 tenebimus.
1827 2976 2094 3036 Primum
2131 2993 2353 3032 numen
2377 2976 2553 3033 fuisse

303 3064 532 3144 antiqui
557 3064 742 3136 Latii,
781 3058 962 3142 idque
1002 3058 1336 3135 fatidicum,
1378 3062 1679 3135 Faunumt,
1738 3060 1901 3119 fuere
1940 3070 2138 3119 autem
2176 3062 2395 3139 priscae
2430 3062 2553 3118 Ita-

301 3151 422 3209 liae
435 3192 452 3223 ‚
495 3159 554 3207 et
577 3150 898 3227 priscarum
941 3146 1060 3205 fere
1105 3166 1176 3205 ac
1212 3146 1591 3205 barbararum
1629 3149 1894 3225 gentium
1937 3148 2236 3218 omnium,
2292 3142 2375 3203 dii
2415 3146 2553 3205 fati-

305 3234 428 3293 dici
451 3242 682 3292 tantum
705 3253 828 3291 non
859 3251 1094 3291 omnes.
1140 3230 1285 3291 haec
1321 3234 1480 3289 enim
1507 3232 1703 3291 futura
1746 3229 2163 3311 praenoscendi
2210 3252 2279 3289 ac
2304 3228 2554 3311 praedi-

302 3318 482 3378 cendi
507 3320 788 3379 facultas
771 3340 832 3377 m
875 3322 1118 3377 numine
1157 3320 1418 3399 inprimis
1465 3316 1775 3376 hominmn
1813 3316 2047 3375 rudium
2087 3319 2309 3375 animos
2345 3336 2555 3376 move-

301 3406 442 3465 bat:
485 3424 596 3464 nec
625 3406 787 3463 aliter
813 3406 1039 3464 barbari
1065 3406 1370 3461 Americae
1399 3414 1458 3461 et
1495 3402 1727 3461 Africae
1765 3404 1969 3483 populi
2013 3400 2087 3460 de
2126 3402 2233 3461 diis
2272 3405 2387 3461 suis
2432 3415 2553 3461 sta-

299 3500 517 3565 tuunt3
566 3502 622 3548 et
651 3488 946 3549 interdum
975 3508 1216 3548 omnem
1241 3490 1617 3567 religionem,
1668 3490 1890 3547 cultum
1922 3499 1981 3547 et
2012 3491 2313 3547 notionem
2352 3484 2554 3547 nul'ni-

299 3580 424 3649 nis‚
465 3574 543 3633 ad
575 3578 910 3655 opinionem
939 3587 998 3633 et
1024 3596 1188 3655 spem
1229 3574 1625 3653 comperiendi
1650 3574 1843 3633 futura
1874 3594 1907 3632 e
1936 3573 2041 3632 diis
2071 3586 2129 3633 et
2162 3572 2553 3633 sacerdotibus

299 3660 494 3721 redire
533 3662 821 3720 videmus.
905 3664 1138 3719 Faunus
1177 3672 1375 3719 tamen
1417 3660 1568 3717 inter
1616 3660 1875 3720 fatidicos
1921 3658 2057 3718 deos
2099 3662 2361 3739 inprimis
2404 3662 2545 3717 emi·

297 3750 468 3805 nuit:
515 3759 750 3828 eratque
779 3749 900 3805 eius
929 3746 1156 3805 celebre
1181 3747 1482 3805 oraculum
1510 3748 1573 3803 in
1612 3746 1745 3804 luco
1793 3746 2093 3803 Albuneae
2138 3744 2294 3825 apud
2334 3747 2581 3821 Tibur-3.

303 3832 386 3891 de
415 3852 532 3913 quo
559 3853 618 3891 v.
649 3834 749 3891 lib.
777 3834 904 3905 Vll,
947 3836 1030 3897 82
1057 3850 1221 3912 sqq..·,
1265 3832 1338 3889 ab
1382 3849 1453 3887 eo
1495 3833 1653 3887 enim
1693 3841 1997 3911 acceptum
2034 3831 2229 3889 nobile
2267 3830 2415 3889 illud
2457 3852 2591 3891 re-‚r

301 3937 588 3997 sponsum
617 3916 688 3975 de
726 3918 987 3977 Lavinia.
1073 3916 1478 3995 Symbolicum
1520 3934 1755 3997 quoque
1790 3936 2012 3975 nomen
2049 3926 2133 3973 est
2173 3916 2407 3975 Fatuae
2444 3936 2552 3995 pro

300 4022 497 4062 uxore
522 4005 708 4060 Fauni
735 4000 964 4063 habitae
989 4000 1185 4059 futura
1213 4002 1659 4079 praemonentis.
1701 4020 1759 4059 v.
1802 4003 2003 4059 lustin.
2048 4002 2258 4074 xmn,
2307 4006 2366 4065 1.
2449 4002 2555 4058 Vi-

303 4088 524 4149 dentur
550 4098 748 4146 antem
774 4089 1005 4147 oracula
1043 4088 1141 4143 illa
1177 4082 1521 4166 aliquande,
1564 4088 1742 4145 serius
1782 4086 1969 4161 forte,
2010 4086 2265 4143 versibus
2314 4083 2553 4143 rudibus

299 4176 482 4233 fiiisse
509 4172 766 4247 reddita,
895 4170 974 4231 od
999 4190 1271 4231 versuum
1309 4190 1494 4249 genus
1542 4172 1859 4229 Saturnios
1900 4170 2261 4251 appellarunt
2294 4180 2548 4227 veteres:
2593 4173 2604 4186 '

301 4258 387 4319 cf.
414 4258 594 4315 Varro
610 4261 680 4315 L.
695 4260 766 4315 L.
849 4260 893 4330 1,
923 4260 984 4320 3.
1025 4254 1358 4321 Inconditos
1386 4274 1583 4315 versus
1608 4266 1915 4339 poetarum
1941 4258 2301 4334 superiorum
2326 4254 2553 4309 Ennius

295 4342 612 4404 vellicabat
665 4339 780 4399 hoc
836 4343 1107 4399 nomine:
1166 4343 1453 4418 sumpsere
1495 4340 1614 4397 alic·
1656 4357 1785 4397 rem
1832 4340 1901 4399 V
1890 4340 2154 4409 ambus
2218 4356 2365 4415 quo-5·
2410 4332 2555 4391 Olim

294 4426 550 4489 Faunei
600 4424 670 4487 V
655 4428 922 4508 atezsque
961 4422 1311 4486 canebantss
1372 4424 1611 4504 (Redigi
1652 4444 1849 4485 versus
1875 4426 2003 4485 illos
2028 4421 2293 4483 horridos
2318 4416 2393 4479 ad
2420 4438 2554 4477 me-
