3009 5050
714 413 1319 495 AENEmos
1370 417 1580 494 Lm.
1634 419 1730 514 X,
1779 425 2108 498 52—-63

290 601 660 682 obstabit
698 603 970 706 Tyriis.
1075 601 1286 698 Quid
1316 554 1637 703 pesteni'
1671 603 2010 705 evadere
2038 604 2232 684 beni

2375 427 2525 500 439

2421 618 2520 687 55

282 707 524 804 Iuvit,
582 720 663 785 et
695 707 1101 806 Argolicos
1130 706 1496 783 medium
1529 703 1821 806 fiigisse
1848 732 1999 809 per
2029 706 2254 808 ignis,

284 811 876 912 Totque'maris
903 823 1325 912 vastaeque
1360 809 1724 886 exhausta
1759 810 2108 913 pericula
2138 826 2421 911 terrae,

280 918 499 993 Dum
557 914 869 992 Latium
934 912 1766 1016 Teucrirecidivaque
1828 913 2210 1014 Pergama
2279 907 2520 1020 quae-

1440 1030 1630 1092 runt
1644 1027 1680 1095 P

280 1126 467 1200 Non
494 1121 767 1218 satius,
820 1121 1125 1197 eineres
1148 1125 1449 1222 patriae
1486 1119 1868 1198 insedisse
1897 1143 2340 1300 suffiremoS,

282 1231 547 1327 Atque
588 1223 855 1300 solum
872 1284 895 1323 ,
962 1247 1125 1327 quo
1177 1225 1416 1302 Troia
1478 1220 1678 1302 fuit?
1796 1227 1968 1300 Xan

2059 1249 2203 1301 um
2261 1238 2343 1302 et
2403 1227 2522 1302 Si-

1443 1349 1584 1402 mo
1592 1340 1772 1404 enta
2419 1338 2522 1408 60

278 1429 607 1527 Redde,
660 1452 809 1506 oro
826 1485 849 1525 ,
898 1429 1241 1524 miseris3
1290 1430 1746 1532 iterumque
1767 1428 2182 1506 revolvere
2211 1453 2434 1510 casus

276 1535 437 1630 Da,
489 1546 754 1634 pater,
804 1531 1083 1611 Iliacos
1116 1535 1462 1612 Teucris,

1570 1538 1782 1610 Tum
1812 1533 2022 1632 regia
2057 1536 2296 1626 Iuno,

278 1641 474 1715 Acta
499 1635 779 1713 furore
807 1637 1055 1735 gravi:
1158 1637 1375 1731 Quid
1394 1661 1532 1714 me
1559 1636 1707 1714 alta
1734 1637 2040 1714 silentia
2076 1638 2290 1737 cogis

280 1808 615 1879 cuningham.
650 1810 914 1880 praetulit.
985 1809 1095 1878 (nil
1120 1811 1306 1868 Palat..
1339 1827 1443 1880 qua
1476 1810 1686 1881 quidem
1719 1811 1891 1864 forma
1926 1827 2034 1864 non
2066 1809 2240 1880 aliter,
2276 1808 2380 1864 nini
2404 1827 2522 1864 me-

278 1891 367 1932 tro
404 1889 646 1948 cogente,
682 1897 801 1932 usus
826 1889 909 1931 est
935 1879 1203 1948 Virgilius.
1247 1883 1393 1946 Wr.)
1506 1881 1576 1935 55
1610 1879 1872 1934 Obstabat
1895 1881 2102 1950 Menag.
2135 1899 2218 1953 pr.
2253 1891 2310 1933 et
2337 1885 2519 1950 sprot·

279 1967 397 2002 cum
434 1949 598 2002 Goth.
640 1967 722 2018 pr.
799 1950 983 2018 Tyriis
1008 1949 1093 2002 vel
1132 1951 1356 2002 Teucris
1380 1949 1577 2002 zulich.
1647 1949 1802 2002 bellio
1822 1949 1982 2002 Goth.
2006 1960 2134 2004 tert.
2235 1951 2307 2007 56
2333 1956 2524 2021 Argo-

278 2019 444 2072 licum
470 2035 572 2088 pro
600 2047 668 2060 -
684 2037 838 2072 orum
864 2019 1031 2088 Bigot.
1100 2020 1305 2074 medios
1332 2019 1423 2072 alii
1450 2019 1575 2072 edd.
1603 2030 1658 2072 et
1689 2019 1873 2088 scripti
1899 2019 2035 2072 Pier.
2073 2029 2129 2072 et
2154 2021 2345 2088 num„
2375 2019 2522 2072 bini-

316 2106 381 2140 ue
416 2088 577 2140 Goth.
664 2087 980 2156 Exquisitiu·
1018 2089 1267 2142 alterum:
1327 2096 1556 2142 Aeneam
1595 2089 1827 2142 mediam
1865 2088 2081 2158 fugisse.
2136 2089 2347 2160 Jecae'caee‘
2383 2091 2524 2144 Ven-

278 2105 462 2239 δεῖξαι
497 2155 691 2211 Medic.
736 2159 880 2226 Wr.)

1010 2156 1077 2212 68
1103 2159 1355 2212 rediviva
1379 2161 1532 2212 Rom.
1560 2170 1617 2211 et
1643 2157 1775 2211 alin·
1807 2157 1962 2220 Pie-r..
1994 2159 2134 2226 (cum
2161 2159 2213 2212 8.
2248 2159 2392 2226 Wr.)
2426 2159 2523 2212 sed

278 2227 523 2280 recediva
558 2228 671 2279 fere
713 2244 891 2280 omne·
930 2227 1117 2296 scripti
1160 2229 1341 2280 Heius.
1388 2247 1437 2281 v.
1484 2245 1601 2296 cup.
1645 2227 1713 2280 ad
1742 2229 1844 2292 IV,
1879 2227 2000 2282 344.
2071 2247 2120 2282 r.
2155 2230 2374 2282 moenia
2414 2245 2520 2282 sec.

276 2295 472 2348 Moret.
543 2309 809 2364 quaerent
848 2296 1013 2348 habet
1056 2295 1151 2348 lul.
1193 2297 1316 2351 aab.
1354 2307 1439 2363 et,
1486 2313 1588 2368 pro
1628 2307 1969 2366 quaererent,
2014 2295 2180 2349 addit.
2280 2295 2351 2351 59
2373 2297 2522 2351 Num

280 2365 459 2416 catius
482 2373 590 2416 tres
617 2367 785 2418 Burm.
854 2366 1087 2436 (patrios
1112 2367 1263 2417 Rom.
1340 2367 1541 2419 Troiae
1565 2367 1670 2418 ine.
1698 2365 1982 2418 Arusianus
2025 2383 2066 2416 ι.
2099 2384 2148 2417 v.
2175 2365 2369 2419 Ineido
2395 2383 2520 2491 83:

280 2432 401 2487 236.
434 2433 777 2487 Lindemann.
828 2435 913 2487 W
904 2433 973 2500 r.)

1043 2435 1301 2486 incidisse
1340 2435 1560 2487 Mentel.
1599 2452 1680 2502 pr.
1722 2443 1778 2486 et
1809 2443 1935 2486 tert.
1967 2434 2216 2486 Rottend.
2248 2452 2299 2488 v.
2328 2436 2370 2500 1,

281 2501 361 2569 (et
398 2501 468 2555 V.
514 2501 577 2554 L.
622 2501 690 2554 ad
722 2499 831 2555 Ecl.
869 2503 1000 2567 vn,
1036 2504 1085 2556 1.
1137 2503 1285 2569 Wr.)
1356 2522 1421 2556 ex
1460 2503 1680 2556 endis-re
1709 2503 1793 2556 ed.
1829 2519 1911 2573 pr.
1946 2503 2115 2557 Bnrm.
2181 2503 2252 2557 60
2277 2503 2424 2576 quod
2457 2506 2520 2558 Τ.
2589 2545 2592 2547 ψ

278 2568 481 2623 zulich.
527 2582 581 2623 et
622 2570 836 2623 Oudart.
877 2589 909 2622 a
950 2589 1021 2622 m.
1058 2588 1139 2637 pr.
1208 2589 1349 2642 quae

277 2638 553 2691 fluviorum
591 2656 642 2691 v.
668 2657 753 2708 ap.
790 2641 964 2692 Burin.

1438 2589 1524 2625 en.
1567 2581 1624 2623 et
1665 2572 1816 2625 Leid.
1883 2572 2218 2640 corruptelas
2255 2572 2522 2627 nominum

1065 2640 1131 2694 61
1159 2640 1411 2694 evolvere
1446 2658 1529 2711 pr.
1555 2640 1741 2695 Hamb.
1791 2641 2068 2694 resolvere
2093 2642 2204 2694 Erf.
2305 2642 2376 2695 63
2399 2644 2522 2695 Icta

266 2708 327 2781 J:
352 2716 481 2761 tert.
499 2710 694 2760 Μαι-οι.
732 2708 833 2761 vid.
860 2707 1041 2760 Heius.
1075 2726 1191 2775 cup.
1225 2708 1294 2760 ad
1325 2711 1365 2776 l,
1400 2707 1523 2763 513.
1560 2710 1762 2777 (eadem
1793 2708 2041 2761 lectionis
2061 2708 2281 2763 vai-ieta·
2303 2711 2361 2761 in
2386 2726 2520 2763 con-

280 2776 440 2829 aitnili
474 2776 733 2830 sententia
761 2795 849 2843 ap.
878 2776 1058 2828 Valer.
1086 2776 1167 2830 Fl.
1192 2778 1330 2843 vm,
1362 2777 1469 2843 35„
1502 2777 1594 2830 ubi
1619 2776 1726 2830 vid.
1751 2778 2048 2831 woicam-t.
2075 2781 2161 2833 W
2154 2779 2224 2845 r.)
2284 2776 2532 2849 figmm'·

278 2859 367 2901 σεε
394 2847 556 2899 Goth.
592 2863 699 2899 ccc.
768 2866 851 2899 me
873 2846 1027 2898 abeat
1050 2846 1256 2917 Menag.
1280 2864 1363 2917 pr.
1428 2865 1596 2919 coges
1623 2847 1730 2901 dno
1763 2848 2036 2901 Burmann.

278 2988 502 3047 dui->ne
516 3032 535 3063 ,
578 2988 803 3068 potenti
828 2988 1073 3067 imperio
1090 3032 1109 3062 ,
1138 2997 1196 3047 et
1210 3007 1359 3066 pre-

277 3084 409 3133 mat
445 3092 552 3153 pro
594 3084 809 3132 teneat.
910 3072 1015 3138 54.
1060 3072 1201 3131 inde
1216 3118 1233 3148 ‚
1286 3074 1359 3131 ab

275 3160 557 3231 Ascanio,
618 3169 679 3217 et
721 3161 843 3217 eius
870 3160 1140 3238 posteris,
1198 3160 1361 3217 nulla

276 3256 400 3305 esto
442 3264 611 3303 mora
649 3245 911 3303 coloniae
939 3246 1156 3325 Tyriae
1178 3288 1197 3318 ‚
1240 3262 1357 3325 quo

274 3332 470 3389 minus
496 3331 808 3412 imperium
820 3331 1019 3387 Italiae
1035 3349 1360 3410 consequa-

274 3427 392 3475 tur.
478 3415 584 3481 55.
610 3426 843 3494 pestem
867 3416 1058 3494 simpl.
1074 3410 1358 3495 ὄλεθρον,

273 3502 593 3582 perniciem
606 3546 621 3577 ,
666 3512 733 3560 ut
774 3511 931 3560 recte
960 3498 1165 3559 cerda.
1252 3500 1355 3567 58.

274 3586 541 3647 recidiva
585 3588 895 3666 Pergama
910 3630 929 3661 ‚
970 3586 1355 3655 renascentia,

274 3674 562 3732 restituta:
594 3674 749 3731 conf.
777 3673 876 3746 lv,
897 3670 1041 3736 344.
1068 3672 1193 3747 VH,
1210 3674 1355 3736 322.

275 3760 435 3817 Tota
491 3759 784 3817 conclusio
840 3758 1113 3816 orationis
1146 3801 1163 3831 ‚
1240 3774 1356 3837 qua

276 3844 603 3923 expostulat
641 3844 837 3921 Venus
856 3886 874 3919 ,
924 3844 1156 3921 egregia
1186 3852 1271 3901 est
1296 3842 1359 3900 vi

274 3948 347 3987 ac
386 3948 565 3987 nervo
586 3973 601 4003 ,
647 3948 763 4011 quo
814 3938 1227 4007 argumentum
1252 3946 1357 4005 per

274 4032 337 4073 se
380 4032 557 4092 grave
596 4024 865 4093 potenter
902 4015 1107 4072 vibrat.
1194 4010 1349 4083 Quid

272 4100 492 4179 profuit
516 4119 675 4158 nunc
692 4100 961 4157 Troianis
988 4100 1180 4157 excisa
1205 4099 1350 4156 urbe

274 4182 544 4263 effugisse
596 4195 655 4242 et
692 4204 873 4243 novas
913 4182 1077 4243 sedes
1120 4184 1351 4265 quaesi·-

272 4272 451 4331 visse:
496 4272 547 4329 si
572 4290 731 4329 nunc
758 4270 960 4329 similis
988 4271 1222 4329 fortuna
1253 4288 1351 4328 eos

273 4356 519 4433 excipit,
579 4366 647 4413 ut
672 4374 826 4414 nova
853 4356 998 4415 urbe
1033 4364 1204 4434 capta
1245 4374 1354 4412 ex-

271 4438 608 4523 scindantur
623 4434 656 4499 ?
756 4440 947 4513 Quam
998 4441 1357 4520 παθητικῶς

1446 2988 1672 3047 cineres
1693 2988 1942 3065 patriae
1965 2996 2275 3047 memorat.
2302 2984 2519 3063 solum,
2577 2999 2591 3006 ·

1444 3094 1562 3153 quo
1616 3074 1795 3131 'stoia
1819 3073 1960 3153 suit
1985 3097 2006 3131 .·
2063 3085 2128 3134 ut
2153 3072 2256 3132 lib.
2283 3074 2386 3148 111,
2420 3077 2521 3137 1‘1.

1442 3160 1678 3221 Scilicet
1719 3160 2044 3241 praestabat
2083 3160 2164 3218 sic
2186 3202 2203 3233 ,
2256 3159 2336 3216 in2
2361 3159 2520 3217 urbis

1441 3244 1565 3305 solo
1610 3254 1889 3326 aequatae
1936 3245 2116 3303 minis
2160 3246 2519 3303 remansisse.

1440 3331 1552 3389 Illa
1579 3350 1718 3389 vero
1747 3331 2102 3389 sublimiter:
2147 3326 2326 3388 redde
2353 3329 2521 3389 nobis

1440 3415 1688 3475 Troiam
1745 3412 2074 3497 antiquam!
2185 3416 2520 3474 Praestabat

1438 3502 1520 3559 sic
1561 3502 1624 3559 in
1665 3499 1901 3560 Troade
1945 3499 2282 3560 remansisse
2323 3510 2382 3558 et
2404 3502 2518 3559 ite-

1439 3606 1574 3644 rum
1615 3585 1851 3645 easdem
1890 3606 2194 3645 aerumnas
2229 3586 2516 3645 tolerasse.

1438 3672 1581 3729 Erat
1606 3674 1768 3730 enim
1779 3670 2164 3731 metuendum
2189 3672 2288 3745 ibi,
2315 3691 2394 3729 ne
2410 3669 2518 3730 de·-

1437 3777 1560 3815 nuo
1586 3755 1799 3817 Achivi
1825 3760 2182 3817 incursarent
2219 3755 2517 3815 Troadem

1441 3852 1499 3900 et
1528 3840 1760 3901 easdem
1786 3845 2022 3902 iniurias
2047 3842 2344 3917 inferrent,
2375 3861 2518 3923 quas

1438 3928 1627 3986 Troes
1657 3938 1827 3987 antea
1854 3939 2019 3988 erant
2047 3926 2288 4007 experti.
2330 3928 2517 3985 Fran-

1439 4024 1589 4092 gunt
1626 4014 1882 4095 Inter-pp.
1921 4025 2052 4095 post
2097 4014 2368 4073 Servium
2395 4013 2518 4071 vim

1430 4099 1607 4157 totius
1633 4098 1771 4159 loci.
1855 4099 2075 4159 Similis
2111 4098 2382 4157 orationis
2410 4116 2516 4155 co-

1431 4185 1522 4241 lor
1578 4203 1752 4264 supra
1791 4186 1881 4260 Π,
1921 4187 2048 4250 669
2105 4182 2364 4241 Reddite
2425 4202 2518 4237 me

1435 4268 1703 4337 Danais.

1523 4358 1606 4419 68
1638 4374 1764 4435 sqq.
1809 4354 1880 4411 In
1909 4354 2169 4411 oratione
2197 4348 2307 4408 hac
2335 4350 2517 4405 Iuno-

1437 4440 1558 4515 nis,
1619 4458 1738 4521 qua
1789 4438 2054 4497 Veneris·
2093 4434 2517 4495 accusationem
