3009 5050
591 382 1206 488 AENEIDOS
1256 377 1679 526 Llnsvn,
1732 407 2165 480 sos—520

242 580 516 660 Audiit
543 594 624 657 et
653 581 968 659 Triviae
991 581 1232 680 longe
1260 580 1511 675 laem,
1566 581 1814 659 audiit
1844 585 2095 659 amnis
2198 580 2208 591 '

245 683 626 762 sulfurea·
649 690 810 762 Nar
841 685 1062 768 albus
1097 710 1300 787 aqua
1331 684 1763 786 fontesque
1792 680 2089 782 Velini;

239 794 345 867 Et
378 787 738 890 trepidae
763 781 1060 865 mati-*es
1088 811 1450 889 pressere
1482 788 1577 864 ad
1618 803 1945 889 pectora
1972 803 2221 872 natos,
2566 868 2580 886 ,

247 896 460 969 Tum
493 917 686 968 vero
733 891 832 968 ad
879 909 1166 970 vocem
1206 889 1507 968 celeres
1527 952 1547 987 ,
1602 917 1755 994 qua
1802 891 2136 970 buccina
2180 897 2494 995 signum

241 997 428 1074 Dira
458 994 716 1092 dedit,
769 998 1012 1096 raptis
1039 1010 1527 1072 concurrunt
1560 994 1920 1098 undique
1948 996 2123 1074 telis
2342 1012 2497 1081 520

348 1132 520 1214 516.
570 1155 855 1256 Lacus3

2390 413 2488 483 73

242 1360 327 1412 nis
358 1359 524 1412 Goth.
592 1359 690 1427 (An
715 1361 960 1412 convenit
980 1357 1266 1413 tonandi
1293 1361 1510 1414 verbum
1535 1359 1791 1412 eiusmodi
1818 1359 1989 1412 sono?
2025 1369 2168 1414 certe
2192 1361 2310 1428 ipsa
2337 1377 2497 1414 eor-

243 1447 404 1490 nna,
445 1427 624 1481 Valer.
655 1431 733 1480 ΕΙ.
764 1433 878 1493 vn,
904 1431 1042 1494 611..
1075 1429 1313 1492 tubae,
1349 1431 1541 1483 Lucan.
1565 1433 1606 1492 Ι,
1638 1429 1777 1494 578.,
1812 1431 1971 1481 etiam
2002 1431 2337 1494 classica,
2366 1436 2497 1483 Aen.

245 1501 366 1562 vn,
394 1497 532 1560 637„
565 1515 670 1548 non
697 1508 944 1552 tonant
968 1510 1058 1552 aut
1090 1500 1454 1564 intonant,
1489 1499 1587 1552 sed
1612 1509 1861 1550 sonant
1885 1499 1971 1550 vel
2006 1500 2361 1552 insonant.
2430 1501 2499 1552 Et

253 1585 410 1636 quum
437 1575 692 1634 cognatae
729 1567 947 1636 originis
969 1587 1084 1620 esse
1111 1569 1244 1620 haec
1271 1570 1460 1634 verba,
1495 1583 1694 1622 tonare
1724 1576 1779 1620 et
1801 1586 2029 1634 sonare,
2064 1579 2345 1639 appareat,
2381 1569 2498 1622 ‹lis-

251 1635 448 1689 crimen
477 1652 656 1687 eornm
688 1636 916 1703 ipsarum
955 1639 1222 1690 literarum
1261 1651 1286 1689 t
1335 1649 1393 1690 et
1433 1657 1464 1690 s
1497 1637 1795 1689 differentia
1834 1636 2058 1700 indicat,
2107 1656 2321 1707 quarum
2368 1638 2501 1692 haec

249 1717 374 1776 apta
414 1715 496 1756 est
519 1705 590 1756 ad
617 1722 798 1758 sonum
825 1717 1076 1770 tractum,
1110 1707 1204 1758 illa
1229 1707 1298 1758 ad
1336 1725 1517 1762 sonum
1550 1707 1825 1774 abruptum
1868 1707 2287 1774 exprimendum3
2337 1725 2501 1775 quare

250 1791 458 1843 quoque
497 1773 619 1827 loco
665 1776 941 1828 videndum
957 1817 974 1843 ,
1019 1787 1138 1828 utra
1180 1775 1328 1828 notio
1365 1775 1674 1837 conveniat3
1738 1775 1843 1826 vid.
1888 1777 1955 1827 V.
1996 1777 2057 1828 1..
2094 1777 2163 1829 ad
2199 1779 2339 1840 vm,
2380 1777 2500 1832 239.

252 1845 436 1911 ltaque
461 1843 597 1896 nihil
621 1843 877 1913 impedit,
923 1847 1195 1915 quominus
1236 1845 1376 1896 idem
1414 1863 1665 1912 organum
1704 1863 1842 1896 nuno
1880 1862 2097 1910 sonare,
2148 1863 2283 1900 nunc
2316 1859 2499 1899 tonare

125 1937 138 1952 ·
250 1913 486 1979 dicatur,
519 1926 577 1966 nt
607 1915 748 1982 apud
774 1916 986 1967 Petron.
1007 1935 1050 1968 c.
1073 1917 1160 1970 78.
1193 1915 1416 1983 legitur:
1455 1953 1487 1976 „
1501 1915 1583 1965 Co
1598 1931 1631 1964 n
1652 1932 1677 1964 s
1692 1931 1723 1966 o
1737 1933 1773 1966 n
1788 1931 1821 1964 n
1836 1931 1949 1966 ere
1975 1916 2266 1968 cornicines
2294 1915 2501 1966 funebri

250 1982 505 2052 strepitu:
549 2001 678 2034 unus
730 1985 1011 2054 praecipue
1058 2001 1234 2036 servus
1275 1994 1384 2036 tarn
1422 1983 1575 2036 valde
1618 1984 2004 2046 intonuit.“
2050 1996 2151 2036 cet.
2207 1987 2504 2038 insonuere

251 2063 440 2104 nostro
483 2051 604 2105 loco
649 2066 856 2122 praeter
896 2053 1028 2106 alios
1070 2053 1212 2120 apud
1259 2054 1436 2106 Heius.
1477 2053 1735 2121 praebent
1760 2053 1895 2104 Gud.
1920 2063 1975 2104 et
2002 2052 2216 2106 Mentel.
2245 2072 2343 2120 pr„
2394 2063 2504 2104 tum

252 2121 371 2189 ipse
399 2121 608 2186 Medio..
653 2123 720 2174 ab
763 2123 858 2174 ino
891 2141 998 2175 non
1035 2135 1493 2186 commemoratus,
1537 2140 1654 2174 cum
1696 2123 1961 2180 Roman03
2012 2140 2232 2192 quorum
2268 2121 2505 2174 codicum

250 2189 556 2243 testimonio
591 2191 759 2244 fretus
802 2194 1045 2246 revocavi
1081 2195 1218 2244 hanc
1253 2189 1553 2244 lectionem.
1624 2193 1915 2242 insonuere
1948 2189 2001 2246 6.
2041 2193 2091 2246 7.
2129 2194 2210 2246 12.
2246 2200 2302 2241 et
2339 2191 2504 2244 Palat-

257 2263 342 2314 W
337 2264 404 2328 r.)
511 2259 614 2314 516
649 2263 710 2312 ln
735 2262 911 2313 multis
937 2263 1096 2314 audit
1120 2261 1396 2324 scribitur,
1431 2269 1488 2312 et
1512 2261 1636 2312 hinc
1656 2257 1904 2312 inseritur
1928 2261 1981 2312 in
2004 2261 2266 2312 nonnullis
2297 2272 2353 2312 ee
2380 2270 2505 2312 ante

251 2333 448 2382 amnis.
519 2330 726 2396 Menag.
757 2349 838 2400 pr.
875 2332 1056 2382 audiit
1097 2332 1296 2394 omnis,
1342 2330 1484 2400 quod
1524 2329 1703 2400 placet
1732 2331 2043 2387 Burmanno.
2097 2333 2219 2398 (Pro
2256 2329 2505 2381 semicolo

253 2415 454 2450 comma
485 2397 670 2464 posni3
706 2400 810 2452 vid.
837 2401 967 2452 Not.
1010 2403 1150 2462 Wr.)
1288 2399 1392 2454 518
1424 2405 1503 2452 Ae
1544 2401 1751 2466 Menag.
1794 2416 1877 2467 pr.
1948 2399 2023 2451 ad
2066 2399 2235 2451 ubera
2274 2398 2506 2461 endam,

253 2467 399 2537 quod
427 2465 553 2518 alibi
585 2468 826 2521 occurrit.
966 2468 1071 2522 519
1105 2469 1245 2535 Quin
1275 2487 1408 2520 vero
1444 2486 1526 2539 pr.
1557 2469 1749 2519 Mol-et.
1778 2487 1809 2520 a
1848 2487 1917 2519 m.
1940 2485 2022 2535 pr.
2164 2467 2268 2522 520
2300 2467 2504 2520 Scribi-

253 2549 342 2589 tur
371 2538 486 2587 fere
508 2550 859 2604 concurrunt,
897 2556 962 2588 ex
991 2538 1436 2606 pronuntiatione.
1510 2551 1809 2590 occurrunt
1845 2538 2049 2608 aliquot
2076 2539 2215 2589 Pier-

257 2709 621 2770 horrendum
634 2710 890 2768 sonitum
912 2710 1173 2785 edidisse,
1203 2730 1343 2791 pro·
1423 2714 1504 2771 vl
1530 2714 1744 2772 Annal.
1781 2714 2103 2793 Sulsweas·
2136 2717 2349 2791 pos-ult
2380 2716 2509 2793 spi—

257 2798 508 2856 babilius
549 2804 636 2853 est
677 2793 930 2869 dictum,
988 2814 1167 2875 quam
1209 2794 1342 2853 dra-
1426 2799 1669 2853 ramina
1728 2798 1921 2856 Naris·
1976 2799 2067 2855 ad
2126 2799 2325 2856 undas
2355 2841 2379 2868 ,
2449 2822 2511 2859 v.

259 2885 425 2942 conis
451 2882 686 2940 sibilum
713 2890 834 2938 tam
863 2881 1039 2958 longe
1071 2899 1191 2937 esse
1237 2900 1347 2938 au·
1429 2881 1660 2938 Cluver.
1703 2901 1764 2959 p.
1803 2884 1948 2956 705,
1997 2902 2246 2963 quarum
2303 2894 2512 2941 natura

259 2968 473 3028 ditum.
567 2968 792 3044 Virgilii
844 2968 1197 3023 imitatorem
1235 2963 1348 3024 ha-
1431 2964 1750 3023 eandorem
1788 2964 1943 3025 facit.
2032 2965 2286 3043 (Audiit
2336 2977 2393 3022 et
2424 3000 2511 3011 -—

256 3057 360 3113 bes
391 3055 645 3112 Statium
683 3054 712 3109 1
755 3048 949 3110 Theb.
985 3056 1105 3115 118
1135 3048 1210 3110 de
1239 3071 1348 3109 an-
1431 3050 1664 3125 audiit,
1706 3048 1828 3109 vid.
1867 3053 1941 3110 V.
1962 3054 2033 3109 L.
2065 3050 2140 3109 ad
2164 3052 2292 3109 Eol.
2320 3054 2417 3125 IV,
2450 3056 2512 3117 6.

259 3142 469 3219 guium
497 3134 848 3219 Tisiphones
877 3136 1078 3195 sibflo:
1120 3136 1352 3195 Audiit
1439 3136 1617 3215 Wr.)
1702 3139 1775 3195 In
1825 3140 2095 3216 proximo
2136 3138 2347 3195 Lacus
2395 3138 2465 3196 V
2452 3158 2515 3193 e-

263 3236 320 3281 et
363 3224 594 3281 medius
631 3223 788 3281 caeli
825 3224 1176 3281 Parnassus
1215 3234 1346 3298 etc„
1432 3222 1596 3280 linus
1614 3264 1635 3292 ‚
1681 3242 1855 3279 amne
1894 3224 2101 3283 Velino
2145 3225 2295 3280 inter
2336 3243 2516 3281 mou-⁵

263 3311 368 3368 ubi
411 3310 610 3367 omnia
647 3311 836 3367 multo
875 3311 1062 3387 magis
1106 3320 1350 3388 porten-

263 3407 391 3454 tosa
445 3393 686 3453 videbis.
798 3394 944 3460 515.
1000 3394 1352 3472 profundae

267 3500 408 3540 cum
437 3479 671 3539 dilectu.
757 3482 827 3537 In
855 3482 1073 3537 intimis
1101 3498 1355 3558 magnae

265 3568 442 3626 silvae
469 3567 783 3624 recessibus
829 3564 1171 3623 audiebatur
1209 3584 1350 3623 vox.

269 3652 418 3717 616.
489 3652 730 3708 Triviae
791 3650 964 3707 lacus
1024 3660 1110 3708 est
1161 3650 1352 3709 Lacus

267 3738 536 3795 Aricinus
565 3757 704 3795 cum
729 3739 982 3794 Nemore
1010 3746 1070 3794 et
1096 3737 1352 3815 Templo

269 3824 494 3884 Dianae
551 3823 940 3895 nobilissim03
1010 3821 1084 3879 cf.
1141 3822 1248 3878 inf.
1291 3840 1350 3879 v.

269 3912 418 3971 761.
489 3909 660 3965 Nune
687 3908 868 3987 Lago
896 3906 964 3965 di
991 3906 1204 3977 Nemi,
1230 3926 1354 3963 uon

269 3994 450 4071 longe
479 3994 551 4051 ab
581 3995 712 4052 vico
751 3992 1055 4051 Gemano.
1147 3992 1354 4049 Paullo

269 4080 552 4138 remotior
594 4079 668 4137 ab
710 4076 800 4136 his
840 4080 982 4137 locis
1019 4096 1217 4136 versus
1260 4096 1356 4134 se-

269 4166 664 4245 ptentrionem
705 4174 791 4222 est
834 4164 978 4221 Nar
991 4204 1017 4233 ,
1060 4164 1163 4243 qui
1203 4163 1358 4219 inter

272 4251 520 4308 Sabinos
565 4260 624 4308 et
663 4249 914 4307 Umbros
971 4245 1048 4305 ad
1089 4248 1357 4305 Tiberim

273 4332 575 4393 deseendit
603 4380 620 4411 ‚
676 4334 964 4412 sulfureis
1003 4332 1182 4411 aquis
1221 4333 1356 4390 satis

268 4430 444 4479 notus
461 4462 480 4495 ,
527 4418 602 4479 de
633 4438 750 4502 quo
777 4420 898 4477 iam
941 4418 1119 4477 Ennii
1159 4431 1359 4477 versus

1429 3310 1584 3366 tium
1609 3309 1749 3385 iuga
1775 3327 1947 3387 super
1973 3311 2151 3367 Reate
2178 3320 2514 3388 stagnante:

1431 3394 1496 3451 in
1526 3394 1741 3450 Narem
1780 3394 1881 3451 ille
1924 3414 2159 3476 quoque
2206 3394 2517 3476 aliquando

1435 3499 1470 3537 a
1495 3481 1578 3535 M.
1612 3480 1787 3537 Curio
1808 3524 1823 3553 ,
1858 3484 2049 3539 exciso
2077 3491 2279 3537 moute
2296 3526 2312 3553 ,
2340 3483 2520 3539 emis-

1434 3584 1549 3623 sus.
1582 3566 1702 3623 Cic.
1732 3567 1813 3623 IV
1840 3564 1915 3624 ad
1942 3568 2065 3624 Att.
2102 3566 2199 3631 15.
2246 3566 2334 3623 ef.
2364 3567 2517 3624 Plin.

1433 3652 1538 3723 111,
1573 3656 1654 3715 12
1680 3670 1726 3708 s.
1762 3654 1861 3714 17.
1930 3654 2124 3730 Egere
2154 3650 2227 3708 de
2256 3649 2388 3725 hoc,
2419 3652 2521 3731 qui

1433 3736 1566 3793 loca
1623 3734 1817 3793 adiere
1837 3781 1855 3811 ,
1926 3740 2105 3795 etiam
2158 3735 2523 3795 Erdmanns-

1439 3819 1611 3880 dorff.
1639 3842 1698 3879 v.
1730 3822 1852 3879 eius
1882 3824 2065 3881 vitam
2089 3821 2255 3880 Rode
2288 3834 2522 3880 attctore

1435 3926 1498 3986 p.
1544 3910 1687 3971 108.
1776 3904 1920 3981 (--
1944 3909 2091 3973 518.
2132 3909 2395 3966 Imitatus
2438 3916 2525 3965 est

1439 3992 1629 4050 Valer.
1660 3992 1747 4051 ΕΙ.
1776 3992 1851 4065 11,
1894 3997 2021 4058 202
2060 4010 2181 4074 sq.:
2242 3993 2524 4073 „pariter-

1442 4096 1557 4158 que
1583 4078 1723 4135 toris
1754 4074 2053 4135 exhorruit
2094 4080 2282 4137 omnis
2318 4079 2522 4149 Mater,

1441 4174 1502 4219 et
1532 4160 1801 4221 adstricto
1830 4165 2131 4241 riguerunt
2148 4164 2325 4221 ubere
2340 4160 2522 4216 uati.“

1449 4246 1589 4306 Wr.

1528 4247 1673 4413 520.
1742 4331 1921 4387 Ennii
1978 4331 2133 4387 Anu.
2176 4329 2275 4384 -111
2329 4342 2527 4385 versus

1441 4416 1601 4496 apud
1640 4416 1898 4475 Macrob.
1942 4416 2067 4487 Vll,
2113 4416 2152 4476 3
2196 4411 2531 4487 Postquam
