3009 5050
668 370 1548 447 AENEIDOS·L1R
1589 373 1717 467 IX,
1749 380 2182 454 587—598
2412 387 2558 457 383

307 558 647 655 Dicitur,
698 571 882 634 ante
930 556 1139 633 feras
1184 556 1463 633 solitus
1506 569 1814 634 terrere
1857 557 2198 660 fugaceS‚

309 664 688 739 Ascanius
707 721 728 758 ‚
782 660 1247 762 fortemque
1275 686 1522 736 manu
1550 658 1850 738 fudisse
1879 668 2338 743 Numanum
2355 703 2376 763 3

312 768 461 843 Cui
492 765 840 843 Remulo
881 788 1335 863 cognomen
1375 778 1580 856 erat3
1636 768 2047 867 Turnique
2081 771 2486 847 minorem

314 873 801 945 Germanam
832 894 1095 970 nuper
1123 866 1471 944 thalamo
1511 869 1846 945 sociatus
1881 870 2242 952 habebat.

309 978 386 1051 Is
462 974 803 1073 primam
872 985 1053 1049 ante
1131 973 1379 1048 aciem
1449 971 1684 1069 digna
1747 986 1983 1074 atque
2041 975 2364 1073 indigna
2431 1000 2594 1053 re-·

1469 1074 1636 1149 latu
2567 1092 2574 1099 ·

310 1177 780 1257 Vociferans
800 1240 819 1276 ,
874 1177 1389 1278 tumidusque
1420 1201 1636 1253 novo
1668 1180 2129 1279 praecordia
2165 1090 2557 1279 regno595

310 1283 524 1377 Ibat,
586 1296 666 1359 et
707 1283 1120 1380 ingentem
1152 1304 1325 1357 sese
1354 1280 1701 1357 clamore
1729 1282 2072 1361 ferebat:

392 1392 601 1465 ‘Non
631 1385 888 1486 pudet
922 1385 1343 1461 obsidione
1379 1387 1673 1461 iterum
1703 1386 2074 1489 valloque
2104 1386 2382 1481 teneri,

454 1612 557 1667 592

316 1681 553 1734 Romulo

314 1769 419 1804 sec.
488 1752 728 1803 Ceterum
763 1752 891 1819 quid.
920 1761 1085 1820 poeta
1118 1748 1170 1801 in
1209 1750 1313 1802 hoc
1345 1761 1594 1821 sequutus
1627 1752 1714 1815 sit,
1751 1761 1807 1803 ut
1845 1751 2159 1802 Numanum
2193 1752 2419 1820 aliquem
2444 1756 2562 1802 Re-

314 1822 519 1873 mulum
551 1820 608 1870 in
646 1820 871 1873 medium
915 1821 1227 1884 adduceret,
1273 1820 1491 1887 ignoro,
1541 1839 1655 1873 cum
1702 1820 1966 1873 insolitum
2010 1819 2079 1871 ait
2129 1819 2438 1889 cognomine
2486 1820 2564 1873 sio

315 1891 538 1956 aliquem
574 1889 830 1957 insigniri.
898 1888 1069 1943 Aliter
1106 1906 1191 1941 res
1226 1908 1283 1941 se
1318 1889 1571 1956 haberet,
1607 1893 1653 1942 si
1687 1889 1931 1942 Remulus
1967 1900 2106 1941 esset
2139 1907 2316 1941 verum
2353 1905 2562 1955 nomen,

317 1970 371 2011 et
418 1962 686 2012 Numanus
734 1960 826 2011 ille
874 1959 1233 2027 appellaretur
1280 1959 1347 2011 ab
1394 1962 1523 2013 urbe
1574 1963 1808 2013 Numana
1853 1960 1907 2010 in
1971 1976 2097 2027 agro
2149 1960 2381 2023 Picen0,
2424 1960 2562 2011 unde

315 2028 562 2082 oriundus
601 2038 733 2081 erat.
802 2029 880 2098 (si
914 2030 1069 2093 licet,
1115 2030 1173 2080 id
1209 2029 1350 2098 quod
1384 2029 1439 2081 in
1478 2030 1656 2082 medio
1691 2030 1961 2099 relinquo,
2011 2030 2232 2081 Numani
2269 2046 2456 2080 nomen
2492 2030 2560 2081 ab

317 2097 519 2167 oppido
554 2100 795 2151 Numana
828 2110 1089 2168 repetere,
1122 2127 1194 2138 —
1226 2116 1342 2151 nam
1380 2101 1618 2151 Numana
1659 2099 1906 2152 oriundus
1949 2099 2166 2166 proprie
2217 2098 2408 2150 dicitur
2441 2100 2563 2151 Nu-

312 2185 493 2221 manus
529 2197 595 2206 —
632 2168 924 2221 Numanus
956 2168 1096 2219 idem
1132 2186 1279 2232 esse,
1329 2169 1471 2236 quod
1502 2187 1732 2237 regem
1781 2172 2080 2230 Numanae,
2139 2168 2564 2233 existimabimus,

314 2237 745 2308 quemadmodum
783 2238 1029 2290 Rutulus
1066 2238 1327 2289 interdum
1363 2254 1461 2307 pro
1498 2256 1625 2307 rege
1660 2240 1997 2303 Rutulorum,
2049 2238 2257 2303 Turno,
2308 2230 2340 2290 ὁ
2379 2232 2564 2291 §1⁶⁶6-

317 2324 437 2376 ριος
471 2324 571 2375 pro
608 2306 826 2377 βασιλεῖ
854 2301 1160 2375 Ἀσσυρίων.
1232 2308 1368 2357 Tum
1399 2310 1670 2360 Remulus
1714 2307 1985 2377 proprium
2037 2307 2136 2358 erit
2187 2306 2299 2359 eius
2343 2324 2560 2371 nomen3

317 2394 617 2447 cognomen
652 2376 789 2427 enim
832 2375 1097 2428 interdum
1131 2378 1167 2426 i.
1208 2393 1257 2443 q.
1304 2376 1527 2441 simplex
1574 2396 1785 2429 nomen.
1855 2379 1923 2427 Et
1967 2376 2257 2427 Numanum
2292 2376 2562 2446 appellare

317 2453 480 2513 poeta
502 2445 730 2496 fortasse
762 2444 932 2495 voluit
964 2445 1033 2496 ob
1071 2444 1366 2513 superbiam
1400 2462 1464 2495 ex
1496 2462 1637 2497 novo
1673 2462 1836 2513 reguo
1871 2442 2152 2508 adscitam3
2201 2444 2308 2497 vid.
2345 2462 2418 2497 vs.
2443 2446 2568 2499 696.

321 2514 481 2577 Quod
514 2514 563 2564 si
597 2514 711 2582 quis
748 2523 1017 2583 opponat,
1064 2513 1261 2566 nullam
1297 2513 1407 2565 eius
1444 2533 1601 2582 supra
1641 2516 1678 2568 l.
1715 2517 1826 2568 vn.
1864 2514 1920 2566 in
1967 2514 2208 2580 catalogo
2245 2515 2566 2568 mentionem

621 1612 800 1663 odisse
831 1614 1016 1665 Franc.
1152 1610 1259 1665 593
1302 1610 1608 1664 Rhemulue
1640 1612 1810 1665 Rufin.
1854 1611 1922 1663 de
1958 1610 2158 1663 Schem.
2205 1610 2331 1662 Lex.

2385 1630 2438 1681 p.
2474 1612 2560 1667 34.

638 1681 811 1733 orvill.
847 1692 900 1733 et
933 1680 1103 1733 Servii
1138 1680 1259 1733 edd.
1312 1681 1378 1732 ad
1417 1686 1548 1735 Aen.
1598 1684 1637 1747 1,
1683 1684 1800 1737 267.
1868 1682 2134 1733 Remulus
2179 1680 2343 1732 Goth.
2379 1698 2460 1747 pr.
2509 1693 2561 1734 et
2673 1710 2679 1721 ·

319 2582 468 2647 fieri,
522 2583 582 2633 id
616 2583 871 2634 neminem
905 2583 1099 2634 morari
1135 2581 1313 2634 debet.
1354 2585 1436 2636 W
1433 2585 1499 2648 r.)

322 2671 387 2705 ex
423 2651 614 2702 Medic.
654 2661 709 2703 et
740 2649 857 2702 aliis
884 2651 1056 2718 codd„
1091 2669 1153 2702 ac
1186 2661 1316 2702 vett.
1353 2649 1472 2704 edd.

1638 2585 1741 2638 597
1775 2587 2050 2656 ingentem
2104 2585 2279 2636 Heins-
2330 2587 2569 2652 reposuit

1545 2653 1660 2704 Neo
1695 2671 1818 2704 vero
1855 2651 2210 2718 accipiendum
2248 2671 2357 2704 cum
2382 2655 2565 2706 Servio
2588 2673 2602 2688 ·

321 2731 379 2774 et
412 2721 559 2773 aliis:
598 2737 714 2772 eum
750 2719 997 2772 clamasse
1031 2738 1091 2771 ne
1129 2737 1244 2771 esse
1278 2737 1544 2787 magnum:
1583 2721 1678 2771 sed
1714 2741 1772 2772 se
1794 2719 2033 2790 serebat,
2071 2722 2348 2772 incedebat
2381 2723 2566 2790 iugens

320 2791 513 2855 homo,
548 2801 690 2842 vasta
726 2789 963 2859 corporis
997 2789 1205 2857 specie3
1239 2792 1313 2841 sio
1347 2791 1443 2842 inc.
1479 2791 1601 2853 xil,
1629 2789 1946 2914 ‘fimat-tis
1981 2807 2101 2840 sese
2127 2789 2324 2842 extulit
2354 2793 2568 2859 ingena.

318 2861 496 2930 Vulgo
532 2861 761 2932 ingenti.
815 2868 896 2927 (ut
931 2869 1101 2912 exstat
1131 2859 1187 2912 in
1220 2859 1385 2912 Palat.
1441 2861 1524 2913 11.
1571 2861 1654 2914 12.

320 2929 486 2984 Goth.
522 2948 628 2982 see.

318 3109 379 3164 in
410 3107 513 3165 lib.
542 3108 589 3182 Ι,
621 3110 747 3170 717
775 3125 923 3185 puer
948 3105 1092 3178 fuit,
1135 3107 1231 3164 oui
1258 3108 1402 3164 assi-

318 3195 572 3252 mulatus
632 3193 821 3252 Amor
874 3190 1119 3250 Didonis
1177 3194 1401 3270 gremio

319 3279 568 3338 insidere
606 3280 821 3358 posset.
910 3277 1143 3337 Scilicet
1187 3297 1297 3337 nee
1326 3279 1401 3334 il·-

318 3363 425 3422 lud
450 3375 605 3424 recte
629 3374 851 3439 tenent,
896 3362 1037 3445 quid
1066 3382 1137 3421 eo
1168 3363 1299 3422 loco
1328 3367 1403 3422 sit

312 3451 545 3530 gremio
574 3450 849 3524 insidere,
880 3449 959 3508 ad
982 3459 1239 3518 veterem
1264 3469 1403 3508 mo-

321 3557 479 3611 rem,
537 3556 647 3593 nec
692 3537 948 3614 cogitant
966 3580 983 3608 ‚
1040 3536 1322 3594 Amorem
1366 3555 1409 3594 a,

319 3623 607 3680 veteribus
646 3642 899 3700 puerum
948 3621 1071 3680 fere
1120 3622 1407 3700 puberem

320 3704 523 3766 haberi
538 3750 555 3782 ,
616 3707 775 3787 quod
814 3728 889 3766 ex
927 3709 1111 3786 poetis
1143 3718 1199 3764 et
1226 3709 1402 3784 signis

322 3796 455 3851 satis
482 3803 733 3868 constat,
775 3804 904 3851 tum
934 3813 1069 3851 vero
1096 3791 1258 3850 idem
1284 3794 1407 3850 iam.

321 3881 618 3937 venationi
666 3879 849 3938 acrius
900 3878 1247 3936 indulserat:
1304 3879 1403 3952 IV,

328 3965 474 4030 156.
514 3961 640 4034 Vn,
672 3962 817 4027 479.
866 3964 1019 4023 conf.
1050 3965 1293 4022 Excurs.
1322 3963 1405 4022 IV

322 4049 399 4110 ad
437 4050 539 4108 lib.
584 4050 716 4106 ΧΠ.
803 4047 945 4112 598.
988 4051 1175 4106 Maior
1216 4050 1411 4108 Turni

320 4155 485 4196 soror
522 4128 798 4214 Nympha
834 4135 1075 4192 Iuturna
1104 4145 1243 4192 erat.
1284 4133 1403 4194 vid.

320 4222 427 4280 inf.
458 4221 592 4294 ΧΠ,
628 4221 751 4286 138
778 4239 899 4301 seq.
948 4221 1237 4296 (—593.
1290 4220 1408 4278 Cui

324 4325 653 4386 cognomen
709 4315 839 4362 erat
874 4339 957 4348 —
1012 4316 1069 4362 et
1110 4303 1404 4382 ,Imbebat‚

322 4409 462 4472 pro:
510 4391 729 4478 quigue
757 4388 1039 4467 habebam,
1082 4389 1204 4480 vid3
1233 4391 1303 4464 Ω.
1330 4393 1403 4451 V.

1802 2864 1842 2925 .)
1961 2857 2066 2912 598
2097 2862 2247 2910 tueri
2277 2859 2477 2913 zalich.
2513 2868 2571 2911 et

1484 3103 1879 3178 xxxml,4.
1929 3105 2107 3182 W’r.)
2185 3099 2329 3168 594.
2372 3103 2570 3159 socia-

1486 3201 1585 3248 tus
1611 3189 1875 3248 habebat
1900 3211 2005 3272 pro
2028 3191 2284 3268 vulgari:
2317 3189 2425 3246 sibi
2452 3207 2571 3246 ml-
2657 3192 2681 3205 ““

1482 3297 1589 3356 per
1616 3279 1950 3336 sociaverat.
2039 3277 2183 3342 595.
2235 3275 2430 3352 digna
2467 3285 2572 3332 at-

1486 3383 1602 3442 que
1637 3362 1900 3441 indigna
1923 3361 2138 3436 relatu,
2169 3359 2345 3420 fanda
2373 3371 2432 3418 et
2459 3379 2570 3418 ue—

1482 3447 1694 3524 sanda‚
1742 3443 1897 3529 ῥητὰ
1952 3445 2056 3510 καὶ
2099 3444 2368 3529 ὅτ’ρῤητα,
2425 3465 2576 3509 unm.

1486 3555 1572 3594 vs·
1589 3539 1716 3599 603
1732 3555 1858 3616 sqq.
1891 3537 2168 3594 virtutem
2197 3534 2572 3613 popularium

1487 3630 1642 3679 reete
1685 3632 1912 3700 στερεάς
1967 3641 2112 3680 mox
2154 3619 2572 3680 contumeliosa

1488 3717 1547 3764 et
1593 3709 1786 3784 turpia
1822 3709 1884 3766 in
1912 3705 2199 3766 Troianos
2227 3708 2379 3764 ineis.
2465 3705 2572 3764 Est

1487 3802 1690 3853 autem
1715 3791 1828 3852 hoo
1854 3811 1976 3851 non
2003 3795 2196 3850 minus
2218 3811 2294 3849 ex
2319 3789 2575 3853 heroum

1487 3898 1668 3960 quam
1696 3897 1771 3936 ex
1797 3879 2173 3940 barbarorum
2219 3879 2571 3956 populorum

1485 3963 1605 4021 vita
1621 4007 1636 4038 ‚
1677 3974 1746 4020 ut
1783 3962 2012 4024 hostem
2055 3965 2328 4024 conviciis
2352 3982 2572 4043 provo-

1488 4059 1642 4111 cent.
1674 4049 1787 4120 Qui
1815 4051 2144 4108 Homerum
2169 4051 2442 4129 inspexit,
2470 4068 2570 4113 sa·-

1486 4137 1558 4194 tis
1585 4145 1745 4194 tenet
1771 4133 1908 4199 hoc.
1993 4139 2137 4201 596.
2172 4146 2330 4192 'novo
2358 4153 2569 4212 regno,
2654 4150 2663 4161 ·

1488 4221 1657 4280 docte
1683 4241 1788 4301 pro
1815 4224 2188 4281 matrimonio
2211 4239 2350 4279 oum
2377 4220 2572 4296 regiae

1457 4309 1674 4386 ..stirpis
1709 4308 1932 4372 semim
1971 4309 2152 4388 inioj
2208 4325 2363 4364 nova
2413 4319 2572 4360 emm

1486 4411 1696 4472 sponsa
1725 4403 1847 4451 erat
1890 4395 2108 4470 regina.
2163 4389 2325 4466 (vid.
2371 4400 2570 4446 tamen
