3009 5050
681 417 1291 496 AENE1Dos
1344 420 1556 498 ΜΒ.
1605 423 2200 518 x1‚273-294
2411 437 2557 506 615

319 608 401 683 Si
440 605 605 681 duo
643 619 1053 706 praeterea
1097 607 1293 682 tales
1319 605 1552 682 Idaea
1585 607 1887 684 tulisset
2404 623 2551 694 285

318 713 562 786 Terra
593 709 839 806 virm,
891 710 1106 786 ultro
1137 709 1491 786 Inachias
1528 713 1869 786 venisset
1900 709 1999 786 ad
2027 711 2268 789 urbes

310 812 727 889 Dardanus
752 874 774 910 ,
830 826 912 890 et
939 814 1184 889 versis
1227 814 1534 912 lugeret
1577 818 1898 890 Graecia
1942 813 2138 895 fatis.

314 915 727 1018 Quidquid
758 916 971 1018 apud
1010 917 1254 994 durae
1300 931 1690 994 cessatum
1728 931 1845 993 est
1878 919 2198 995 moenia
2233 921 2546 1019 Troiae,

313 1020 679 1096 Hectoris
714 1026 1192 1121 Aeneaeque
1226 1046 1473 1097 manu
1499 1022 1819 1098 victoria
1853 1025 2175 1098 Graium

310 1123 615 1220 Haesit,
673 1135 752 1198 et
788 1125 871 1200 in
902 1123 1339 1200 decumum
1370 1125 1688 1224 vestigia
1726 1124 1996 1201 retulit
2021 1149 2340 1204 annum.
2399 1137 2550 1210 290

308 1227 574 1302 Ambo
606 1228 921 1323 animiS,
977 1228 1215 1303 ambo
1250 1229 1592 1326 insignes
1620 1228 2192 1328 praestantibus
2223 1231 2489 1307 armis:

308 1331 455 1406 Hic
486 1331 778 1430 pietate
807 1331 1049 1432 prior.
1156 1333 1465 1408 Coeant
1491 1333 1573 1406 in
1602 1331 1933 1408 foedera
1964 1330 2303 1428 dextrae,

311 1436 487 1527 Qua
520 1432 783 1526 datur3
840 1447 990 1531 ast,
1046 1437 1281 1510 armis
1316 1447 1792 1511 concurrant
1825 1459 2078 1532 arma,
2135 1447 2420 1512 cavete.

304 1539 407 1612 Et
433 1560 813 1638 responsa
858 1538 1095 1612 simul
1130 1561 1331 1640 quae
1364 1543 1557 1634 sint,
1610 1563 1746 1614 rex
1783 1549 2138 1640 optume,
2176 1538 2382 1636 regis

445 1759 679 1826 (-285.
709 1759 840 1814 talia
876 1760 1067 1814 Medic.
1108 1762 1251 1828 Wr.)
1358 1761 1465 1816 286
1490 1763 1762 1814 Achaico-9
1795 1762 2003 1830 Menag.
2042 1779 2145 1814 tec.
2217 1763 2294 1816 ad
2334 1760 2552 1816 umbras

302 1829 544 1883 Pan-has.
680 1831 783 1884 287
820 1831 1036 1902 lugeret
1084 1832 1319 1882 Graecia
1368 1833 1573 1902 campis
1612 1849 1720 1885 sec.
1759 1832 2010 1883 Rottend.
2145 1831 2249 1886 288
2284 1845 2550 1884 certatum

304 1911 389 1952 est
429 1899 753 1968 Apronianus
794 1900 1096 1952 emendarat
1144 1900 1198 1950 in
1236 1899 1507 1966 Mediceo,
1549 1915 1842 1971 perperam.
1916 1903 2222 1968 (cessatum
2261 1909 2342 1952 est
2382 1901 2548 1971 prior,

302 1980 571 2020 certatum
604 1970 774 2021 altera
801 1969 965 2022 lectio
1004 1969 1249 2022 Medicei.
1274 1969 1439 2036 ’Wr.)
1509 1981 1780 2022 cessatum
1817 1980 1928 2034 esc,
1963 1969 2130 2037 inquit
2155 1970 2352 2036 Heius„
2400 1971 2550 2040 opti-

301 2054 385 2089 me
436 2038 679 2107 exprimit
715 2040 1016 2091 tarditatem
1052 2038 1199 2092 belli.
1270 2039 1424 2108 Apud
1472 2042 1722 2091 Senecam
1800 2049 1966 2090 atrem
2000 2042 2209 2091 Suasor.
2254 2041 2331 2102 11,
2383 2057 2435 2106 p.
2479 2039 2550 2093 23

300 2123 415 2158 cum
466 2107 709 2160 laudatus
760 2119 901 2161 esset
953 2109 1153 2162 Abx-oni
1192 2107 1384 2161 Silonis
1428 2125 1635 2160 versus:
1699 2107 1762 2159 be
1785 2109 1831 2160 li
1863 2127 2016 2160 mora
2049 2109 2285 2160 concidit
2319 2111 2532 2160 Hector:

300 2177 643 2230 subiiciuntur
674 2177 829 2230 haec:
884 2191 1075 2231 notate
1102 2197 1242 2250 prae
1276 2180 1487 2240 ceteris,
1529 2188 1738 2248 quanto
1776 2179 2055 2230 decentius
2091 2177 2361 2247 Virgilius
2387 2177 2547 2228 dixe-

300 2247 375 2297 rit
407 2245 540 2311 Ιιοσ,
574 2248 722 2316 quod
754 2247 922 2298 valde
953 2259 1075 2299 erae
1108 2245 1340 2298 celebre:
1378 2247 1640 2309 Quicquid
1681 2247 1820 2313 apud
1849 2247 2137 2298 —victoria
2169 2247 2383 2297 Graium
2415 2247 2549 2297 hae-

299 2313 385 2366 uit.
454 2317 703 2367 Messala
744 2315 956 2378 aiebat,
1002 2315 1091 2366 hic
1133 2317 1232 2368 Vir
1272 2315 1424 2366 ilium
1467 2314 1720 2368 debuisse
1761 2316 2036 2367 desinere:
2087 2315 2233 2383 quod
2273 2318 2545 2384 sequitur:

300 2392 358 2432 et
389 2381 446 2432 in
480 2383 761 2436 decumum
808 2385 1045 2453 vestigia
1092 2395 1215 2435 retu
1258 2395 1281 2432 t
1331 2400 1520 2434 annum
1533 2421 1548 2448 ,
1599 2383 1990 2452 explementum
2040 2401 2177 2437 esse.
2255 2387 2551 2436 Maecenas

300 2451 404 2502 hoc
449 2453 613 2503 ctiam
648 2453 833 2522 priori
864 2449 1232 2521 comparabat.
1301 2449 1697 2502 Assentiendum
1749 2451 1976 2503 arbitror
2023 2451 2294 2504 Messalae.
2364 2451 2547 2521 (Equi-

299 2519 423 2571 dem
454 2537 562 2570 non
598 2519 1027 2589 reprehenderim
1061 2520 1117 2570 in
1150 2528 1312 2587 poeta
1332 2558 1349 2583 ,
1404 2537 1572 2588 eoque
1618 2519 1881 2587 Virgilio,
1930 2518 2064 2571 hanc
2100 2519 2350 2573 orationi·
2384 2521 2548 2572 uber-

304 2597 485 2641 tatem.
522 2590 669 2657 Wr.)
739 2590 881 2640 Idem
921 2588 1301 2641 hemistichium
1339 2588 1452 2639 fere
1496 2589 1600 2639 iam
1639 2606 1794 2657 cupra
1827 2588 2117 2641 intexuerat
2159 2589 2254 2642 lib.
2300 2590 2392 2652 IX,
2431 2588 2545 2643 155.

299 2656 537 2711 Tandem
566 2671 652 2710 est
676 2656 843 2710 abest
873 2674 975 2709 nec.
1004 2658 1158 2709 Voss.
1193 2665 1248 2707 et
1279 2674 1360 2726 pr.
1392 2658 1578 2709 Humb.
1613 2659 1847 2708 victoria
1875 2668 2090 2707 tantum
2117 2658 2340 2727 Oblong.
2371 2657 2546 2711 Pierii.

299 2730 359 2779 ln
400 2726 506 2780 arf.
546 2744 595 2778 v.
626 2728 734 2781 290
770 2736 893 2779 ante
930 2726 1034 2780 289
1066 2725 1355 2795 legelntur.
1399 2752 1409 2772 ·
1472 2726 1578 2779 290
1617 2743 1670 2777 ν.
1714 2725 1933 2777 distulit
1974 2724 2186 2777 Vratial.
2233 2738 2287 2778 et
2325 2727 2544 2780 Dorvill.

299 2798 534 2849 victoria
564 2797 777 2868 redegit
817 2798 1024 2863 Meuag.
1059 2813 1143 2859 pr.
1218 2796 1413 2846 Haesit
1452 2805 1506 2846 et
1535 2796 1594 2845 in
1624 2794 1801 2846 solido
1837 2810 2034 2844 rursus
2063 2792 2304 2860 fortuna
2335 2798 2548 2846 vocavit

294 2866 349 2922 8.
386 2868 436 2920 8.
468 2875 524 2917 et
551 2885 583 2918 a
614 2884 685 2917 m.
721 2884 829 2918 aec.
854 2867 925 2928 7.,
960 2882 1023 2916 ex
1062 2881 1139 2917 vn.
1290 2882 1334 2927 ,ς
1370 2872 1427 2915 et
1462 2862 1572 2927 ita,
1621 2864 1867 2925 vocavit,
1917 2870 2186 2912 enotatum
2219 2880 2250 2914 a
2288 2864 2545 2916 Potterio.

301 2935 448 3003 Wr.)
550 2936 655 2990 293
690 2946 1020 2987 concurrent
1046 2933 1236 2985 Medic.
1277 2950 1309 2985 a
1332 2951 1401 2985 m.
1438 2950 1523 3001 pr.
1628 2930 1730 2985 294
1774 2950 1872 2983 rex
1912 2947 1962 2982 ο.
1990 2947 2181 2999 regum
2213 2930 2385 2998 vulgg.
2426 2930 2547 2987 edd.

298 3015 354 3058 et
387 3006 542 3058 codd.
568 3022 675 3057 non
714 3005 872 3056 modo
902 3002 1066 3055 infimi
1104 3002 1252 3067 aevi,
1300 3010 1361 3054 ut
1396 3000 1619 3053 Dorvill.
1668 3000 1830 3052 Goth.
1907 3017 1970 3061 r.‚
2006 2998 2100 3049 ned
2139 3009 2191 3050 et
2216 3000 2476 3051 Romanus
2513 3018 2544 3052 a

294 3093 379 3145 pr.
403 3094 470 3128 m.
543 3072 749 3127 obtulit
784 3083 958 3126 tamen
993 3074 1144 3145 regis
1166 3072 1302 3126 Pier.
1334 3088 1363 3123 e
1392 3072 1543 3157 Rom.
1573 3080 1628 3121 et
1656 3070 1726 3123 al.
1773 3068 1854 3121 Ad
1893 3086 1922 3119 e
1945 3068 2135 3119 Medic.
2166 3077 2222 3119 et
2249 3068 2318 3121 al.
2351 3068 2544 3133 Heium,

295 3254 602 3331 acceperis,
630 3252 905 3327 languere
933 3260 990 3308 et
1020 3250 1205 3307 iacere
1232 3245 1381 3306 mihi
1466 3258 1591 3307 tem
1621 3248 1892 3327 clipeis
1923 3257 2097 3328 atque
2125 3264 2258 3303 aere
2267 3246 2543 3304 ρωποι-σέι

295 3335 585 3395 videntur.
640 3335 935 3417 Equidem
962 3356 1081 3395 non
1110 3338 1189 3393 ita
1218 3336 1377 3391 mul-
1465 3343 1524 3392 et
1549 3332 1710 3391 ibid.'
1732 3336 1856 3396 723
1899 3350 2021 3413 sq.:
2067 3344 2106 3406 ,',
2125 3334 2276 3390 Tros
2316 3332 2544 3389 Aeneas

295 3434 425 3483 tum
466 3425 615 3481 inter
658 3443 718 3481 se
749 3420 979 3480 differre
1008 3422 1249 3479 arbitror
1277 3421 1376 3476 in-
1463 3429 1520 3476 et
1547 3419 1808 3475 Daunius
1853 3415 2022 3476 heros
2052 3418 2204 3475 Gon
2223 3434 2498 3474 curn-un
2519 3426 2544 3475 t

293 3530 535 3589 surgere
560 3511 630 3565 in
662 3527 857 3565 ensem
886 3518 943 3565 et
979 3507 1093 3563 ins·
1136 3508 1203 3562 in
1258 3504 1373 3561 cli-
1459 3506 1763 3583 clipeis;
1821 3504 2094 3581 ingens
2136 3503 2400 3580 fragor
2427 3520 2544 3560 ae-

282 3616 471 3673 peum
484 3618 509 3667 ,-
542 3594 805 3653 solebant
834 3596 1011 3665 enim,
1057 3593 1157 3672 qui
1176 3588 1369 3669 gladio
1453 3600 1480 3648 t
1501 3588 1675 3648 hera
1704 3590 2092 3668 complet.“
2145 3588 2322 3667 Wr.)
2393 3588 2540 3652 285.

292 3680 573 3738 feriebant
610 3678 837 3737 hostem
855 3723 871 3753 ,
943 3678 1110 3735 altius
1168 3675 1371 3733 efferre
1457 3676 1634 3733 Color
1668 3673 1866 3743 idem,
1939 3676 2043 3754 qui
2081 3674 2146 3731 iu
2185 3674 2542 3752 pulcerrimis

294 3766 575 3843 clipeum,
636 3763 795 3846 quod
838 3764 1055 3820 multae
1109 3762 1371 3820 cominus
1458 3780 1632 3821 vex-ss.
1661 3757 1826 3817 Iliad.
1841 3759 1899 3838 β,
1932 3756 2310 3823 371—374.
2395 3760 2541 3821 287.

292 3853 681 3931 pugnantium
714 3852 997 3927 imagines
1042 3846 1370 3921 ostendunt,
1458 3845 1802 3905 Dardanus
1827 3864 1936 3923 pro
1948 3842 2301 3901 Dardanius:
2332 3852 2399 3900 ut
2412 3862 2540 3921 sup.

293 3946 467 4017 atque
494 3938 672 3993 etiam
697 3937 953 3993 umbone
983 3952 1209 4012 urgere.
1274 3932 1373 3991 Sic
1458 3932 1557 4006 IV,
1605 3934 1762 4007 662,
1805 3940 1862 3988 et
1905 3927 2018 3989 hoc
2059 3948 2166 4009 pro
2215 3926 2540 4001 Dardaniis,

292 4020 513 4101 duplex
538 4040 721 4099 genus
748 4040 981 4101 pugnae
1000 4062 1021 4089 ,
1064 4030 1121 4077 et
1150 4020 1375 4076 eminus
1461 4016 1762 4089 Troianis3
1790 4026 2102 4095 utrumque
2132 4034 2208 4072 ex
2236 4024 2539 4092 poetarum

292 4119 351 4166 et
398 4109 661 4164 cominus
704 4108 1041 4165 commissae
1060 4150 1077 4180 ,
1147 4102 1372 4182 siguifi—
1454 4122 1640 4161 more.
1723 4104 1920 4159 Etiam
1959 4099 2196 4159 Pindar.
2239 4101 2410 4155 Nem.
2437 4098 2538 4165 111,

290 4194 409 4251 cari
453 4194 818 4271 putabimus3
871 4212 1021 4272 quae
1065 4190 1371 4270 explicatio
1461 4192 1584 4252 106
1616 4182 1974 4268 Δαρδάνων,
2029 4196 2089 4243 et
2114 4182 2278 4241 Iliad.
2309 4184 2384 4261 β,
2413 4184 2526 4275 791

292 4281 527 4357 egregie
556 4277 931 4336 confirmatur
956 4278 1091 4350 XII,
1108 4279 1224 4340 711
1250 4291 1370 4355 sq.=
1456 4269 1779 4353 Δάρδανος
1793 4266 1978 4350 nimio·
2037 4272 2182 4333 288.
2214 4264 2536 4342 Quicquul,

287 4366 625 4441 „Procul-su
685 4362 919 4443 rapid0,
988 4362 1373 4421 coniectis
1459 4370 1775 4439 quantum,
1835 4350 1932 4435 ἐφ’
1978 4350 2160 4425 ὅσον,
2215 4369 2318 4429 per
2361 4368 2538 4406 omne

286 4453 487 4511 emin
504 4470 590 4509 us
618 4447 871 4523 hastis,
911 4446 1201 4507 Invadunt
1214 4446 1375 4503 Mar-
1461 4455 1686 4523 tempus
1703 4490 1718 4517 ,
1765 4462 1870 4523 per
1899 4438 2056 4520 quod
2085 4444 2380 4493 cessatum
2411 4443 2496 4490 εει
2513 4456 2532 4489 .·
