3009 5050
448 372 597 485 3234
946 362 1027 437 P.
1080 355 1603 437 VIRGILII
1652 338 2212 432 MARONIS‘
2307 366 2312 371 ·

448 548 913 648 Quaesitum
943 550 1265 623 Aenean
1297 558 1377 621 et
1402 543 1728 619 moenia
1757 542 2200 622 Pallantem
2303 522 2324 545 ⁸

547 695 718 768 241.
768 708 872 762 An
924 709 1006 761 M.
1050 687 1521 760 Pumm
1569 686 1673 761 M.

580 862 685 916 241
720 872 775 915 es
806 858 1051 923 memo,
1083 857 1139 909 h.
1175 872 1221 910 e.
1258 856 1550 925 quaesitum
1583 858 1793 909 Aenean
1823 865 1880 909 et
1897 856 2136 921 moenia,
2169 854 2328 909 codd.
2361 856 2520 921 Pier„
2555 858 2700 913 inter

444 948 579 1003 quos
614 932 907 982 Romanus:
935 938 1047 978 tum
1080 924 1237 979 codd.
1272 926 1463 979 Medio.
1500 935 1558 979 et
1591 924 1829 996 potiores
1879 926 1972 979 alii
2007 926 2188 978 Heius.
2225 944 2342 979 cum
2375 930 2695 981 recentiori-

446 1002 543 1053 bus
576 1002 748 1052 Burni.
784 1008 836 1050 et
874 994 1163 1051 Gothauis:
1206 996 1325 1049 edd.
1360 1012 1569 1064 quoque
1604 1005 1733 1047 vett.
1807 994 1884 1047 ad
1908 996 2122 1048 moenia
2151 1004 2328 1049 tamen
2365 990 2538 1050 editur
2567 1000 2696 1051 inde

445 1072 515 1125 ab
550 1070 706 1123 Aldd.
774 1067 975 1121 Pendet
1004 1064 1283 1131 iudicium,
1330 1064 1473 1135 quod
1504 1066 1693 1129 facins,
1728 1066 1796 1117 ab
1831 1065 1972 1117 inter
2007 1065 2288 1131 unctione,
2325 1078 2382 1118 et
2415 1070 2483 1119 ab
2517 1069 2693 1121 inter-

442 1140 775 1211 pretatione,
808 1154 963 1207 quam
994 1136 1275 1189 seeundum
1308 1134 1451 1187 illam
1485 1130 1693 1187 feceris.
1766 1134 1906 1199 Quid
1997 1135 2032 1186 'i
2066 1136 2278 1217 sequuti
2311 1138 2452 1199 sint,
2504 1156 2570 1189 ex
2601 1142 2694 1190 in-

444 1207 809 1279 terpunctione
844 1221 1022 1257 eorum
1058 1204 1266 1273 assequi
1298 1218 1403 1255 non
1437 1204 1581 1255 licet.
1639 1206 1832 1255 Verum
1851 1204 2131 1272 dupliciter
2149 1210 2446 1273 nutet-pungi
2477 1218 2532 1258 et
2553 1226 2692 1261 con—

444 1280 593 1331 stitui
623 1276 773 1330 locus
804 1278 1009 1347 potest3
1065 1284 1159 1327 ant
1192 1275 1268 1327 sic
1281 1313 1297 1337 ‚
1342 1282 1403 1327 ut
1436 1272 1564 1325 olim
1612 1283 1667 1325 et
1715 1272 1820 1341 ipsi
1863 1274 2116 1327 fecimusae
2165 1277 2229 1327 Se·
2271 1278 2526 1329 For-mna
2554 1296 2694 1347 per-

444 1350 661 1401 ”uiuitis
706 1348 821 1411 usi,
876 1346 1195 1413 Quaesitum
1237 1350 1465 1397 Aenean
1507 1342 1585 1394 ad
1629 1344 1843 1395 moenia
1889 1345 2214 1396 Pallantea:
2265 1347 2401 1398 Mox
2447 1346 2537 1398 Iu‘c
2569 1366 2692 1401 cum

444 1418 663 1491 spoliis,
696 1417 911 1487 ingenti
941 1412 1107 1467 caede
1136 1426 1369 1485 peraeta
1386 1451 1402 1479 ,
1448 1411 1642 1481 Affers
1673 1414 1908 1466 cernetis
1939 1432 2015 1467 sc.
2049 1430 2171 1469 nos.
2240 1416 2320 1467 Ita
2355 1414 2494 1468 haud
2526 1414 2690 1469 dubie

482 1495 683 1541 raestat
697 1524 713 1551 ,
758 1492 988 1538 Aenean
1034 1495 1090 1535 ee
1139 1485 1353 1537 moenia
1398 1481 1596 1549 legere.
1667 1482 1857 1535 eoum
1893 1484 1969 1535 ad
2001 1485 2241 1543 moenia,
2291 1486 2429 1555 apud
2464 1488 2690 1550 moenia,

443 1574 499 1609 in
532 1556 835 1618 Pallanteo,
868 1552 1171 1621 impeditam
1203 1552 1331 1605 facit
1366 1552 1673 1606 orationem.
1743 1555 2075 1621 quaesitum:
2108 1552 2176 1605 ad
2211 1556 2594 1623 quaerendum3
2629 1566 2691 1607 nt

443 1626 499 1677 in
532 1625 655 1676 illo:
690 1626 871 1676 Mssa
901 1634 985 1674 ess
1014 1622 1167 1675 illico
1200 1620 1408 1673 aneilla
1442 1622 1764 1673 arcessitum
1799 1620 2153 1674 obstetricem.
2223 1622 2480 1693 Displicet
2514 1634 2689 1677 tamen

442 1695 529 1748 vel
564 1694 667 1745 sio:
704 1695 754 1745 si
772 1692 1017 1762 fortuna
1042 1692 1363 1762 per-minicia
1396 1693 1482 1742 uti
1515 1694 1836 1760 quaesitum.
1905 1693 1985 1743 lta
2019 1692 2206 1743 saltem
2239 1704 2536 1763 praestaret
2561 1713 2688 1747 ver-

443 1782 555 1816 sum
592 1762 905 1828 Quaesitum
938 1760 1075 1811 infru
1106 1770 1231 1831 post
1272 1760 1464 1811 verha:
1515 1778 1617 1811 nee
1659 1778 1765 1813 nos
1809 1762 1902 1813 νὶα
1937 1758 2103 1830 fallis
2136 1776 2362 1827 euntes,
2397 1764 2682 1817 collocare:

442 1833 586 1903 quod
634 1831 787 1883 etiam
838 1828 963 1881 olim
995 1828 1275 1881 nonnullos
1322 1829 1512 1887 fecisse
1557 1847 1588 1880 e
1631 1829 1815 1881 Servio
1867 1829 2104 1883 discitur.
2175 1832 2318 1885 lnter
2349 1833 2482 1885 haec
2513 1846 2687 1887 tamen

440 1918 550 1955 non
583 1900 715 1951 illud
784 1898 1121 1963 uaerebatur,
1170 1908 1231 1950 ut
1278 1898 1382 1967 ipsi
1428 1916 1548 1949 cum
1581 1898 1773 1971 spoliis
1826 1908 1884 1950 et
1915 1900 2084 1953 caede
2105 1914 2338 1971 peracta
2371 1919 2493 1954 mox
2525 1904 2688 1955 ades-

440 1980 585 2033 sent;
642 1918 781 2038 quod
837 1968 1045 2019 omnino
1079 1967 1253 2020 animo
1285 1966 1568 2036 concipere
1599 1985 1706 2019 non
1740 1968 2004 2021 debebant
2033 1970 2275 2036 iuvenes,
2323 1988 2420 2023 nec
2455 1974 2686 2042 promit-

438 2052 582 2106 tere,
616 2059 647 2091 a
681 2036 901 2091 consilio
934 2037 1038 2089 hoc
1070 2036 1255 2089 saltem
1289 2036 1524 2089 seniores
1558 2055 1649 2089 eos
1685 2038 1950 2091 debebant
1973 2040 2276 2103 deterrere;
2311 2058 2508 2107 verum,
2542 2034 2688 2112 quod

440 2110 789 2181 quaerebatur
806 2144 823 2171 ,
872 2116 987 2159 erat
1034 2107 1169 2171 hoc,
1222 2116 1285 2157 ut
1330 2111 1538 2159 Aeneae
1571 2108 1901 2173 nuntiarent,
1941 2118 2114 2161 eastra
2150 2110 2413 2177 obsideri,
2464 2130 2685 2181 eumque

440 2181 581 2233 ocius
614 2178 941 2229 reducerent.
1010 2178 1153 2229 Haec
1186 2194 1301 2227 cnm
1332 2176 1407 2229 ita
1438 2176 1576 2241 sint,
1609 2176 1818 2229 monitis
1846 2174 1946 2229 viri
1973 2178 2120 2231 docti
2151 2196 2341 2249 pareo,
2379 2191 2432 2233 et
2463 2180 2684 2234 alteram

438 2266 575 2301 nunc
606 2247 864 2299 rationem
897 2246 1215 2315 amplector,
1250 2262 1403 2315 quam
1440 2246 1497 2297 in
1533 2247 1688 2299 Notis
1724 2246 1969 2317 exposu'h
2007 2248 2108 2299 etsi
2139 2267 2236 2301 nec
2272 2267 2384 2303 eam
2411 2251 2537 2303 satis
2561 2252 2683 2321 pla—

438 2336 561 2372 cere
592 2318 815 2387 ingenue
849 2317 1040 2368 fateor.
1108 2314 1350 2368 Alienum
1384 2316 1522 2367 enim
1557 2316 1713 2369 etiam
1747 2318 1814 2368 ab
1849 2324 2058 2369 Aeneae
2093 2320 2266 2371 reditu
2304 2318 2437 2385 hoc,
2473 2331 2531 2373 ut
2564 2340 2684 2373 eum

437 2388 663 2459 spoliis,
714 2388 933 2458 ingenti
972 2384 1139 2437 caede
1179 2396 1442 2457 peracta,
1492 2384 1587 2437 ille
1635 2386 1864 2441 adesset.
1899 2388 1978 2451 (es
2011 2389 2168 2440 etiarn
2204 2390 2436 2443 Servium
2470 2389 2684 2461 legisse,

438 2456 719 2528 probabile
752 2466 865 2519 est3
900 2464 1073 2517 certe,
1108 2453 1155 2507 si
1188 2451 1265 2507 ad
1296 2455 1544 2526 legisset,
1575 2473 1682 2507 non
1717 2466 1847 2521 erat,
1883 2456 2025 2527 quod
2063 2460 2377 2526 Quaesitum
2412 2460 2682 2528 interpre-

436 2537 665 2582 taretur:
710 2537 823 2592 „ut
863 2532 1354 2596 quaeramus;“
1416 2535 1576 2596 atque
1629 2526 1685 2577 in
1729 2528 1850 2610 ipso
1897 2527 2008 2580 eius
2056 2527 2261 2580 scholio
2299 2531 2497 2582 editum
2529 2531 2682 2583 vide-

436 2615 549 2650 mus
584 2609 651 2650 et
684 2615 853 2650 moen.
888 2593 1161 2656 Paucum
1198 2611 1291 2646 eos
1327 2613 1554 2666 quoqne,
1587 2613 1720 2664 quos
1755 2594 1894 2648 idem
1927 2598 2334 2667 transpositione
2369 2603 2681 2654 sententiam

434 2667 611 2722 iurare
650 2665 875 2718 voluisse
906 2665 1089 2729 refert,
1121 2665 1177 2715 in
1210 2665 1317 2716 suis
1352 2665 1731 2734 exemplaribus
1768 2679 1821 2719 os
1855 2667 2114 2718 invenisse
2139 2680 2541 2722 consentaneum
2571 2682 2681 2734 est3

436 2750 493 2789 et
524 2738 781 2806 praebent
814 2734 971 2787 etiam
1006 2735 1204 2803 Dorph.
1240 2735 1280 2788 1.
1304 2735 1368 2787 11.
1398 2747 1449 2788 et
1474 2736 1526 2789 6.
1561 2735 1612 2790 7.
1651 2736 1780 2788 edit.
1819 2737 1998 2790 Vinar.
2037 2735 2186 2792 1826.
2227 2757 2342 2791 cum
2375 2739 2518 2808 Lips.
2554 2741 2682 2804 0b1.;

435 2816 619 2860 contra
650 2807 726 2859 ad
758 2805 943 2870 Palae,
968 2803 1126 2874 idque
1152 2804 1205 2855 in
1228 2803 1321 2859 alt.
1350 2805 1495 2875 Lips.
1529 2806 1937 2875 superscriptum
1970 2824 2085 2859 cum
2125 2807 2474 2878 explicatione
2509 2811 2680 2875 „ibi-

434 2881 639 2932 mns.“
707 2873 898 2928 critica
928 2875 1067 2926 ratio
1100 2872 1267 2943 magis
1300 2875 1630 2928 commendat
1664 2889 1743 2936 et,
1775 2874 1944 2944 quod,
1975 2877 2132 2928 etiam
2166 2897 2197 2929 a
2231 2877 2423 2930 Bothio
2463 2889 2518 2930 et
2555 2881 2680 2934 lah-

433 2945 524 2998 nio
572 2955 874 3014 receptum,
926 2945 1186 2997 revocavi.
1254 2947 1315 2995 In
1365 2946 1520 2996 bonis
1565 2944 1830 2998 codicibus
1875 2947 1920 2996 si
1953 2945 2275 3015 reperiretur
2307 2957 2399 3014 at,
2447 2937 2590 3016 quod
2624 2951 2680 3002 in

432 3018 585 3070 Rom.
623 3027 826 3068 exstare
858 3013 993 3066 falso
1027 3011 1213 3066 scribit
1244 3013 1540 3078 Potterius,
1573 3025 1632 3065 ee
1661 3015 1784 3065 inde
1815 3013 2012 3066 factum
2049 3017 2399 3081 existimarcs3
2432 3036 2572 3071 nunc
2604 3021 2681 3072 ad

435 3103 501 3137 ex
546 3084 981 3154 interpretatione
1030 3095 1199 3134 natum
1244 3083 1541 3146 videbitur,
1583 3101 1738 3152 quam
1772 3085 2122 3153 suspicionem
2157 3097 2371 3156 praeter
2403 3089 2548 3156 Lips.
2584 3089 2677 3142 alt.

438 3156 783 3221 suppeditant
820 3171 882 3203 ea
902 3190 917 3215 ,
962 3168 1095 3221 quae
1132 3153 1272 3220 apud
1307 3154 1568 3204 Donatum
1603 3153 1876 3221 leguntur:
1933 3156 2248 3224 „Pei-gemus
2283 3157 2590 3226 quaesitum,
2621 3160 2674 3212 h.

435 3242 481 3275 e.
516 3223 586 3274 ad
618 3219 1013 3291 inquisitionem
1047 3227 1285 3288 Aeneae,
1330 3222 1399 3273 ad
1445 3221 1764 3276 Pallanteum
1809 3222 2088 3277 civitatem.
2105 3229 2140 3256 “
2209 3227 2438 3280 Proinde
2483 3227 2677 3282 mutavi

434 3292 589 3344 etiam
634 3291 1124 3358 interpunctionem.
1192 3295 1507 3358 Quaesitum
1549 3303 1751 3357 autem,
1795 3295 1873 3344 uti
1921 3293 2028 3348 iam
2075 3297 2286 3348 Servius
2339 3307 2394 3350 et
2440 3299 2676 3350 Donatus

432 3361 665 3413 sentiunt
682 3399 697 3424 ,
742 3359 980 3426 supinum
1017 3371 1129 3424 est3
1178 3361 1321 3414 cuius
1356 3379 1503 3414 usum
1535 3361 1690 3424 latius
1723 3373 1926 3430 patere,
1958 3381 2110 3436 quam
2145 3365 2302 3435 vulgo
2336 3369 2676 3450 praecipitur,

432 3427 892 3550 ipiii¹¹⁸.{¹232¹¹t.³‘·³³
927 3431 2194 3568 ‘'312335132‘2‘3‘31¹.‘{:².³.:⁵{.¹÷*2‡{².‘{&Ze-⁸
2227 3437 2466 3559 ῗέἒωέἕω
2473 3437 2675 3561 ’ῗὲἶὲἔᾱ

432 3579 549 3620 erat
580 3538 1181 3640 promittere,”Aaenean
1222 3587 1342 3622 mox
1382 3587 1528 3622 cnm
1581 3569 1874 3640 spoliis,
1925 3573 2197 3643 ingenti
2256 3526 2472 3628 capede
2519 3595 2674 3646 per-

430 3649 539 3692 act
556 3657 615 3703 a,
661 3639 874 3690 Adfore.
945 3637 1068 3692 Gnm
1103 3639 1279 3710 paucis
1328 3639 1421 3692 ille
1466 3641 1736 3709 profectus
1785 3651 1923 3704 erat;
1973 3661 2070 3696 nec
2103 3644 2231 3714 quid
2265 3645 2312 3698 is
2345 3647 2544 3698 interea
2581 3663 2674 3697 re-

428 3723 542 3758 rum
576 3705 790 3775 egisset,
819 3719 1188 3778 compererant
1221 3709 1458 3763 Troiani.
1525 3715 1596 3762 At
1629 3711 1732 3780 ipsi
1759 3711 1972 3766 iuvenes
2003 3713 2138 3768 banc
2161 3732 2310 3782 spem
2333 3716 2508 3768 animo
2541 3733 2674 3770 con-

428 3788 711 3844 ceperant,
744 3778 834 3846 qui
868 3778 1036 3835 noctis
1071 3777 1263 3831 auxilio
1298 3780 1381 3832 usi
1414 3795 1600 3832 somno
1633 3800 1697 3834 ac
1730 3782 1850 3834 vino
1887 3794 2127 3851 gravatos
2161 3785 2340 3837 hostes
2375 3787 2674 3854 aggressuri

430 3857 623 3898 essent.
693 3849 855 3916 idque
891 3847 1101 3917 egregie
1142 3849 1414 3900 confirmat
1444 3850 1561 3918 ipsa
1603 3849 1724 3902 Nisi
1759 3853 1929 3906 oratio
1965 3871 2040 3906 vs.
2079 3853 2221 3908 198.=
2269 3857 2382 3918 „lta
2415 3873 2500 3906 me
2524 3855 2672 3906 rese-

428 3926 513 3967 rat
544 3917 645 3968 tibi
680 3933 895 3984 magnus
932 3935 963 3968 ο
985 3928 1255 3970 vantem
1312 3920 1633 3987 Iuppiter;“
1676 3921 1904 3974 fortasse
1941 3923 2095 3974 etiam
2131 3939 2206 3974 vs.
2245 3923 2390 3978 188.:
2441 3925 2672 3990 „Cernis,

426 4003 563 4054 quae
596 3987 817 4038 Rutulos
854 3985 1049 4040 habeat
1082 3987 1347 4041 fiducia
1380 4005 1578 4052 rernm3
1597 3992 1630 4020 “
1663 3990 1829 4044 fidunt
1865 3991 1947 4044 illi
1981 3991 2184 4045 scilicet
2219 4009 2431 4045 securos
2466 4005 2524 4045 se
2555 4012 2673 4045 esse

426 4073 605 4124 posse.
672 4055 831 4120 Quod
864 4069 1033 4109 antem
1065 4055 1191 4108 illos
1226 4075 1259 4112 a
1292 4052 1534 4110 facienda
1569 4059 1730 4112 caede
1764 4062 1998 4114 seniores
2031 4079 2140 4113 non
2173 4061 2550 4130 dehortantur,
2585 4080 2672 4116 res

425 4125 677 4187 fortasse,
713 4142 868 4194 quum
905 4145 1004 4198 per
1036 4127 1240 4182 medios
1259 4128 1456 4184 'hostes
1492 4128 1840 4183 incedendum
1873 4141 2046 4197 esset,
2093 4131 2178 4183 vix
2211 4134 2326 4184 sine
2361 4133 2524 4185 caede
2557 4131 2672 4204 geri

425 4213 584 4264 posse
636 4194 746 4250 visa
800 4205 897 4248 est.
928 4197 1077 4265 Wr.)

329 4328 342 4341 ·
426 4337 831 4402 erumpamus:
893 4337 1031 4378 mox
1082 4323 1329 4378 cometis
1368 4319 1505 4378 Ae-
1587 4303 1718 4381 tum
1747 4363 1765 4397 ,
1837 4321 1938 4379 hie
1991 4321 2182 4402 aff'ore
2236 4322 2534 4384 reducem.
2593 4325 2671 4385 cf.

424 4425 602 4465 neam
643 4407 981 4487 quaesitam»
995 4447 1023 4480 ,
1082 4403 1147 4467 h.
1188 4425 1241 4466 e.
1290 4409 1505 4466 iuven-
1587 4409 1724 4468 Var.
1753 4410 1913 4466 Lect.
1980 4407 2110 4484 (ubi
2125 4453 2143 4483 ,
2198 4421 2424 4468 mutata
2465 4411 2673 4470 lectio-
