<?xml version="1.0" encoding="UTF-8"?>
<!DOCTYPE html PUBLIC "-//W3C//DTD XHTML 1.0 Transitional//EN"
    "http://www.w3.org/TR/xhtml1/DTD/xhtml1-transitional.dtd">
<html xmlns="http://www.w3.org/1999/xhtml" xml:lang="en" lang="en">
 <head>
  <title>
</title>
<meta http-equiv="Content-Type" content="text/html;charset=utf-8" />
  <meta name='ocr-system' content='tesseract 3.04.00' />
  <meta name='ocr-capabilities' content='ocr_page ocr_carea ocr_par ocr_line ocrx_word'/>
</head>
<body>
  <div class='ocr_page' id='page_1' title='image "./pvblivsvirgiliv00unkngoog_0135.png"; bbox 0 0 3009 5050; ppageno 0'>
   <div class='ocr_carea' id='block_1_1' title="bbox 481 409 2161 500">
    <p class='ocr_par' dir='ltr' id='par_1_1' title="bbox 481 409 2161 500">
     <span class='ocr_line' id='line_1_1' title="bbox 481 409 2161 500; baseline -0.007 0"><span class='ocrx_word' id='word_1_1' title='bbox 481 414 644 500; x_wconf 81' lang='lat'><strong>&#39;136</strong></span> <span class='ocrx_word' id='word_1_2' title='bbox 1073 411 1967 494; x_wconf 84' lang='lat' dir='ltr'>EXCURSUS</span> <span class='ocrx_word' id='word_1_3' title='bbox 2070 409 2161 488; x_wconf 92' lang='lat'><strong>11</strong></span> 
     </span>
    </p>
   </div>
   <div class='ocr_carea' id='block_1_2' title="bbox 491 599 2863 3931">
    <p class='ocr_par' dir='ltr' id='par_1_2' title="bbox 491 599 2749 1116">
     <span class='ocr_line' id='line_1_2' title="bbox 491 599 2743 689; baseline -0.006 -15"><span class='ocrx_word' id='word_1_4' title='bbox 491 614 697 674; x_wconf 67' lang='lat' dir='ltr'><strong>datam</strong></span> <span class='ocrx_word' id='word_1_5' title='bbox 737 609 1052 689; x_wconf 84' lang='lat' dir='ltr'><strong>reperimus</strong></span> <span class='ocrx_word' id='word_1_6' title='bbox 1093 609 1486 667; x_wconf 84' lang='lat' dir='ltr'><strong>narrationem</strong></span> <span class='ocrx_word' id='word_1_7' title='bbox 1499 649 1517 682; x_wconf 88' lang='lat'><strong>,</strong></span> <span class='ocrx_word' id='word_1_8' title='bbox 1563 625 1701 664; x_wconf 85' lang='lat' dir='ltr'><strong>cum</strong></span> <span class='ocrx_word' id='word_1_9' title='bbox 1726 604 2063 665; x_wconf 76' lang='lat' dir='ltr'><strong>vaticinium</strong></span> <span class='ocrx_word' id='word_1_10' title='bbox 2098 601 2281 662; x_wconf 86' lang='lat' dir='ltr'><strong>modo</strong></span> <span class='ocrx_word' id='word_1_11' title='bbox 2308 599 2385 661; x_wconf 86' lang='lat' dir='ltr'><strong>ad</strong></span> <span class='ocrx_word' id='word_1_12' title='bbox 2410 603 2743 676; x_wconf 66' lang='lat' dir='ltr'><strong>Lavinium,</strong></span> 
     </span>
     <span class='ocr_line' id='line_1_3' title="bbox 493 687 2747 772; baseline -0.005 -15"><span class='ocrx_word' id='word_1_13' title='bbox 493 696 674 757; x_wconf 87' lang='lat' dir='ltr'><strong>modo</strong></span> <span class='ocrx_word' id='word_1_14' title='bbox 717 694 794 753; x_wconf 88' lang='lat' dir='ltr'><strong>ad</strong></span> <span class='ocrx_word' id='word_1_15' title='bbox 835 696 1050 754; x_wconf 87' lang='lat' dir='ltr'><strong>Albam</strong></span> <span class='ocrx_word' id='word_1_16' title='bbox 1085 696 1356 772; x_wconf 84' lang='lat' dir='ltr'><strong>Longam</strong></span> <span class='ocrx_word' id='word_1_17' title='bbox 1393 693 1593 751; x_wconf 79' lang='lat' dir='ltr'><strong>referri</strong></span> <span class='ocrx_word' id='word_1_18' title='bbox 1642 689 1943 750; x_wconf 77' lang='lat' dir='ltr'><strong>videamus</strong></span> <span class='ocrx_word' id='word_1_19' title='bbox 1988 691 2053 748; x_wconf 86' lang='lat' dir='ltr'><strong>in</strong></span> <span class='ocrx_word' id='word_1_20' title='bbox 2098 687 2304 748; x_wconf 81' lang='lat' dir='ltr'><strong>iisdem</strong></span> <span class='ocrx_word' id='word_1_21' title='bbox 2359 691 2747 769; x_wconf 70' lang='lat' dir='ltr'><strong>scriptoribus.</strong></span> 
     </span>
     <span class='ocr_line' id='line_1_4' title="bbox 495 777 2749 862; baseline 0 -22"><span class='ocrx_word' id='word_1_22' title='bbox 495 785 748 844; x_wconf 83' lang='lat' dir='ltr'><strong>Obscura</strong></span> <span class='ocrx_word' id='word_1_23' title='bbox 789 799 1024 862; x_wconf 86' lang='lat' dir='ltr'><strong>quoque</strong></span> <span class='ocrx_word' id='word_1_24' title='bbox 1073 791 1158 839; x_wconf 79' lang='lat' dir='ltr'><strong>est</strong></span> <span class='ocrx_word' id='word_1_25' title='bbox 1195 780 1446 837; x_wconf 84' lang='lat' dir='ltr'><strong>Maronis</strong></span> <span class='ocrx_word' id='word_1_26' title='bbox 1487 779 1767 836; x_wconf 85' lang='lat' dir='ltr'><strong>sententia</strong></span> <span class='ocrx_word' id='word_1_27' title='bbox 1808 777 1897 852; x_wconf 91' lang='lat' dir='ltr'><strong>(in</strong></span> <span class='ocrx_word' id='word_1_28' title='bbox 1926 777 2195 834; x_wconf 80' lang='lat' dir='ltr'><strong>vaticinio</strong></span> <span class='ocrx_word' id='word_1_29' title='bbox 2234 777 2277 833; x_wconf 91' lang='lat' dir='ltr'><strong>l.</strong></span> <span class='ocrx_word' id='word_1_30' title='bbox 2308 795 2361 833; x_wconf 91' lang='lat' dir='ltr'><strong>c.</strong></span> <span class='ocrx_word' id='word_1_31' title='bbox 2388 777 2489 849; x_wconf 78' lang='lat'>111,</span> <span class='ocrx_word' id='word_1_32' title='bbox 2518 779 2643 840; x_wconf 82' lang='lat'><strong>387</strong></span> <span class='ocrx_word' id='word_1_33' title='bbox 2660 807 2749 820; x_wconf 89' lang='lat'><em>-</em></span> 
     </span>
     <span class='ocr_line' id='line_1_5' title="bbox 497 859 2749 947; baseline -0.002 -24"><span class='ocrx_word' id='word_1_34' title='bbox 497 871 622 932; x_wconf 83' lang='grc'><strong>398</strong></span> <span class='ocrx_word' id='word_1_35' title='bbox 651 876 710 924; x_wconf 92' lang='lat' dir='ltr'><strong>et</strong></span> <span class='ocrx_word' id='word_1_36' title='bbox 727 867 880 940; x_wconf 85' lang='lat' dir='ltr'><strong>Vm,</strong></span> <span class='ocrx_word' id='word_1_37' title='bbox 907 867 993 930; x_wconf 81' lang='lat'><strong>42</strong></span> <span class='ocrx_word' id='word_1_38' title='bbox 1018 866 1214 947; x_wconf 82' lang='lat' dir='ltr'><strong>sqq.)3</strong></span> <span class='ocrx_word' id='word_1_39' title='bbox 1243 861 1346 923; x_wconf 88' lang='lat' dir='ltr'><strong>sed</strong></span> <span class='ocrx_word' id='word_1_40' title='bbox 1375 873 1667 922; x_wconf 80' lang='lat' dir='ltr'><strong>ostentum</strong></span> <span class='ocrx_word' id='word_1_41' title='bbox 1695 859 1771 921; x_wconf 83' lang='lat' dir='ltr'><strong>ad</strong></span> <span class='ocrx_word' id='word_1_42' title='bbox 1797 862 2013 920; x_wconf 85' lang='lat' dir='ltr'><strong>Albam</strong></span> <span class='ocrx_word' id='word_1_43' title='bbox 2032 865 2301 939; x_wconf 85' lang='lat' dir='ltr'><strong>Longam</strong></span> <span class='ocrx_word' id='word_1_44' title='bbox 2326 871 2587 940; x_wconf 87' lang='lat' dir='ltr'><strong>spectare</strong></span> <span class='ocrx_word' id='word_1_45' title='bbox 2614 863 2749 920; x_wconf 82' lang='lat' dir='ltr'><strong>satis</strong></span> 
     </span>
     <span class='ocr_line' id='line_1_6' title="bbox 497 945 2749 1026; baseline -0.002 -16"><span class='ocrx_word' id='word_1_46' title='bbox 497 951 704 1011; x_wconf 81' lang='lat' dir='ltr'><strong>diserte</strong></span> <span class='ocrx_word' id='word_1_47' title='bbox 747 950 998 1009; x_wconf 75' lang='lat' dir='ltr'><strong>declarat</strong></span> <span class='ocrx_word' id='word_1_48' title='bbox 1013 997 1029 1026; x_wconf 91' lang='lat'><strong><em>‚</em></strong></span> <span class='ocrx_word' id='word_1_49' title='bbox 1102 952 1310 1009; x_wconf 85' lang='lat' dir='ltr'><strong>urbem</strong></span> <span class='ocrx_word' id='word_1_50' title='bbox 1366 951 1438 1008; x_wconf 89' lang='lat' dir='ltr'><strong>ab</strong></span> <span class='ocrx_word' id='word_1_51' title='bbox 1479 950 1683 1006; x_wconf 85' lang='lat' dir='ltr'><strong>Aenea</strong></span> <span class='ocrx_word' id='word_1_52' title='bbox 1738 945 2036 1005; x_wconf 87' lang='lat' dir='ltr'><strong>conditam</strong></span> <span class='ocrx_word' id='word_1_53' title='bbox 2076 965 2197 1004; x_wconf 84' lang='lat' dir='ltr'><strong>esse</strong></span> <span class='ocrx_word' id='word_1_54' title='bbox 2239 949 2583 1022; x_wconf 82' lang='lat' dir='ltr'><strong>Lavinium3</strong></span> <span class='ocrx_word' id='word_1_55' title='bbox 2642 947 2749 1005; x_wconf 81' lang='lat' dir='ltr'><strong>etsi</strong></span> 
     </span>
     <span class='ocr_line' id='line_1_7' title="bbox 495 1033 2535 1116; baseline -0.003 -20"><span class='ocrx_word' id='word_1_56' title='bbox 495 1056 662 1098; x_wconf 85' lang='lat' dir='ltr'><strong>suem</strong></span> <span class='ocrx_word' id='word_1_57' title='bbox 691 1057 761 1095; x_wconf 83' lang='lat' dir='ltr'><strong>eo</strong></span> <span class='ocrx_word' id='word_1_58' title='bbox 791 1039 982 1094; x_wconf 81' lang='lat' dir='ltr'><strong>statim</strong></span> <span class='ocrx_word' id='word_1_59' title='bbox 1009 1039 1140 1094; x_wconf 90' lang='lat' dir='ltr'><strong>loco</strong></span> <span class='ocrx_word' id='word_1_60' title='bbox 1175 1045 1422 1110; x_wconf 88' lang='lat' dir='ltr'><strong>mactat,</strong></span> <span class='ocrx_word' id='word_1_61' title='bbox 1465 1053 1585 1116; x_wconf 86' lang='lat' dir='ltr'><strong>quo</strong></span> <span class='ocrx_word' id='word_1_62' title='bbox 1602 1052 1699 1092; x_wconf 89' lang='lat' dir='ltr'><strong>·ea</strong></span> <span class='ocrx_word' id='word_1_63' title='bbox 1724 1034 1848 1091; x_wconf 83' lang='lat' dir='ltr'><strong>visa</strong></span> <span class='ocrx_word' id='word_1_64' title='bbox 1865 1033 2056 1091; x_wconf 73' lang='lat' dir='ltr'><strong>filerat</strong></span> <span class='ocrx_word' id='word_1_65' title='bbox 2078 1034 2231 1106; x_wconf 84' lang='lat' dir='ltr'><strong>vm,</strong></span> <span class='ocrx_word' id='word_1_66' title='bbox 2261 1033 2535 1097; x_wconf 83' lang='lat'><strong>81—-85.</strong></span> 
     </span>
    </p>

    <p class='ocr_par' dir='ltr' id='par_1_3' title="bbox 495 1115 2757 1778">
     <span class='ocr_line' id='line_1_8' title="bbox 667 1115 2751 1198; baseline -0.001 -18"><span class='ocrx_word' id='word_1_67' title='bbox 667 1123 1136 1180; x_wconf 79' lang='lat' dir='ltr'><strong>commemorata</strong></span> <span class='ocrx_word' id='word_1_68' title='bbox 1172 1119 1320 1180; x_wconf 87' lang='lat' dir='ltr'><strong>haec</strong></span> <span class='ocrx_word' id='word_1_69' title='bbox 1349 1141 1385 1178; x_wconf 87' lang='lat' dir='ltr'><strong>a</strong></span> <span class='ocrx_word' id='word_1_70' title='bbox 1423 1141 1525 1178; x_wconf 88' lang='lat' dir='ltr'><strong>me</strong></span> <span class='ocrx_word' id='word_1_71' title='bbox 1557 1130 1693 1178; x_wconf 86' lang='lat' dir='ltr'><strong>suut</strong></span> <span class='ocrx_word' id='word_1_72' title='bbox 1722 1121 1897 1177; x_wconf 86' lang='lat' dir='ltr'><strong>etiam</strong></span> <span class='ocrx_word' id='word_1_73' title='bbox 1924 1129 2229 1198; x_wconf 87' lang='lat' dir='ltr'><strong>propterea</strong></span> <span class='ocrx_word' id='word_1_74' title='bbox 2242 1163 2259 1192; x_wconf 88' lang='lat'>,</span> <span class='ocrx_word' id='word_1_75' title='bbox 2304 1119 2585 1198; x_wconf 86' lang='lat' dir='ltr'><strong>quoniam</strong></span> <span class='ocrx_word' id='word_1_76' title='bbox 2626 1115 2751 1178; x_wconf 83' lang='lat' dir='ltr'><strong>vidi</strong></span> 
     </span>
     <span class='ocr_line' id='line_1_9' title="bbox 496 1202 2753 1288; baseline -0.001 -22"><span class='ocrx_word' id='word_1_77' title='bbox 496 1207 647 1266; x_wconf 81' lang='lat' dir='ltr'><strong>viros</strong></span> <span class='ocrx_word' id='word_1_78' title='bbox 675 1205 872 1265; x_wconf 82' lang='lat' dir='ltr'><strong>doctos</strong></span> <span class='ocrx_word' id='word_1_79' title='bbox 905 1206 1198 1288; x_wconf 80' lang='lat' dir='ltr'>duplicem</span> <span class='ocrx_word' id='word_1_80' title='bbox 1221 1207 1440 1264; x_wconf 85' lang='lat' dir='ltr'><strong>Albam</strong></span> <span class='ocrx_word' id='word_1_81' title='bbox 1467 1226 1547 1264; x_wconf 77' lang='lat' dir='ltr'><strong>ex</strong></span> <span class='ocrx_word' id='word_1_82' title='bbox 1570 1202 1660 1263; x_wconf 83' lang='lat' dir='ltr'><strong>his</strong></span> <span class='ocrx_word' id='word_1_83' title='bbox 1686 1205 2013 1283; x_wconf 74' lang='lat' dir='ltr'><strong>virgilianis</strong></span> <span class='ocrx_word' id='word_1_84' title='bbox 2038 1205 2178 1262; x_wconf 88' lang='lat' dir='ltr'><strong>locis</strong></span> <span class='ocrx_word' id='word_1_85' title='bbox 2204 1203 2542 1283; x_wconf 68' lang='lat' dir='ltr'><strong>prodidisse.</strong></span> <span class='ocrx_word' id='word_1_86' title='bbox 2594 1203 2753 1264; x_wconf 83' lang='lat' dir='ltr'>Sunt</span> 
     </span>
     <span class='ocr_line' id='line_1_10' title="bbox 501 1291 2753 1372; baseline -0.001 -22"><span class='ocrx_word' id='word_1_87' title='bbox 501 1291 756 1350; x_wconf 70' lang='lat' dir='ltr'><strong>,xaverii</strong></span> <span class='ocrx_word' id='word_1_88' title='bbox 809 1293 1119 1350; x_wconf 71' lang='lat' dir='ltr'><strong>Matthaei</strong></span> <span class='ocrx_word' id='word_1_89' title='bbox 1157 1313 1276 1370; x_wconf 74' lang='lat' dir='ltr'><strong>per</strong></span> <span class='ocrx_word' id='word_1_90' title='bbox 1331 1301 1606 1349; x_wconf 70' lang='lat' dir='ltr'><strong>satta-am</strong></span> <span class='ocrx_word' id='word_1_91' title='bbox 1662 1291 2099 1348; x_wconf 52' lang='lat' dir='ltr'><strong>exer-cimam</strong></span> <span class='ocrx_word' id='word_1_92' title='bbox 2162 1292 2347 1369; x_wconf 88' lang='lat' dir='ltr'><strong>Neap.</strong></span> <span class='ocrx_word' id='word_1_93' title='bbox 2394 1295 2473 1354; x_wconf 90' lang='grc'><strong>17</strong></span> <span class='ocrx_word' id='word_1_94' title='bbox 2474 1291 2587 1364; x_wconf 82' lang='grc'><strong>59,</strong></span> <span class='ocrx_word' id='word_1_95' title='bbox 2644 1293 2753 1372; x_wconf 84' lang='lat' dir='ltr'><strong>qui</strong></span> 
     </span>
     <span class='ocr_line' id='line_1_11' title="bbox 495 1373 2753 1457; baseline -0.001 -21"><span class='ocrx_word' id='word_1_96' title='bbox 495 1397 556 1457; x_wconf 99' lang='grc' dir='ltr'><strong>Ρ.</strong></span> <span class='ocrx_word' id='word_1_97' title='bbox 585 1377 668 1442; x_wconf 84' lang='grc'><strong>59</strong></span> <span class='ocrx_word' id='word_1_98' title='bbox 697 1377 996 1436; x_wconf 67' lang='lat' dir='ltr'><strong>diversam</strong></span> <span class='ocrx_word' id='word_1_99' title='bbox 1021 1377 1103 1434; x_wconf 81' lang='lat' dir='ltr'><strong>ab</strong></span> <span class='ocrx_word' id='word_1_100' title='bbox 1141 1375 1320 1436; x_wconf 77' lang='lat' dir='ltr'><strong>Alba</strong></span> <span class='ocrx_word' id='word_1_101' title='bbox 1358 1379 1583 1456; x_wconf 81' lang='lat' dir='ltr'><strong>Longa</strong></span> <span class='ocrx_word' id='word_1_102' title='bbox 1620 1376 1795 1434; x_wconf 86' lang='lat' dir='ltr'><strong>aliam</strong></span> <span class='ocrx_word' id='word_1_103' title='bbox 1836 1387 2089 1434; x_wconf 68' lang='lat' dir='ltr'><strong>veterem</strong></span> <span class='ocrx_word' id='word_1_104' title='bbox 2128 1373 2369 1432; x_wconf 80' lang='lat' dir='ltr'><em>Albam</em></span> <span class='ocrx_word' id='word_1_105' title='bbox 2414 1378 2483 1432; x_wconf 81' lang='lat' dir='ltr'><strong>in</strong></span> <span class='ocrx_word' id='word_1_106' title='bbox 2522 1373 2753 1434; x_wconf 68' lang='lat' dir='ltr'><strong>Tiberia</strong></span> 
     </span>
     <span class='ocr_line' id='line_1_12' title="bbox 495 1459 2755 1542; baseline -0.001 -20"><span class='ocrx_word' id='word_1_107' title='bbox 495 1465 684 1522; x_wconf 87' lang='lat' dir='ltr'><strong>littore</strong></span> <span class='ocrx_word' id='word_1_108' title='bbox 707 1463 882 1521; x_wconf 79' lang='lat' dir='ltr'><strong>fuisse</strong></span> <span class='ocrx_word' id='word_1_109' title='bbox 909 1465 1106 1522; x_wconf 81' lang='lat' dir='ltr'><strong>statuit</strong></span> <span class='ocrx_word' id='word_1_110' title='bbox 1121 1508 1138 1537; x_wconf 90' lang='lat'>,</span> <span class='ocrx_word' id='word_1_111' title='bbox 1169 1481 1416 1542; x_wconf 87' lang='lat' dir='ltr'><strong>eamque</strong></span> <span class='ocrx_word' id='word_1_112' title='bbox 1445 1482 1481 1519; x_wconf 87' lang='lat' dir='ltr'><strong>a</strong></span> <span class='ocrx_word' id='word_1_113' title='bbox 1514 1471 1689 1540; x_wconf 84' lang='lat' dir='ltr'><strong>poeta</strong></span> <span class='ocrx_word' id='word_1_114' title='bbox 1726 1459 1817 1519; x_wconf 78' lang='lat' dir='ltr'><strong>his</strong></span> <span class='ocrx_word' id='word_1_115' title='bbox 1844 1461 2031 1520; x_wconf 79' lang='lat' dir='ltr'><strong>verbis</strong></span> <span class='ocrx_word' id='word_1_116' title='bbox 2058 1459 2365 1520; x_wconf 69' lang='lat' dir='ltr'><strong>declararit</strong></span> <span class='ocrx_word' id='word_1_117' title='bbox 2422 1461 2555 1518; x_wconf 76' lang='lat' dir='ltr'><strong>Hic</strong></span> <span class='ocrx_word' id='word_1_118' title='bbox 2580 1461 2755 1520; x_wconf 74' lang='lat' dir='ltr'><strong>Iooeoe</strong></span> 
     </span>
     <span class='ocr_line' id='line_1_13' title="bbox 497 1545 2757 1627; baseline -0.003 -17"><span class='ocrx_word' id='word_1_119' title='bbox 497 1546 663 1610; x_wconf 77' lang='lat' dir='ltr'><strong>urbis</strong></span> <span class='ocrx_word' id='word_1_120' title='bbox 697 1550 902 1604; x_wconf 77' lang='lat' dir='ltr'><strong>erit—</strong></span> <span class='ocrx_word' id='word_1_121' title='bbox 918 1569 986 1604; x_wconf 74' lang='lat' dir='ltr'><strong>ex</strong></span> <span class='ocrx_word' id='word_1_122' title='bbox 1025 1569 1143 1627; x_wconf 83' lang='lat' dir='ltr'><strong>quo</strong></span> <span class='ocrx_word' id='word_1_123' title='bbox 1175 1549 1332 1624; x_wconf 88' lang='lat' dir='ltr'><strong>(loco</strong></span> <span class='ocrx_word' id='word_1_124' title='bbox 1349 1593 1366 1623; x_wconf 89' lang='lat'><strong>,</strong></span> <span class='ocrx_word' id='word_1_125' title='bbox 1405 1546 1591 1625; x_wconf 89' lang='lat' dir='ltr'><strong>unde)</strong></span> <span class='ocrx_word' id='word_1_126' title='bbox 1636 1556 1769 1626; x_wconf 84' lang='lat' dir='ltr'><strong>post</strong></span> <span class='ocrx_word' id='word_1_127' title='bbox 1792 1548 1971 1604; x_wconf 86' lang='lat' dir='ltr'><strong>XXX</strong></span> <span class='ocrx_word' id='word_1_128' title='bbox 2000 1565 2183 1606; x_wconf 83' lang='lat' dir='ltr'><strong>annos</strong></span> <span class='ocrx_word' id='word_1_129' title='bbox 2199 1589 2224 1618; x_wconf 88' lang='lat'><em>,</em></span> <span class='ocrx_word' id='word_1_130' title='bbox 2252 1545 2567 1604; x_wconf 70' lang='lat' dir='ltr'><strong>Ascanius</strong></span> <span class='ocrx_word' id='word_1_131' title='bbox 2596 1545 2757 1605; x_wconf 70' lang='lat' dir='ltr'><strong>clari</strong></span> 
     </span>
     <span class='ocr_line' id='line_1_14' title="bbox 497 1632 2757 1716; baseline 0 -25"><span class='ocrx_word' id='word_1_132' title='bbox 497 1634 712 1691; x_wconf 82' lang='lat' dir='ltr'><strong>condet</strong></span> <span class='ocrx_word' id='word_1_133' title='bbox 727 1635 1095 1713; x_wconf 75' lang='lat' dir='ltr'><strong>cognominis</strong></span> <span class='ocrx_word' id='word_1_134' title='bbox 1123 1632 1381 1690; x_wconf 82' lang='lat' dir='ltr'><strong>Albam.</strong></span> <span class='ocrx_word' id='word_1_135' title='bbox 1471 1634 1656 1714; x_wconf 81' lang='lat' dir='ltr'><strong>Atqui</strong></span> <span class='ocrx_word' id='word_1_136' title='bbox 1692 1632 1854 1692; x_wconf 78' lang='lat' dir='ltr'><strong>istius</strong></span> <span class='ocrx_word' id='word_1_137' title='bbox 1883 1633 2218 1712; x_wconf 75' lang='lat' dir='ltr'><strong>antiquioris</strong></span> <span class='ocrx_word' id='word_1_138' title='bbox 2244 1633 2431 1691; x_wconf 83' lang='lat' dir='ltr'><strong>Albae</strong></span> <span class='ocrx_word' id='word_1_139' title='bbox 2456 1651 2757 1716; x_wconf 83' lang='lat' dir='ltr'><strong>nusquam</strong></span> 
     </span>
     <span class='ocr_line' id='line_1_15' title="bbox 497 1717 2757 1778; baseline 0 0"><span class='ocrx_word' id='word_1_140' title='bbox 497 1717 634 1778; x_wconf 88' lang='lat' dir='ltr'><strong>alibi</strong></span> <span class='ocrx_word' id='word_1_141' title='bbox 660 1719 810 1777; x_wconf 84' lang='lat' dir='ltr'><strong>facta</strong></span> <span class='ocrx_word' id='word_1_142' title='bbox 835 1721 1056 1778; x_wconf 85' lang='lat' dir='ltr'><strong>mentio</strong></span> <span class='ocrx_word' id='word_1_143' title='bbox 1091 1721 1358 1778; x_wconf 86' lang='lat' dir='ltr'><strong>occurrit.</strong></span> <span class='ocrx_word' id='word_1_144' title='bbox 2748 1743 2757 1752; x_wconf 93' lang='lat'><strong>·</strong></span> 
     </span>
    </p>

    <p class='ocr_par' dir='ltr' id='par_1_4' title="bbox 496 1791 2763 3165">
     <span class='ocr_line' id='line_1_16' title="bbox 665 1791 2753 1884; baseline 0 -22"><span class='ocrx_word' id='word_1_145' title='bbox 665 1805 958 1862; x_wconf 78' lang='lat' dir='ltr'><strong>Hactenus</strong></span> <span class='ocrx_word' id='word_1_146' title='bbox 971 1815 1210 1884; x_wconf 85' lang='lat' dir='ltr'><strong>poetam</strong></span> <span class='ocrx_word' id='word_1_147' title='bbox 1225 1815 1446 1864; x_wconf 81' lang='lat' dir='ltr'><strong>veteres</strong></span> <span class='ocrx_word' id='word_1_148' title='bbox 1467 1804 1693 1862; x_wconf 83' lang='lat' dir='ltr'><strong>fabulas</strong></span> <span class='ocrx_word' id='word_1_149' title='bbox 1720 1791 2007 1883; x_wconf 73' lang='lat' dir='ltr'><strong>suscipere</strong></span> <span class='ocrx_word' id='word_1_150' title='bbox 2036 1801 2323 1878; x_wconf 77' lang='lat' dir='ltr'><strong>vidimus3</strong></span> <span class='ocrx_word' id='word_1_151' title='bbox 2348 1801 2451 1862; x_wconf 85' lang='lat' dir='ltr'><strong>sed</strong></span> <span class='ocrx_word' id='word_1_152' title='bbox 2486 1799 2603 1862; x_wconf 90' lang='lat' dir='ltr'><strong>hoc</strong></span> <span class='ocrx_word' id='word_1_153' title='bbox 2628 1823 2753 1863; x_wconf 84' lang='lat' dir='ltr'><strong>non</strong></span> 
     </span>
     <span class='ocr_line' id='line_1_17' title="bbox 497 1887 2752 1969; baseline 0 -21"><span class='ocrx_word' id='word_1_154' title='bbox 497 1890 622 1948; x_wconf 85' lang='lat' dir='ltr'><strong>sine</strong></span> <span class='ocrx_word' id='word_1_155' title='bbox 647 1888 862 1948; x_wconf 85' lang='lat' dir='ltr'><strong>iudicio</strong></span> <span class='ocrx_word' id='word_1_156' title='bbox 887 1891 1108 1948; x_wconf 84' lang='lat' dir='ltr'><strong>factum</strong></span> <span class='ocrx_word' id='word_1_157' title='bbox 1135 1893 1312 1949; x_wconf 81' lang='lat' dir='ltr'><strong>etiam</strong></span> <span class='ocrx_word' id='word_1_158' title='bbox 1341 1910 1418 1947; x_wconf 86' lang='lat' dir='ltr'><strong>ex</strong></span> <span class='ocrx_word' id='word_1_159' title='bbox 1442 1889 1557 1948; x_wconf 88' lang='lat' dir='ltr'><strong>hoc</strong></span> <span class='ocrx_word' id='word_1_160' title='bbox 1592 1888 1809 1948; x_wconf 84' lang='lat' dir='ltr'><strong>iudices</strong></span> <span class='ocrx_word' id='word_1_161' title='bbox 1838 1889 2015 1948; x_wconf 80' lang='lat' dir='ltr'><strong>velim</strong></span> <span class='ocrx_word' id='word_1_162' title='bbox 2032 1933 2049 1964; x_wconf 88' lang='lat'>,</span> <span class='ocrx_word' id='word_1_163' title='bbox 2092 1887 2253 1969; x_wconf 89' lang='lat' dir='ltr'><strong>quod</strong></span> <span class='ocrx_word' id='word_1_164' title='bbox 2282 1890 2420 1947; x_wconf 82' lang='lat' dir='ltr'><strong>alias</strong></span> <span class='ocrx_word' id='word_1_165' title='bbox 2448 1891 2511 1946; x_wconf 88' lang='lat' dir='ltr'><strong>in</strong></span> <span class='ocrx_word' id='word_1_166' title='bbox 2540 1889 2752 1948; x_wconf 85' lang='lat' dir='ltr'><strong>eadem</strong></span> 
     </span>
     <span class='ocr_line' id='line_1_18' title="bbox 498 1975 2757 2058; baseline 0.001 -26"><span class='ocrx_word' id='word_1_167' title='bbox 498 1994 562 2032; x_wconf 86' lang='lat' dir='ltr'><strong>re</strong></span> <span class='ocrx_word' id='word_1_168' title='bbox 599 1994 723 2033; x_wconf 84' lang='lat' dir='ltr'><strong>non</strong></span> <span class='ocrx_word' id='word_1_169' title='bbox 763 1975 1152 2058; x_wconf 78' lang='lat' dir='ltr'><strong>infrequentes</strong></span> <span class='ocrx_word' id='word_1_170' title='bbox 1189 1997 1300 2034; x_wconf 87' lang='lat' dir='ltr'><strong>nec</strong></span> <span class='ocrx_word' id='word_1_171' title='bbox 1342 1976 1613 2034; x_wconf 74' lang='lat' dir='ltr'><strong>obscuras</strong></span> <span class='ocrx_word' id='word_1_172' title='bbox 1654 1975 1879 2033; x_wconf 82' lang='lat' dir='ltr'><strong>fabulas</strong></span> <span class='ocrx_word' id='word_1_173' title='bbox 1906 1977 2121 2054; x_wconf 80' lang='lat' dir='ltr'><strong>sprevit</strong></span> <span class='ocrx_word' id='word_1_174' title='bbox 2164 1986 2223 2032; x_wconf 90' lang='lat' dir='ltr'><strong>et</strong></span> <span class='ocrx_word' id='word_1_175' title='bbox 2248 1977 2540 2053; x_wconf 84' lang='lat' dir='ltr'><strong>neglexit3</strong></span> <span class='ocrx_word' id='word_1_176' title='bbox 2600 1996 2757 2057; x_wconf 82' lang='lat' dir='ltr'><strong>qua-</strong></span> 
     </span>
     <span class='ocr_line' id='line_1_19' title="bbox 496 2059 2755 2146; baseline 0 -27"><span class='ocrx_word' id='word_1_177' title='bbox 496 2060 566 2119; x_wconf 89' lang='lat' dir='ltr'><strong>lis</strong></span> <span class='ocrx_word' id='word_1_178' title='bbox 611 2061 709 2118; x_wconf 87' lang='lat' dir='ltr'><strong>illa</strong></span> <span class='ocrx_word' id='word_1_179' title='bbox 751 2072 835 2118; x_wconf 91' lang='lat' dir='ltr'><strong>est</strong></span> <span class='ocrx_word' id='word_1_180' title='bbox 851 2105 868 2136; x_wconf 88' lang='lat'>,</span> <span class='ocrx_word' id='word_1_181' title='bbox 915 2081 1092 2143; x_wconf 86' lang='lat' dir='ltr'><strong>quam</strong></span> <span class='ocrx_word' id='word_1_182' title='bbox 1118 2063 1427 2146; x_wconf 80' lang='lat' dir='ltr'><strong>Dionysius</strong></span> <span class='ocrx_word' id='word_1_183' title='bbox 1461 2073 1765 2143; x_wconf 85' lang='lat' dir='ltr'><strong>tamquam</strong></span> <span class='ocrx_word' id='word_1_184' title='bbox 1794 2062 1867 2118; x_wconf 87' lang='lat' dir='ltr'><strong>ab</strong></span> <span class='ocrx_word' id='word_1_185' title='bbox 1906 2059 2191 2140; x_wconf 81' lang='lat' dir='ltr'><strong>indigenis</strong></span> <span class='ocrx_word' id='word_1_186' title='bbox 2220 2071 2521 2140; x_wconf 83' lang='lat' dir='ltr'><strong>acceptam</strong></span> <span class='ocrx_word' id='word_1_187' title='bbox 2554 2073 2755 2122; x_wconf 84' lang='lat' dir='ltr'><strong>narrat</strong></span> 
     </span>
     <span class='ocr_line' id='line_1_20' title="bbox 498 2143 2755 2228; baseline 0.001 -25"><span class='ocrx_word' id='word_1_188' title='bbox 498 2146 598 2203; x_wconf 88' lang='lat' dir='ltr'><strong>lib.</strong></span> <span class='ocrx_word' id='word_1_189' title='bbox 625 2149 673 2220; x_wconf 92' lang='lat'><strong>1,</strong></span> <span class='ocrx_word' id='word_1_190' title='bbox 703 2145 804 2219; x_wconf 87' lang='lat'><strong>55,</strong></span> <span class='ocrx_word' id='word_1_191' title='bbox 836 2143 996 2228; x_wconf 90' lang='lat' dir='ltr'><strong>quod</strong></span> <span class='ocrx_word' id='word_1_192' title='bbox 1026 2167 1262 2206; x_wconf 86' lang='lat' dir='ltr'><strong>escensu</strong></span> <span class='ocrx_word' id='word_1_193' title='bbox 1289 2147 1441 2206; x_wconf 87' lang='lat' dir='ltr'><strong>facto</strong></span> <span class='ocrx_word' id='word_1_194' title='bbox 1480 2150 1545 2204; x_wconf 85' lang='lat' dir='ltr'><strong>iu</strong></span> <span class='ocrx_word' id='word_1_195' title='bbox 1588 2165 1806 2226; x_wconf 84' lang='lat' dir='ltr'><strong>magna</strong></span> <span class='ocrx_word' id='word_1_196' title='bbox 1845 2165 2032 2228; x_wconf 86' lang='lat' dir='ltr'><strong>aquae</strong></span> <span class='ocrx_word' id='word_1_197' title='bbox 2074 2149 2317 2226; x_wconf 88' lang='lat' dir='ltr'><strong>penuria</strong></span> <span class='ocrx_word' id='word_1_198' title='bbox 2358 2149 2645 2225; x_wconf 83' lang='lat' dir='ltr'><strong>scaturigo</strong></span> <span class='ocrx_word' id='word_1_199' title='bbox 2674 2167 2755 2206; x_wconf 79' lang='lat' dir='ltr'><strong>ex</strong></span> 
     </span>
     <span class='ocr_line' id='line_1_21' title="bbox 499 2231 2757 2312; baseline 0.001 -24"><span class='ocrx_word' id='word_1_200' title='bbox 499 2231 622 2288; x_wconf 86' lang='lat' dir='ltr'><strong>solo</strong></span> <span class='ocrx_word' id='word_1_201' title='bbox 653 2234 906 2288; x_wconf 85' lang='lat' dir='ltr'><strong>emicuit.</strong></span> <span class='ocrx_word' id='word_1_202' title='bbox 975 2233 1130 2290; x_wconf 82' lang='lat' dir='ltr'><strong>Fons</strong></span> <span class='ocrx_word' id='word_1_203' title='bbox 1151 2234 1302 2292; x_wconf 85' lang='lat' dir='ltr'><strong>Solis</strong></span> <span class='ocrx_word' id='word_1_204' title='bbox 1337 2231 1474 2290; x_wconf 84' lang='lat' dir='ltr'><strong>inde</strong></span> <span class='ocrx_word' id='word_1_205' title='bbox 1503 2233 1779 2311; x_wconf 88' lang='lat' dir='ltr'><strong>appellari</strong></span> <span class='ocrx_word' id='word_1_206' title='bbox 1806 2235 2014 2312; x_wconf 89' lang='lat' dir='ltr'><strong>coepit,</strong></span> <span class='ocrx_word' id='word_1_207' title='bbox 2034 2252 2171 2290; x_wconf 91' lang='lat' dir='ltr'><strong>cum</strong></span> <span class='ocrx_word' id='word_1_208' title='bbox 2200 2233 2347 2290; x_wconf 85' lang='lat' dir='ltr'><strong>binis</strong></span> <span class='ocrx_word' id='word_1_209' title='bbox 2374 2235 2487 2290; x_wconf 79' lang='lat' dir='ltr'><strong>aris</strong></span> <span class='ocrx_word' id='word_1_210' title='bbox 2515 2231 2757 2291; x_wconf 79' lang='lat' dir='ltr'><strong>adstan-</strong></span> 
     </span>
     <span class='ocr_line' id='line_1_22' title="bbox 499 2313 2755 2398; baseline 0.001 -24"><span class='ocrx_word' id='word_1_211' title='bbox 499 2315 670 2374; x_wconf 86' lang='lat' dir='ltr'><strong>tibus.</strong></span> <span class='ocrx_word' id='word_1_212' title='bbox 755 2313 931 2374; x_wconf 82' lang='lat' dir='ltr'><strong>Aliud</strong></span> <span class='ocrx_word' id='word_1_213' title='bbox 961 2319 1260 2376; x_wconf 88' lang='lat' dir='ltr'><strong>oraculum</strong></span> <span class='ocrx_word' id='word_1_214' title='bbox 1290 2318 1575 2398; x_wconf 79' lang='lat' dir='ltr'><strong>Apollinis</strong></span> <span class='ocrx_word' id='word_1_215' title='bbox 1603 2315 1903 2396; x_wconf 88' lang='lat' dir='ltr'><strong>Delphici,</strong></span> <span class='ocrx_word' id='word_1_216' title='bbox 1946 2327 2013 2374; x_wconf 90' lang='lat' dir='ltr'><strong>ut</strong></span> <span class='ocrx_word' id='word_1_217' title='bbox 2038 2319 2266 2376; x_wconf 83' lang='lat' dir='ltr'><strong>Aeneas</strong></span> <span class='ocrx_word' id='word_1_218' title='bbox 2300 2319 2383 2374; x_wconf 92' lang='lat' dir='ltr'><strong>ibi</strong></span> <span class='ocrx_word' id='word_1_219' title='bbox 2410 2315 2755 2394; x_wconf 83' lang='lat' dir='ltr'><strong>consideret,</strong></span> 
     </span>
     <span class='ocr_line' id='line_1_23' title="bbox 500 2400 2755 2482; baseline 0.002 -24"><span class='ocrx_word' id='word_1_220' title='bbox 500 2401 602 2458; x_wconf 87' lang='lat' dir='ltr'><strong>ubi</strong></span> <span class='ocrx_word' id='word_1_221' title='bbox 631 2400 748 2458; x_wconf 89' lang='lat' dir='ltr'><strong>duo</strong></span> <span class='ocrx_word' id='word_1_222' title='bbox 775 2405 958 2460; x_wconf 87' lang='lat' dir='ltr'><strong>maria</strong></span> <span class='ocrx_word' id='word_1_223' title='bbox 985 2405 1293 2462; x_wconf 83' lang='lat' dir='ltr'><strong>invenisset</strong></span> <span class='ocrx_word' id='word_1_224' title='bbox 1309 2449 1324 2477; x_wconf 91' lang='lat'><strong>,</strong></span> <span class='ocrx_word' id='word_1_225' title='bbox 1357 2423 1390 2460; x_wconf 90' lang='lat' dir='ltr'><strong>e</strong></span> <span class='ocrx_word' id='word_1_226' title='bbox 1415 2404 1673 2462; x_wconf 86' lang='lat' dir='ltr'><strong>Domitio</strong></span> <span class='ocrx_word' id='word_1_227' title='bbox 1700 2401 1857 2482; x_wconf 88' lang='lat' dir='ltr'><strong>apud</strong></span> <span class='ocrx_word' id='word_1_228' title='bbox 1884 2403 2048 2462; x_wconf 81' lang='lat' dir='ltr'><strong>Sext.</strong></span> <span class='ocrx_word' id='word_1_229' title='bbox 2068 2403 2372 2462; x_wconf 82' lang='lat' dir='ltr'><strong>Aurelium</strong></span> <span class='ocrx_word' id='word_1_230' title='bbox 2386 2405 2534 2462; x_wconf 78' lang='lat' dir='ltr'><strong>vict.</strong></span> <span class='ocrx_word' id='word_1_231' title='bbox 2564 2425 2616 2462; x_wconf 89' lang='lat' dir='ltr'><strong>c.</strong></span> <span class='ocrx_word' id='word_1_232' title='bbox 2652 2409 2755 2480; x_wconf 79' lang='lat'><strong>12,</strong></span> 
     </span>
     <span class='ocr_line' id='line_1_24' title="bbox 501 2483 2759 2569; baseline 0.001 -24"><span class='ocrx_word' id='word_1_233' title='bbox 501 2484 606 2545; x_wconf 86' lang='lat' dir='ltr'><strong>sed</strong></span> <span class='ocrx_word' id='word_1_234' title='bbox 629 2483 890 2561; x_wconf 86' lang='lat' dir='ltr'><strong>indocte,</strong></span> <span class='ocrx_word' id='word_1_235' title='bbox 920 2499 1213 2565; x_wconf 84' lang='lat' dir='ltr'><strong>narratur,</strong></span> <span class='ocrx_word' id='word_1_236' title='bbox 1243 2509 1386 2549; x_wconf 86' lang='lat' dir='ltr'><strong>uam</strong></span> <span class='ocrx_word' id='word_1_237' title='bbox 1415 2487 1491 2547; x_wconf 85' lang='lat' dir='ltr'><strong>ad</strong></span> <span class='ocrx_word' id='word_1_238' title='bbox 1520 2486 1637 2548; x_wconf 89' lang='lat' dir='ltr'><strong>duo</strong></span> <span class='ocrx_word' id='word_1_239' title='bbox 1668 2499 1873 2567; x_wconf 86' lang='lat' dir='ltr'><strong>stagna</strong></span> <span class='ocrx_word' id='word_1_240' title='bbox 1900 2507 2087 2569; x_wconf 89' lang='lat' dir='ltr'><strong>aquae</strong></span> <span class='ocrx_word' id='word_1_241' title='bbox 2114 2491 2297 2548; x_wconf 88' lang='lat' dir='ltr'><strong>salsae</strong></span> <span class='ocrx_word' id='word_1_242' title='bbox 2330 2491 2393 2547; x_wconf 91' lang='lat' dir='ltr'><strong>in</strong></span> <span class='ocrx_word' id='word_1_243' title='bbox 2422 2509 2561 2569; x_wconf 85' lang='lat' dir='ltr'><strong>agro</strong></span> <span class='ocrx_word' id='word_1_244' title='bbox 2590 2491 2759 2549; x_wconf 87' lang='lat' dir='ltr'><strong>Lau-</strong></span> 
     </span>
     <span class='ocr_line' id='line_1_25' title="bbox 503 2570 2763 2657; baseline 0.001 -26"><span class='ocrx_word' id='word_1_245' title='bbox 503 2582 664 2631; x_wconf 85' lang='lat' dir='ltr'><strong>rente</strong></span> <span class='ocrx_word' id='word_1_246' title='bbox 706 2570 978 2649; x_wconf 85' lang='lat' dir='ltr'><strong>trahitur,</strong></span> <span class='ocrx_word' id='word_1_247' title='bbox 1040 2574 1202 2657; x_wconf 89' lang='lat' dir='ltr'><strong>quod</strong></span> <span class='ocrx_word' id='word_1_248' title='bbox 1240 2572 1315 2633; x_wconf 87' lang='lat' dir='ltr'><strong>ad</strong></span> <span class='ocrx_word' id='word_1_249' title='bbox 1357 2594 1520 2633; x_wconf 86' lang='lat' dir='ltr'><strong>mare</strong></span> <span class='ocrx_word' id='word_1_250' title='bbox 1560 2578 1869 2633; x_wconf 85' lang='lat' dir='ltr'><strong>Etruscum</strong></span> <span class='ocrx_word' id='word_1_251' title='bbox 1916 2586 1973 2633; x_wconf 90' lang='lat' dir='ltr'><strong>et</strong></span> <span class='ocrx_word' id='word_1_252' title='bbox 1996 2577 2222 2635; x_wconf 85' lang='lat' dir='ltr'><strong>Lacum</strong></span> <span class='ocrx_word' id='word_1_253' title='bbox 2250 2576 2569 2635; x_wconf 87' lang='lat' dir='ltr'><strong>Ostiensem</strong></span> <span class='ocrx_word' id='word_1_254' title='bbox 2596 2576 2763 2635; x_wconf 85' lang='lat' dir='ltr'><strong>refe-</strong></span> 
     </span>
     <span class='ocr_line' id='line_1_26' title="bbox 502 2656 2757 2741; baseline 0.003 -26"><span class='ocrx_word' id='word_1_255' title='bbox 502 2656 750 2721; x_wconf 84' lang='lat' dir='ltr'><strong>rendum</strong></span> <span class='ocrx_word' id='word_1_256' title='bbox 773 2670 926 2736; x_wconf 78' lang='lat' dir='ltr'><strong>erat3</strong></span> <span class='ocrx_word' id='word_1_257' title='bbox 981 2672 1047 2719; x_wconf 86' lang='lat' dir='ltr'><strong>ut</strong></span> <span class='ocrx_word' id='word_1_258' title='bbox 1087 2662 1207 2718; x_wconf 87' lang='lat' dir='ltr'><strong>iam</strong></span> <span class='ocrx_word' id='word_1_259' title='bbox 1249 2663 1541 2718; x_wconf 86' lang='lat' dir='ltr'><strong>monitum</strong></span> <span class='ocrx_word' id='word_1_260' title='bbox 1583 2659 1753 2718; x_wconf 75' lang='lat' dir='ltr'><strong>video</strong></span> <span class='ocrx_word' id='word_1_261' title='bbox 1785 2680 1819 2717; x_wconf 88' lang='lat' dir='ltr'><strong>a</strong></span> <span class='ocrx_word' id='word_1_262' title='bbox 1848 2661 2115 2719; x_wconf 81' lang='lat' dir='ltr'><strong>Cluverio</strong></span> <span class='ocrx_word' id='word_1_263' title='bbox 2152 2682 2211 2741; x_wconf 92' lang='grc' dir='ltr'><strong>Ρ.</strong></span> <span class='ocrx_word' id='word_1_264' title='bbox 2240 2664 2389 2737; x_wconf 73' lang='grc'><strong>882.</strong></span> <span class='ocrx_word' id='word_1_265' title='bbox 2477 2660 2757 2722; x_wconf 78' lang='lat' dir='ltr'><strong>Tandem</strong></span> 
     </span>
     <span class='ocr_line' id='line_1_27' title="bbox 503 2744 2759 2831; baseline 0.003 -30"><span class='ocrx_word' id='word_1_266' title='bbox 503 2754 794 2803; x_wconf 84' lang='lat' dir='ltr'><strong>ostentum</strong></span> <span class='ocrx_word' id='word_1_267' title='bbox 827 2747 888 2802; x_wconf 88' lang='lat' dir='ltr'><strong>in</strong></span> <span class='ocrx_word' id='word_1_268' title='bbox 929 2746 1172 2807; x_wconf 76' lang='lat' dir='ltr'><strong>Lavinio</strong></span> <span class='ocrx_word' id='word_1_269' title='bbox 1219 2744 1524 2805; x_wconf 89' lang='lat' dir='ltr'><strong>condenda</strong></span> <span class='ocrx_word' id='word_1_270' title='bbox 1578 2746 1839 2805; x_wconf 86' lang='lat' dir='ltr'><strong>oblatum</strong></span> <span class='ocrx_word' id='word_1_271' title='bbox 1880 2748 2031 2825; x_wconf 86' lang='lat' dir='ltr'><strong>ignis</strong></span> <span class='ocrx_word' id='word_1_272' title='bbox 2058 2758 2263 2826; x_wconf 82' lang='lat' dir='ltr'><strong>sponte</strong></span> <span class='ocrx_word' id='word_1_273' title='bbox 2292 2750 2507 2821; x_wconf 85' lang='lat' dir='ltr'><strong>exorti,</strong></span> <span class='ocrx_word' id='word_1_274' title='bbox 2556 2748 2759 2831; x_wconf 88' lang='lat' dir='ltr'><strong>aquila</strong></span> 
     </span>
     <span class='ocr_line' id='line_1_28' title="bbox 501 2830 2759 2916; baseline 0.003 -29"><span class='ocrx_word' id='word_1_275' title='bbox 501 2848 570 2887; x_wconf 88' lang='lat' dir='ltr'><strong>ac</strong></span> <span class='ocrx_word' id='word_1_276' title='bbox 597 2832 772 2911; x_wconf 82' lang='lat' dir='ltr'><strong>vulpe</strong></span> <span class='ocrx_word' id='word_1_277' title='bbox 799 2851 972 2911; x_wconf 89' lang='lat' dir='ltr'><strong>super</strong></span> <span class='ocrx_word' id='word_1_278' title='bbox 1001 2851 1070 2889; x_wconf 86' lang='lat' dir='ltr'><strong>eo</strong></span> <span class='ocrx_word' id='word_1_279' title='bbox 1102 2830 1581 2891; x_wconf 83' lang='lat' dir='ltr'><strong>contendentibus</strong></span> <span class='ocrx_word' id='word_1_280' title='bbox 1598 2876 1615 2905; x_wconf 88' lang='lat'>,</span> <span class='ocrx_word' id='word_1_281' title='bbox 1660 2833 1847 2890; x_wconf 88' lang='lat' dir='ltr'><strong>multo</strong></span> <span class='ocrx_word' id='word_1_282' title='bbox 1886 2834 2080 2891; x_wconf 84' lang='lat' dir='ltr'><strong>miuus</strong></span> <span class='ocrx_word' id='word_1_283' title='bbox 2124 2852 2161 2890; x_wconf 86' lang='lat' dir='ltr'><strong>a</strong></span> <span class='ocrx_word' id='word_1_284' title='bbox 2181 2843 2355 2913; x_wconf 89' lang='lat' dir='ltr'><strong>poeta</strong></span> <span class='ocrx_word' id='word_1_285' title='bbox 2384 2837 2613 2892; x_wconf 75' lang='lat' dir='ltr'><strong>tractm&#39;i</strong></span> <span class='ocrx_word' id='word_1_286' title='bbox 2636 2842 2759 2916; x_wconf 75' lang='lat' dir='ltr'><strong>pb-</strong></span> 
     </span>
     <span class='ocr_line' id='line_1_29' title="bbox 501 2914 2756 2997; baseline 0.003 -24"><span class='ocrx_word' id='word_1_287' title='bbox 501 2916 642 2975; x_wconf 86' lang='lat' dir='ltr'><strong>tuit:</strong></span> <span class='ocrx_word' id='word_1_288' title='bbox 689 2918 796 2975; x_wconf 85' lang='lat' dir='ltr'><strong>etsi</strong></span> <span class='ocrx_word' id='word_1_289' title='bbox 821 2919 1015 2975; x_wconf 81' lang='lat' dir='ltr'><strong>numis</strong></span> <span class='ocrx_word' id='word_1_290' title='bbox 1043 2920 1232 2995; x_wconf 84' lang='lat' dir='ltr'><strong>gentis</strong></span> <span class='ocrx_word' id='word_1_291' title='bbox 1257 2920 1473 2997; x_wconf 86' lang='lat' dir='ltr'><strong>Papiae</strong></span> <span class='ocrx_word' id='word_1_292' title='bbox 1501 2918 1820 2976; x_wconf 84' lang='lat' dir='ltr'><strong>nobilitata.</strong></span> <span class='ocrx_word' id='word_1_293' title='bbox 1906 2916 2080 2993; x_wconf 89' lang='lat' dir='ltr'><strong>(Vide</strong></span> <span class='ocrx_word' id='word_1_294' title='bbox 2106 2920 2203 2977; x_wconf 82' lang='lat' dir='ltr'><strong>vel</strong></span> <span class='ocrx_word' id='word_1_295' title='bbox 2228 2914 2455 2976; x_wconf 80' lang='lat' dir='ltr'><strong>Eckhel</strong></span> <span class='ocrx_word' id='word_1_296' title='bbox 2480 2920 2655 2979; x_wconf 87' lang='lat' dir='ltr'><strong>Tom.</strong></span> <span class='ocrx_word' id='word_1_297' title='bbox 2676 2920 2756 2994; x_wconf 87' lang='lat' dir='ltr'><strong>V,</strong></span> 
     </span>
     <span class='ocr_line' id='line_1_30' title="bbox 497 3000 2761 3087; baseline 0.003 -28"><span class='ocrx_word' id='word_1_298' title='bbox 497 3020 560 3081; x_wconf 87' lang='lat' dir='ltr'><strong>p.</strong></span> <span class='ocrx_word' id='word_1_299' title='bbox 581 3002 758 3081; x_wconf 83' lang='lat'><strong>267.)</strong></span> <span class='ocrx_word' id='word_1_300' title='bbox 844 3004 992 3059; x_wconf 89' lang='lat' dir='ltr'><strong>Nata</strong></span> <span class='ocrx_word' id='word_1_301' title='bbox 1022 3012 1080 3059; x_wconf 91' lang='lat' dir='ltr'><strong>et</strong></span> <span class='ocrx_word' id='word_1_302' title='bbox 1109 3000 1252 3059; x_wconf 82' lang='lat' dir='ltr'><strong>haec</strong></span> <span class='ocrx_word' id='word_1_303' title='bbox 1281 3003 1446 3059; x_wconf 88' lang='lat' dir='ltr'><strong>anilis</strong></span> <span class='ocrx_word' id='word_1_304' title='bbox 1473 3000 1671 3059; x_wconf 86' lang='lat' dir='ltr'><strong>fabula</strong></span> <span class='ocrx_word' id='word_1_305' title='bbox 1713 3000 1942 3059; x_wconf 81' lang='lat' dir='ltr'><strong>videtur</strong></span> <span class='ocrx_word' id='word_1_306' title='bbox 1966 3022 2044 3061; x_wconf 82' lang='lat' dir='ltr'><strong>ex</strong></span> <span class='ocrx_word' id='word_1_307' title='bbox 2082 3006 2257 3083; x_wconf 84' lang='lat' dir='ltr'><strong>signis</strong></span> <span class='ocrx_word' id='word_1_308' title='bbox 2288 3004 2514 3087; x_wconf 85' lang='lat' dir='ltr'><strong>aquilae</strong></span> <span class='ocrx_word' id='word_1_309' title='bbox 2542 3016 2600 3065; x_wconf 89' lang='lat' dir='ltr'><strong>et</strong></span> <span class='ocrx_word' id='word_1_310' title='bbox 2624 3008 2761 3086; x_wconf 84' lang='lat' dir='ltr'><strong>lupi</strong></span> 
     </span>
     <span class='ocr_line' id='line_1_31' title="bbox 497 3085 2250 3165; baseline 0.003 -22"><span class='ocrx_word' id='word_1_311' title='bbox 497 3088 562 3143; x_wconf 90' lang='lat' dir='ltr'><strong>in</strong></span> <span class='ocrx_word' id='word_1_312' title='bbox 589 3086 716 3144; x_wconf 87' lang='lat' dir='ltr'><strong>foro</strong></span> <span class='ocrx_word' id='word_1_313' title='bbox 745 3087 972 3142; x_wconf 80' lang='lat' dir='ltr'><strong>Lavinii</strong></span> <span class='ocrx_word' id='word_1_314' title='bbox 999 3085 1194 3163; x_wconf 82' lang='lat' dir='ltr'><strong>positis</strong></span> <span class='ocrx_word' id='word_1_315' title='bbox 1210 3129 1227 3158; x_wconf 88' lang='lat'>,</span> <span class='ocrx_word' id='word_1_316' title='bbox 1273 3104 1424 3165; x_wconf 87' lang='lat' dir='ltr'><strong>quae</strong></span> <span class='ocrx_word' id='word_1_317' title='bbox 1450 3086 1691 3165; x_wconf 79' lang='lat' dir='ltr'><strong>Dionys.</strong></span> <span class='ocrx_word' id='word_1_318' title='bbox 1723 3085 1897 3161; x_wconf 84' lang='lat' dir='ltr'><strong>vidit,</strong></span> <span class='ocrx_word' id='word_1_319' title='bbox 1932 3088 2031 3146; x_wconf 90' lang='lat' dir='ltr'><strong>lib.</strong></span> <span class='ocrx_word' id='word_1_320' title='bbox 2070 3091 2117 3162; x_wconf 92' lang='lat'><strong>1,</strong></span> <span class='ocrx_word' id='word_1_321' title='bbox 2146 3092 2250 3157; x_wconf 88' lang='grc'><strong>59.</strong></span> 
     </span>
    </p>

    <p class='ocr_par' dir='ltr' id='par_1_5' title="bbox 499 3168 2863 3931">
     <span class='ocr_line' id='line_1_32' title="bbox 673 3168 2761 3250; baseline 0.004 -24"><span class='ocrx_word' id='word_1_322' title='bbox 673 3168 928 3227; x_wconf 81' lang='lat' dir='ltr'><strong>Classem</strong></span> <span class='ocrx_word' id='word_1_323' title='bbox 970 3170 1362 3229; x_wconf 83' lang='lat' dir='ltr'><strong>Troianorum</strong></span> <span class='ocrx_word' id='word_1_324' title='bbox 1401 3173 1465 3229; x_wconf 88' lang='lat' dir='ltr'><strong>in</strong></span> <span class='ocrx_word' id='word_1_325' title='bbox 1493 3172 1629 3250; x_wconf 88' lang='lat' dir='ltr'><strong>ipsis</strong></span> <span class='ocrx_word' id='word_1_326' title='bbox 1658 3172 1884 3230; x_wconf 87' lang='lat' dir='ltr'><strong>Tiberis</strong></span> <span class='ocrx_word' id='word_1_327' title='bbox 1914 3176 2069 3231; x_wconf 86' lang='lat' dir='ltr'><strong>ostiis</strong></span> <span class='ocrx_word' id='word_1_328' title='bbox 2103 3176 2401 3235; x_wconf 87' lang='lat' dir='ltr'><strong>incensam</strong></span> <span class='ocrx_word' id='word_1_329' title='bbox 2428 3194 2461 3233; x_wconf 98' lang='lat' dir='ltr'><strong>a</strong></span> <span class='ocrx_word' id='word_1_330' title='bbox 2489 3178 2761 3235; x_wconf 78' lang='lat' dir='ltr'><strong>mulieri·</strong></span> 
     </span>
     <span class='ocr_line' id='line_1_33' title="bbox 503 3250 2762 3343; baseline 0.005 -33"><span class='ocrx_word' id='word_1_331' title='bbox 503 3252 611 3311; x_wconf 88' lang='lat' dir='ltr'><strong>bus</strong></span> <span class='ocrx_word' id='word_1_332' title='bbox 645 3250 794 3311; x_wconf 85' lang='lat' dir='ltr'><strong>duce</strong></span> <span class='ocrx_word' id='word_1_333' title='bbox 833 3256 1020 3312; x_wconf 83' lang='lat' dir='ltr'><strong>Roma</strong></span> <span class='ocrx_word' id='word_1_334' title='bbox 1063 3254 1320 3337; x_wconf 85' lang='lat' dir='ltr'><strong>quadam</strong></span> <span class='ocrx_word' id='word_1_335' title='bbox 1335 3302 1352 3334; x_wconf 87' lang='lat'><strong>,</strong></span> <span class='ocrx_word' id='word_1_336' title='bbox 1420 3256 1776 3317; x_wconf 86' lang='lat' dir='ltr'><strong>tradiderant</strong></span> <span class='ocrx_word' id='word_1_337' title='bbox 1818 3258 1963 3317; x_wconf 90' lang='lat' dir='ltr'><strong>olim</strong></span> <span class='ocrx_word' id='word_1_338' title='bbox 2000 3262 2301 3341; x_wconf 82' lang='lat' dir='ltr'><strong>scriptores</strong></span> <span class='ocrx_word' id='word_1_339' title='bbox 2340 3260 2497 3339; x_wconf 88' lang='lat' dir='ltr'><strong>apud</strong></span> <span class='ocrx_word' id='word_1_340' title='bbox 2522 3264 2762 3343; x_wconf 84' lang='lat' dir='ltr'><strong>Diony-</strong></span> 
     </span>
     <span class='ocr_line' id='line_1_34' title="bbox 502 3336 2761 3425; baseline 0.005 -30"><span class='ocrx_word' id='word_1_341' title='bbox 502 3338 654 3395; x_wconf 85' lang='lat' dir='ltr'><strong>sium</strong></span> <span class='ocrx_word' id='word_1_342' title='bbox 682 3339 729 3410; x_wconf 92' lang='lat'><strong>1,</strong></span> <span class='ocrx_word' id='word_1_343' title='bbox 760 3342 846 3402; x_wconf 82' lang='lat'><strong>72</strong></span> <span class='ocrx_word' id='word_1_344' title='bbox 867 3336 953 3417; x_wconf 86' lang='lat' dir='ltr'><strong>(p.</strong></span> <span class='ocrx_word' id='word_1_345' title='bbox 977 3340 1107 3419; x_wconf 84' lang='lat'>58),</span> <span class='ocrx_word' id='word_1_346' title='bbox 1135 3343 1198 3399; x_wconf 91' lang='lat' dir='ltr'><strong>in</strong></span> <span class='ocrx_word' id='word_1_347' title='bbox 1219 3361 1364 3422; x_wconf 85' lang='lat' dir='ltr'><strong>quos</strong></span> <span class='ocrx_word' id='word_1_348' title='bbox 1388 3340 1671 3401; x_wconf 86' lang='lat' dir='ltr'><strong>inciderat</strong></span> <span class='ocrx_word' id='word_1_349' title='bbox 1699 3344 2026 3425; x_wconf 84' lang='lat' dir='ltr'><strong>Polyaenus</strong></span> <span class='ocrx_word' id='word_1_350' title='bbox 2056 3347 2306 3425; x_wconf 84' lang='lat' dir='ltr'><strong>Strateg.</strong></span> <span class='ocrx_word' id='word_1_351' title='bbox 2346 3348 2498 3421; x_wconf 87' lang='lat' dir='ltr'>VIII,</span> <span class='ocrx_word' id='word_1_352' title='bbox 2540 3348 2644 3422; x_wconf 79' lang='lat'><strong>25,</strong></span> <span class='ocrx_word' id='word_1_353' title='bbox 2690 3354 2761 3423; x_wconf 81' lang='lat'><strong>2,</strong></span> 
     </span>
     <span class='ocr_line' id='line_1_35' title="bbox 501 3421 2763 3510; baseline 0.006 -31"><span class='ocrx_word' id='word_1_354' title='bbox 501 3422 604 3479; x_wconf 92' lang='lat' dir='ltr'><strong>ubi</strong></span> <span class='ocrx_word' id='word_1_355' title='bbox 641 3421 802 3481; x_wconf 87' lang='lat' dir='ltr'><strong>idem</strong></span> <span class='ocrx_word' id='word_1_356' title='bbox 844 3424 1234 3484; x_wconf 86' lang='lat' dir='ltr'><strong>Troianarum</strong></span> <span class='ocrx_word' id='word_1_357' title='bbox 1281 3429 1596 3487; x_wconf 83' lang='lat' dir='ltr'><strong>mulierum</strong></span> <span class='ocrx_word' id='word_1_358' title='bbox 1636 3429 1859 3487; x_wconf 84' lang='lat' dir='ltr'><strong>facinus</strong></span> <span class='ocrx_word' id='word_1_359' title='bbox 1910 3432 2169 3510; x_wconf 81' lang='lat' dir='ltr'><strong>exponit.</strong></span> <span class='ocrx_word' id='word_1_360' title='bbox 2242 3432 2397 3490; x_wconf 87' lang='lat' dir='ltr'><strong>conf.</strong></span> <span class='ocrx_word' id='word_1_361' title='bbox 2444 3430 2519 3491; x_wconf 85' lang='lat' dir='ltr'><strong>ad</strong></span> <span class='ocrx_word' id='word_1_362' title='bbox 2560 3434 2663 3491; x_wconf 88' lang='lat' dir='ltr'><strong>lib.</strong></span> <span class='ocrx_word' id='word_1_363' title='bbox 2702 3436 2763 3493; x_wconf 86' lang='lat' dir='ltr'>V</span> 
     </span>
     <span class='ocr_line' id='line_1_36' title="bbox 500 3508 2763 3601; baseline 0.006 -37"><span class='ocrx_word' id='word_1_364' title='bbox 500 3508 650 3565; x_wconf 83' lang='lat' dir='ltr'><strong>Exc.</strong></span> <span class='ocrx_word' id='word_1_365' title='bbox 677 3508 776 3565; x_wconf 86' lang='lat' dir='ltr'><strong>VI.</strong></span> <span class='ocrx_word' id='word_1_366' title='bbox 861 3508 1032 3578; x_wconf 78' lang='lat' dir='ltr'><strong>Quod</strong></span> <span class='ocrx_word' id='word_1_367' title='bbox 1071 3522 1268 3569; x_wconf 87' lang='lat' dir='ltr'><strong>autem</strong></span> <span class='ocrx_word' id='word_1_368' title='bbox 1309 3524 1517 3592; x_wconf 88' lang='lat' dir='ltr'><strong>poetae</strong></span> <span class='ocrx_word' id='word_1_369' title='bbox 1570 3512 1846 3591; x_wconf 72' lang='lat' dir='ltr'><strong>Thybris,</strong></span> <span class='ocrx_word' id='word_1_370' title='bbox 1884 3536 2007 3574; x_wconf 84' lang='lat' dir='ltr'><strong>non</strong></span> <span class='ocrx_word' id='word_1_371' title='bbox 2050 3515 2275 3573; x_wconf 76' lang='lat' dir='ltr'><strong>Tiberis</strong></span> <span class='ocrx_word' id='word_1_372' title='bbox 2298 3519 2563 3576; x_wconf 85' lang='lat' dir='ltr'><strong>scribitur</strong></span> <span class='ocrx_word' id='word_1_373' title='bbox 2576 3564 2592 3593; x_wconf 88' lang='lat'>,</span> <span class='ocrx_word' id='word_1_374' title='bbox 2634 3538 2763 3601; x_wconf 83' lang='lat' dir='ltr'><strong>qua</strong></span> 
     </span>
     <span class='ocr_line' id='line_1_37' title="bbox 503 3590 2763 3685; baseline 0.006 -36"><span class='ocrx_word' id='word_1_375' title='bbox 503 3590 578 3649; x_wconf 89' lang='lat' dir='ltr'><strong>de</strong></span> <span class='ocrx_word' id='word_1_376' title='bbox 597 3611 658 3649; x_wconf 89' lang='lat' dir='ltr'><strong>re</strong></span> <span class='ocrx_word' id='word_1_377' title='bbox 687 3604 810 3651; x_wconf 88' lang='lat' dir='ltr'><strong>tam</strong></span> <span class='ocrx_word' id='word_1_378' title='bbox 834 3596 1020 3652; x_wconf 88' lang='lat' dir='ltr'><strong>multa</strong></span> <span class='ocrx_word' id='word_1_379' title='bbox 1047 3606 1386 3674; x_wconf 84' lang='lat' dir='ltr'><strong>argutantur</strong></span> <span class='ocrx_word' id='word_1_380' title='bbox 1411 3600 1787 3657; x_wconf 82' lang='lat' dir='ltr'><strong>Grammatici</strong></span> <span class='ocrx_word' id='word_1_381' title='bbox 1804 3644 1821 3674; x_wconf 89' lang='lat'>,</span> <span class='ocrx_word' id='word_1_382' title='bbox 1878 3600 2025 3660; x_wconf 88' lang='lat' dir='ltr'><strong>illud</strong></span> <span class='ocrx_word' id='word_1_383' title='bbox 2052 3599 2128 3660; x_wconf 87' lang='lat' dir='ltr'><strong>ad</strong></span> <span class='ocrx_word' id='word_1_384' title='bbox 2157 3602 2499 3681; x_wconf 82' lang='lat' dir='ltr'><strong>dignitatem</strong></span> <span class='ocrx_word' id='word_1_385' title='bbox 2526 3607 2763 3685; x_wconf 82' lang='lat' dir='ltr'><strong>epicam</strong></span> 
     </span>
     <span class='ocr_line' id='line_1_38' title="bbox 499 3682 2764 3770; baseline 0.007 -34"><span class='ocrx_word' id='word_1_386' title='bbox 499 3688 760 3757; x_wconf 83' lang='lat' dir='ltr'><strong>spectare</strong></span> <span class='ocrx_word' id='word_1_387' title='bbox 779 3690 918 3757; x_wconf 88' lang='lat' dir='ltr'><strong>puta</strong></span> <span class='ocrx_word' id='word_1_388' title='bbox 934 3724 950 3752; x_wconf 90' lang='lat'>,</span> <span class='ocrx_word' id='word_1_389' title='bbox 993 3698 1132 3739; x_wconf 88' lang='lat' dir='ltr'><strong>cum</strong></span> <span class='ocrx_word' id='word_1_390' title='bbox 1157 3682 1348 3741; x_wconf 86' lang='lat' dir='ltr'><strong>forma</strong></span> <span class='ocrx_word' id='word_1_391' title='bbox 1371 3685 1529 3741; x_wconf 84' lang='lat' dir='ltr'><strong>vocis</strong></span> <span class='ocrx_word' id='word_1_392' title='bbox 1564 3686 1639 3743; x_wconf 85' lang='lat' dir='ltr'><strong>sit</strong></span> <span class='ocrx_word' id='word_1_393' title='bbox 1662 3686 1851 3762; x_wconf 82' lang='lat' dir='ltr'><strong>magis</strong></span> <span class='ocrx_word' id='word_1_394' title='bbox 1876 3687 2173 3746; x_wconf 87' lang='lat' dir='ltr'><strong>recondita</strong></span> <span class='ocrx_word' id='word_1_395' title='bbox 2202 3708 2278 3747; x_wconf 87' lang='lat' dir='ltr'><strong>ex</strong></span> <span class='ocrx_word' id='word_1_396' title='bbox 2304 3690 2539 3748; x_wconf 81' lang='lat' dir='ltr'><strong>Graecis</strong></span> <span class='ocrx_word' id='word_1_397' title='bbox 2565 3694 2764 3770; x_wconf 81' lang='lat' dir='ltr'><strong>poetis</strong></span> 
     </span>
     <span class='ocr_line' id='line_1_39' title="bbox 503 3764 2863 3859; baseline 0.008 -39"><span class='ocrx_word' id='word_1_398' title='bbox 503 3773 563 3820; x_wconf 87' lang='lat' dir='ltr'><strong>et</strong></span> <span class='ocrx_word' id='word_1_399' title='bbox 601 3764 971 3843; x_wconf 79' lang='lat' dir='ltr'><strong>scriptoribus</strong></span> <span class='ocrx_word' id='word_1_400' title='bbox 1017 3767 1320 3844; x_wconf 71' lang='lat' dir='ltr'><strong>uanslata,</strong></span> <span class='ocrx_word' id='word_1_401' title='bbox 1361 3768 1573 3849; x_wconf 80' lang='lat' dir='ltr'><strong>quibus</strong></span> <span class='ocrx_word' id='word_1_402' title='bbox 1604 3764 1880 3852; x_wconf 75' lang='grc' dir='ltr'><strong><em>Θύμβρις</em></strong></span> <span class='ocrx_word' id='word_1_403' title='bbox 1921 3783 1981 3831; x_wconf 87' lang='lat' dir='ltr'><strong>et</strong></span> <span class='ocrx_word' id='word_1_404' title='bbox 2008 3766 2241 3857; x_wconf 73' lang='grc' dir='ltr'><strong><em>Θύβρις</em></strong></span> <span class='ocrx_word' id='word_1_405' title='bbox 2268 3784 2383 3849; x_wconf 73' lang='lat' dir='ltr'><strong>est,</strong></span> <span class='ocrx_word' id='word_1_406' title='bbox 2442 3794 2589 3835; x_wconf 82' lang='lat' dir='ltr'><strong>sono</strong></span> <span class='ocrx_word' id='word_1_407' title='bbox 2615 3780 2765 3859; x_wconf 80' lang='lat' dir='ltr'><strong>ipsis</strong></span> <span class='ocrx_word' id='word_1_408' title='bbox 2855 3790 2863 3799; x_wconf 83' lang='grc'><strong><em>’</em></strong></span> 
     </span>
     <span class='ocr_line' id='line_1_40' title="bbox 503 3850 1096 3931; baseline 0.005 -25"><span class='ocrx_word' id='word_1_409' title='bbox 503 3850 686 3926; x_wconf 79' lang='lat' dir='ltr'><strong>magis</strong></span> <span class='ocrx_word' id='word_1_410' title='bbox 711 3850 1096 3931; x_wconf 82' lang='lat' dir='ltr'><strong>frequentato.</strong></span> 
     </span>
    </p>
   </div>
   <div class='ocr_carea' id='block_1_3' title="bbox 1415 4116 1819 4126">
    <p class='ocr_par' dir='ltr' id='par_1_6' title="bbox 1415 4116 1819 4126">
     <span class='ocr_line' id='line_1_41' title="bbox 1415 4116 1819 4126; baseline 0.007 -3"><span class='ocrx_word' id='word_1_411' title='bbox 1415 4116 1639 4125; x_wconf 42' lang='grc' dir='ltr'><strong>ψ’...</strong></span> <span class='ocrx_word' id='word_1_412' title='bbox 1657 4119 1692 4125; x_wconf 47' lang='grc' dir='ltr'><strong>,η-</strong></span> <span class='ocrx_word' id='word_1_413' title='bbox 1716 4119 1819 4126; x_wconf 79' lang='lat'><strong>-——</strong></span> 
     </span>
    </p>
   </div>
   <div class='ocr_carea' id='block_1_4' title="bbox 2961 2535 2969 3045">
    <p class='ocr_par' dir='ltr' id='par_1_7' title="bbox 2961 2535 2969 3045">
     <span class='ocr_line' id='line_1_42' title="bbox 2961 2535 2969 3045; baseline 0 0"><span class='ocrx_word' id='word_1_414' title='bbox 2961 2535 2969 3045; x_wconf 95' lang='lat' dir='ltr'><strong> </strong></span> 
     </span>
    </p>
   </div>
  </div>
 </body>
</html>
