3009 5050
451 420 604 491 222
933 408 1018 482 P.
1067 404 1601 483 VIRGILII
1650 401 2216 481 MARONIS

449 600 618 673 Nec
648 615 818 668 non
849 602 930 667 et
955 589 1152 667 sacri
1185 605 1579 669 monstrat
1608 614 1897 667 nemus
1926 588 2277 687 Argileti,
2554 596 2708 670 345

453 703 982 795 Testaturque
1039 694 1349 794 locum,
1405 709 1488 773 et
1544 694 1798 771 letum
1847 693 2085 769 docet
2124 693 2459 793 hospitis
2502 695 2709 792 Argi.

449 800 656 877 Hinc
693 797 791 875 ad
813 799 1248 899 *Tarpeiam
1281 797 1565 875 sedem
1602 812 1681 875 et
1723 794 2107 898 Capitolia
2137 795 2377 889 ducit,

452 910 708 981 Aurea
735 926 986 991 nunc,
1043 901 1238 979 olim
1271 901 1757 980 silvestribus
1790 896 2131 976 horrida'
2151 899 2433 979 dumis.

449 1009 622 1082 Iam
648 1017 822 1081 tum
865 1005 1146 1103 religio
1175 1007 1505 1107 pavidos
1538 1004 1890 1083 terrebat
1920 1005 2244 1101 agrestis

449 1109 638 1187 Dira
725 1108 881 1185 loci
916 1144 938 1202 ς
1013 1110 1194 1185 iam
1278 1123 1453 1187 tum
1533 1109 1810 1185 silvam
1894 1132 2327 1210 saxumque
2402 1119 2706 1183 treme-

1612 1211 1826 1287 bant.
2550 1218 2703 1287 350

452 1318 628 1391 Hoc
653 1340 976 1412 nemuS‚
1006 1316 1258 1410 hunc,
1291 1315 1585 1416 inquit,
1634 1312 2026 1389 frondoso
2061 1314 2355 1390 vertice
2388 1310 2705 1407 collem,

457 1420 652 1515 Quis
712 1418 945 1517 deuS,
1010 1420 1407 1495 incertum
1460 1430 1616 1515 est,
1686 1416 1987 1493 habitat
2052 1416 2287 1511 deus;
2360 1413 2705 1492 Arcades

1615 1522 1881 1622 ipsum

457 1622 820 1701 Credunt
859 1649 945 1700 se
981 1622 1265 1701 vidisse
1308 1626 1622 1722 Iovem,
1678 1649 1931 1725 quum
1978 1647 2215 1724 saepe
2256 1622 2705 1721 nigrantem

455 1724 754 1825 Aegida
789 1740 1253 1804 concuteret
1279 1725 1581 1825 dextra,
1635 1727 2120 1831 nimbosque
2154 1727 2415 1803 cieret.

561 1872 733 1943 354.
789 1888 1342 1965 concurnunr,
1393 1886 1713 1941 DEXTRA
1749 1890 1820 1945 N.

558 2050 661 2107 345
694 2066 1004 2107 monstram
1037 2055 1199 2109 Goth.
1236 2074 1316 2125 pr.
1399 2054 1504 2111 346
1538 2070 1597 2108 ee
1615 2069 1841 2111 mortem
1868 2057 2025 2108 docet
2059 2054 2262 2123 aliquot
2283 2053 2421 2106 Pier.
2504 2048 2607 2107 347
2630 2050 2707 2103 ad

454 2123 608 2175 abest
643 2140 722 2191 pr.
759 2124 944 2178 Hnmb.
1015 2137 1070 2177 eo
1115 2126 1267 2179 abest
1317 2127 1478 2179 Goth.
1529 2136 1657 2180 tert.
1758 2125 1861 2179 349
1908 2127 2019 2177 iam
2066 2136 2200 2176 tunc
2243 2122 2484 2176 Dorvill..
2546 2121 2705 2173 etiam

454 2210 532 2245 vs.
566 2210 709 2259 sequ.

813 2193 918 2247 350
949 2196 1059 2246 iam
1093 2197 1203 2247 iam
1235 2196 1439 2266 aliquot
1472 2196 1609 2248 Pier.
1680 2194 1853 2247 silvae
1884 2197 2037 2246 Rom.
2108 2194 2309 2245 saltum
2347 2210 2415 2243 ue
2448 2190 2704 2243 Montaib·

454 2260 716 2314 tenebant
757 2262 948 2314 Medic.
997 2282 1028 2316 a
1073 2282 1142 2317 m.
1191 2282 1272 2333 pr.
1320 2266 1492 2333 Bigot.
1552 2266 1659 2331 (est
1717 2282 1779 2316 ea
1829 2263 1978 2331 prior
2023 2262 2252 2315 Medicei

2327 2262 2482 2313 ectio.
2556 2263 2640 2313 W
2628 2260 2701 2323 r.)

453 2330 555 2385 351
591 2332 694 2384 hoc
725 2332 905 2401 inquit
927 2332 980 2403 s.
1017 2353 1070 2385 v.
1107 2352 1300 2386 saxum
1335 2335 1470 2389 Gud.
1506 2351 1605 2403 pro
1644 2333 1749 2386 div·
1786 2334 1910 2385 lect.
1970 2328 2223 2402 formoso
2280 2348 2384 2383 sec.
2420 2329 2703 2397 Hamburg.

453 2399 655 2454 Probus
693 2402 714 2451 1
751 2403 920 2455 instit.
959 2421 1013 2470 p.
1051 2403 1184 2457 1895
1221 2406 1324 2456 hoc
1355 2422 1563 2468 nemu-5,
1599 2405 1772 2467 hunc,
1804 2403 2000 2472 inquit,
2026 2398 2264 2471 sontem.¹
2366 2400 2473 2456 353
2503 2399 2707 2453 vidisse

455 2469 614 2521 deum
663 2469 866 2540 aliquot
905 2472 1024 2523 edd.

1181 2472 1284 2528 354
1328 2484 1543 2528 crearet
1590 2472 1793 2542 Hagen.
1878 2489 2044 2545 saepe
2088 2472 2261 2524 alieno
2308 2470 2431 2523 loco
2476 2468 2705 2541 positum

453 2538 778 2592 meminimus
830 2551 886 2592 et
931 2542 1057 2594 alibi
1106 2561 1412 2596 occurrere:
1468 2552 1529 2596 ut
1575 2543 1751 2595 statim
1800 2544 1899 2596 Ge.
1932 2544 1971 2606 Ι,
2008 2541 2113 2596 354
2145 2543 2276 2614 quid
2312 2559 2475 2611 saepe
2509 2543 2703 2594 viden-

455 2619 543 2660 tes
573 2637 642 2648 --
679 2621 733 2662 et
766 2611 909 2664 alibi.
979 2613 1178 2666 Mutuvi
1211 2612 1716 2683 interpunctionem,
1776 2630 1929 2682 quam
1962 2611 2126 2664 miror
2160 2611 2353 2664 nemini
2386 2627 2585 2662 moram
2616 2609 2705 2658 se—

455 2676 610 2732 cisse.
677 2680 876 2749 Vulgo:
911 2699 1031 2734 cum
1063 2701 1229 2753 saepe
1261 2684 1579 2754 nigrantem
1610 2684 1831 2766 ,Aegida
1864 2693 2179 2735 concuteret
2214 2681 2429 2742 dextra,
2464 2677 2706 2732 nimbos-—

456 2765 562 2818 que
593 2749 776 2802 cieret.
847 2751 975 2816 Quis
1011 2769 1206 2820 quaeso
1243 2752 1484 2820 clipeum,
1520 2751 1567 2804 si
1604 2769 1747 2820 aegis
1782 2769 1883 2822 pro
1918 2751 2093 2820 clipeo
2129 2759 2227 2814 est,
2263 2751 2462 2801 dextra
2496 2743 2704 2800 vibret?

455 2816 668 2870 Scilicet
699 2817 960 2888 iungenda
995 2832 1148 2874 sunt:
1183 2841 1304 2874 cum
1329 2823 1547 2894 Aegida
1577 2833 1910 2889 concuteret,
1943 2821 2141 2873 dextra
2176 2818 2489 2889 nimbosque
2522 2819 2703 2869 cieret·

455 2969 666 3054 λύκος,
720 2979 904 3057 lupus
918 3023 946 3052 ,
991 2979 1175 3040 dictus
1203 2981 1309 3038 sit:
1354 2998 1531 3058 prava

453 3065 874 3124 nonnullorum
927 3067 1281 3147 etymologia
1307 3083 1332 3136 ς·
1395 3083 1533 3122 cum

454 3152 646 3208 verius
672 3151 746 3209 ab
774 3153 920 3210 urbe
947 3162 1006 3208 et
1029 3161 1230 3209 monte
1249 3148 1533 3206 Arcadiae

453 3237 686 3316 Lycaeo
731 3235 975 3296 ductum
1018 3237 1092 3294 sit
1133 3253 1374 3294 nomen.
1459 3232 1535 3290 de

454 3341 616 3379 more
658 3323 994 3380 Parrhasio
1010 3362 1036 3390 ,
1092 3319 1154 3378 h.
1213 3315 1533 3392 Arcadi003

453 3405 532 3466 ad
573 3410 910 3488 exemplum
951 3407 1126 3464 Panis
1162 3405 1378 3484 Lycaei
1417 3423 1537 3462 no-

452 3495 614 3550 mine
643 3493 715 3550 ab
742 3490 1062 3550 Arcadibus
1093 3489 1288 3548 ducto.

537 3575 684 3640 345.
715 3575 860 3640 346.
891 3594 1100 3632 nemus
1127 3573 1402 3654 Argileti
1425 3575 1535 3634 sub

369 3693 380 3703 ·
454 3662 736 3739 Capitolio
757 3703 774 3734 ,
817 3671 883 3718 ut
911 3659 1126 3718 docent
1169 3661 1430 3720 Donatus
1475 3670 1535 3720 et

453 3744 550 3803 alii
577 3755 838 3804 auctores
867 3744 941 3805 de
983 3744 1127 3804 urbe
1170 3749 1378 3806 Roma.
1447 3757 1534 3802 te-

449 3837 646 3886 statur
669 3831 862 3911 simpl.
887 3849 996 3912 pro
1023 3843 1325 3890 monstrat.
1391 3831 1535 3908 (Vix

449 3911 833 3991 crediderhn3
875 3937 1082 3976 verum
1129 3917 1337 3976 vidisse
1390 3920 1537 3978 Ser-

449 4000 614 4057 vium
627 4045 646 4074 ,
695 4013 754 4060 et
793 4001 908 4064 hoc
937 4002 1128 4062 dicere
1154 4016 1392 4084 poetam
1419 4025 1537 4084 pu·-

443 4095 545 4145 to:
585 4099 870 4148 monstrat
909 4091 1138 4165 locum,
1188 4110 1337 4172 quo,
1379 4101 1537 4148 tam-

451 4191 632 4255 quam
701 4171 779 4234 ad
845 4177 1240 4234 testimonium
1308 4187 1533 4250 vocato,

336 4265 347 4273 '
450 4261 674 4323 crimen
701 4261 841 4320 laesi
868 4263 1005 4320 iuris
1045 4259 1338 4341 hospitalis
1369 4282 1406 4319 a
1426 4281 1536 4320 sua

451 4345 630 4406 domo
657 4358 974 4407 removeat.
1019 4347 1199 4427 Wr.)
1282 4347 1536 4426 hospitis

449 4433 620 4512 Argi
633 4456 661 4508 ;
719 4433 1014 4514 adoptavit
1058 4445 1232 4514 poeta
1275 4445 1535 4493 veterem

1615 2980 1875 3037 fabulam
1940 2975 2014 3034 de
2069 2977 2229 3053 Argo
2287 2973 2537 3052 hospitio
2630 2975 2704 3032 ab

1614 3063 1891 3122 Euandro
1934 3071 2177 3141 excepto
2233 3069 2325 3134 et,
2386 3077 2457 3116 eo
2500 3060 2703 3134 inscio,

1616 3149 1689 3206 ab
1748 3143 2071 3205 Arcadibus
2134 3163 2321 3203 caeso.
2406 3145 2549 3216 Quis
2600 3145 2703 3204 ille

1614 3233 1816 3307 fuerit,
1844 3233 2003 3290 varin
2032 3239 2155 3289 erat
2178 3229 2356 3290 fama.
2384 3230 2505 3290 vid.
2534 3231 2702 3290 Serv.

1704 3314 2085 3381 347—354.
2126 3318 2317 3377 Locus
2366 3314 2701 3398 splendidus

1619 3401 1693 3462 de
1736 3403 2023 3484 Capitolio
2040 3447 2057 3476 ‚
2100 3403 2165 3460 in
2209 3422 2328 3485 quo
2372 3400 2442 3466 τὸ
2478 3396 2697 3481 stivav-

1614 3491 1903 3562 τασιῶδες
1930 3491 1995 3546 in
2022 3489 2199 3568 signis
2246 3490 2477 3548 futurae
2514 3491 2702 3546 maie-

1616 3576 1775 3634 statis
1800 3577 1917 3635 loci
1953 3577 2018 3632 in
2056 3587 2295 3654 promtu
2338 3587 2425 3636 est
2471 3576 2699 3634 sentire.

1619 3658 1765 3724 348.
1806 3659 2025 3720 Aurea
2080 3682 2286 3733 nunc,
2342 3661 2509 3720 olim.
2602 3659 2701 3718 Si-

1617 3747 1772 3804 milis
1828 3750 2183 3827 comparatio
2254 3758 2589 3827 temporum
2644 3753 2701 3802 et

1618 3830 1963 3892 conditionis
2018 3835 2082 3890 in
2140 3834 2422 3912 Capitolio
2476 3831 2700 3910 saepius

1620 3923 1885 3980 occurrit.
1916 3941 1974 3978 v.
2002 3920 2133 3978 loca
2160 3939 2255 3997 ap.
2286 3917 2565 3992 Gerdmnr,
2606 3918 2700 3974 in-

1618 4006 1819 4083 primis
1846 4008 2113 4084 Propert.
2142 4005 2241 4077 IV,
2290 4009 2321 4067 1
2376 4015 2433 4062 et
2478 4002 2699 4061 Tibull.

1616 4091 1693 4164 11,
1731 4091 1789 4166 5,
1819 4095 1901 4158 23
1930 4111 2059 4171 sqq.
2100 4103 2239 4148 tum·
2258 4098 2317 4146 et
2341 4091 2405 4148 in
2435 4090 2557 4146 aliis
2584 4088 2703 4145 Ur·-

1620 4177 1705 4234 bis
1746 4178 2038 4258 partibus,
2092 4186 2161 4233 ut
2210 4175 2319 4232 inf.
2360 4179 2507 4238 360.
2552 4177 2699 4238 361.

1616 4281 1809 4320 aurea
1830 4263 2165 4342 simpliciter
2194 4279 2315 4320 esse
2343 4261 2531 4318 multo
2560 4277 2699 4318 auro

1619 4358 1821 4406 ornata
1835 4393 1851 4422 ,
1890 4365 2068 4404 nemo
2114 4345 2359 4406 dubitet.
2442 4346 2562 4405 sio·
2583 4363 2700 4402 aw-

1616 4453 1723 4492 rea
1748 4433 1973 4490 Roma.
2066 4431 2213 4521 859.
2256 4428 2397 4490 dira
2410 4474 2437 4504 ,
2464 4447 2697 4509 magua,
