3009 5050
520 443 669 514 618
988 397 1078 510 'n
1132 430 1664 510 v1RG1L11
1725 429 2280 510 MARONIS
2393 383 2398 388 ’

520 623 801 698 Cetera
828 643 983 719 qua
1012 643 1285 695 rerum
1315 590 1618 704 iaceant
1647 615 2006 717 perculsa
2033 618 2282 714 ruina3
2543 647 2560 656 ·
2613 629 2760 696 310

515 729 721 802 Ante
754 721 1027 798 o'culos
1066 723 1434 822 interque
1465 746 1749 796 manus
1771 733 1957 797 sunt
1985 721 2254 795 omnia
2295 733 2608 796 vestras,

514 833 680 906 Nec
712 851 1204 928 quemquam
1234 829 1531 904 incuso,
1611 825 1882 900 Potuit
1909 849 2114 924 quae
2143 823 2484 922 plurima
2515 824 2758 900 virtus

512 933 743 1027 Esse,
792 928 963 1007 fuit.
1070 935 1281 1005 Toto
1312 941 1697 1005 certatum
1727 942 1847 1005 est
1879 951 2218 1028 corpore
2246 929 2489 1026 regni.

512 1031 1016 1131 Nunc.ade0‚
1074 1057 1279 1133 quae
1320 1033 1418 1106 sit
1449 1032 1738 1108 dubiae
1777 1033 2163 1107 sententia
2193 1033 2468 1128 menti,

511 1135 986 1238 Expediam‚
1042 1151 1122 1212 ct
1151 1136 1420 1237 paucis
1450 1137 1793 1234 (animos
1825 1133 2234 1233 adhibete)
2253 1133 2751 1214 docebo.315

511 1243 651 1316 Est
687 1242 1055 1341 antiquus
1084 1263 1269 1340 ager
1297 1244 1559 1318 Tusco
1589 1239 1784 1314 mihi
1814 1240 2222 1339 proximus
2261 1240 2498 1335 amni,

510 1465 643 1530 tuit,
674 1465 837 1535 idque
870 1473 1159 1533 sequuntur
1202 1473 1331 1516 vett.
1380 1463 1502 1516 edd.
1573 1465 1730 1528 Quod
1773 1465 1948 1518 facere
1991 1471 2229 1529 praestat
2263 1463 2419 1516 etiam
2453 1472 2753 1533 propterea,

510 1546 572 1587 nt
605 1536 766 1588 breve
813 1544 1019 1601 tempus
1071 1543 1282 1587 constet
1324 1534 1536 1587 ultimae
1584 1534 1640 1586 in
1665 1537 1884 1608 ponite:
1945 1535 2205 1586 disiuncta
2241 1551 2400 1598 voce,
2445 1534 2532 1586 cui
2563 1533 2754 1600 duplex

512 1622 741 1657 consona
774 1603 979 1655 initium
1023 1603 1175 1665 facit;
1222 1603 1641 1672 quandoquidem
1693 1605 1796 1655 hoc
1845 1604 2049 1656 unicum
2101 1613 2182 1654 est
2229 1603 2520 1670 exemplum
2570 1603 2751 1654 cimilia

508 1675 714 1744 poeitus
755 1673 1031 1725 verborum
1068 1684 1120 1724 et
1152 1673 1388 1740 syllabae
1422 1673 1596 1726 brevis
1643 1683 1768 1727 ante
1803 1673 2062 1742 duplicem
2098 1689 2378 1724 consonam
2413 1673 2564 1724 huius
2599 1682 2751 1724 natu-

510 1761 617 1796 rae.
688 1743 960 1807 Horas-im
994 1743 1161 1794 minna
1197 1753 1393 1794 cantum
1428 1755 1481 1794 et
1515 1743 1820 1810 religionum
1859 1760 1973 1794 esse
2007 1743 2061 1792 in
2099 1741 2453 1794 collocatione
2495 1743 2596 1794 hac
2632 1759 2751 1792 ver-

508 1813 694 1870 borum
728 1809 974 1874 vitanda,
1008 1811 1109 1862 iam
1144 1813 1211 1863 ab
1248 1811 1366 1863 aliis
1402 1823 1485 1862 est
1519 1813 1869 1864 observatum.
1921 1811 2154 1864 Occurrit
2189 1812 2328 1878 apud
2363 1811 2539 1862 illum:
2577 1812 2751 1863 olente

508 1883 567 1933 in
600 1881 816 1948 fornice
852 1893 1087 1932 stantem
1121 1882 1143 1930 1
1176 1885 1337 1932 Serm.
1375 1883 1425 1941 2,
1459 1881 1547 1934 30.
1593 1881 1938 1950 velatumque
1971 1882 2118 1934 stola
2151 1899 2198 1933 ν.
2234 1883 2318 1935 71.
2367 1885 2545 1950 Saepe
2570 1881 2750 1931 stilum

508 1963 697 2002 verm
737 1951 775 2014 1,
820 1952 903 2012 10,
936 1949 1019 2002 72.
1091 1955 1227 2000 Ante
1258 1964 1323 2002 σκ
1350 1967 1447 2000 nec
1485 1953 1740 2000 Homerus
1775 1951 1988 2001 brevem
2025 1967 2236 2002 servare
2272 1950 2557 2012 dubitavit,
2611 1959 2668 2000 nt
2695 1945 2749 2002 ἐν

507 2019 732 2086 λειμῶνι
779 2015 1171 2089 Σκαμανδρίῳ.
1230 2017 1277 2070 ei
1325 2020 1484 2068 modo
1533 2033 1568 2070 σ
1602 2020 2021 2086 pronuntiatum.
2069 2037 2167 2072 nec
2214 2019 2404 2072 lectum
2439 2019 2570 2082 fuit,
2621 2029 2679 2069 ut
2719 2037 2749 2069 a

504 2088 681 2140 multis
716 2086 1063 2158 Καμανδρίῳ
1099 2087 1311 2155 legitur.
1363 2088 1488 2155 (Sed
1523 2087 1628 2139 vid.
1667 2088 1947 2142 Her-manni
1979 2089 2142 2141 Elem.
2177 2091 2354 2142 Doctr.
2387 2091 2542 2141 Metr.
2579 2107 2634 2158 p.
2668 2089 2749 2142 46.

504 2175 583 2226 eq.
642 2159 784 2223 lVr.)
858 2155 1122 2208 Dawesins
1156 2157 1305 2210 Misc.
1348 2157 1465 2209 crit.
1500 2175 1554 2226 p.
1588 2155 1625 2210 4
1656 2157 1980 2210 immutatum
2029 2159 2270 2211 volebat:
2321 2161 2547 2210 Ponite:
2601 2160 2750 2240 quis-

541 2245 609 2278 ue
643 2224 749 2278 sibi
779 2245 921 2294 spes.
991 2225 1132 2277 Alias
1168 2228 1395 2294 argutias
1433 2227 1769 2278 Metricorum
1803 2226 1930 2280 nolo
1967 2239 2242 2298 repetere:
2287 2227 2492 2288 videat,
2529 2245 2618 2296 qm
2652 2245 2750 2279 vo-

526 2307 597 2359 et,
626 2294 846 2347 Dorvill.
881 2293 950 2346 ad
983 2295 1251 2348 Chariton.
1288 2315 1340 2364 p.
1378 2295 1494 2350 184.
1543 2297 1731 2349 Melius
1769 2298 2008 2364 Bur-gest.
2044 2299 2112 2350 ad
2148 2301 2347 2350 Dawes.
2385 2317 2438 2366 p.
2475 2299 2510 2350 6
2544 2297 2748 2348 div-inn-

502 2365 604 2426 νὴ,
643 2365 778 2417 male
814 2364 1110 2433 suppletum
1146 2383 1261 2417 esse
1309 2383 1539 2431 versum,
1593 2384 1704 2418 cum
1741 2372 1902 2432 poeta
1931 2377 2132 2420 tantum
2169 2367 2503 2435 apposuisset
2537 2369 2747 2419 Ponite.

500 2435 567 2487 Et
601 2435 703 2488 hoc
735 2435 1076 2487 verissimum.
1126 2437 1223 2502 (Ut
1256 2435 1431 2487 hiatus
1466 2441 1595 2487 Aen.
1625 2437 1664 2497 l,
1699 2435 1848 2489 405.:
1885 2438 1983 2498 „Et
2015 2455 2140 2490 vera
2165 2438 2374 2488 incessu
2405 2437 2576 2503 patuit
2610 2438 2748 2490 dea.

500 2503 640 2557 Ille
676 2505 767 2559 ubi
801 2507 1065 2557 matrem“
1101 2517 1219 2569 cet„
1268 2505 1342 2557 ita
1377 2505 1507 2561 haec
1554 2507 1825 2575 correptio
1878 2505 2120 2559 idoneam
2166 2507 2325 2561 habet
2373 2505 2747 2558 excusationem

500 2575 569 2627 ab
602 2575 1042 2644 interpunctione.
1100 2573 1237 2629 -Vid.
1271 2576 1554 2627 Hermann.
1587 2576 1750 2627 Elem.
1787 2577 1969 2643 Doctr.
2006 2578 2155 2629 Metr.
2192 2596 2242 2646 p.
2277 2576 2362 2630 63.
2433 2578 2609 2641 Quare
2645 2594 2746 2629 non

502 2654 612 2708 eet,
678 2646 820 2713 quod
872 2644 1126 2711 reliquam
1180 2662 1355 2697 verens
1400 2654 1606 2711 partem
1655 2646 1932 2697 rescissem
1982 2645 2162 2709 malis,
2211 2646 2474 2698 defensam
2525 2646 2682 2696 etiam
2715 2664 2746 2697 a

497 2714 831 2783 Rubkopfio,
887 2712 1067 2766 Iahnio
1106 2722 1161 2764 et
1206 2734 1236 2767 a
1279 2714 1591 2768 Weicherto
1635 2720 1720 2766 De
1759 2718 1943 2783 Verse-
1995 2717 2162 2767 iniat.
2195 2734 2344 2785 cusp.
2384 2734 2438 2783 p.
2474 2716 2560 2769 79.
2601 2716 2745 2781 Wr.)

498 2783 604 2837 310
639 2786 830 2837 Cetera
863 2802 1004 2854 quae
1036 2781 1202 2836 codex
1246 2802 1332 2851 ap.
1366 2784 1501 2836 Pier.
1565 2802 1836 2855 percussu
1867 2784 2068 2851 aliquot
2099 2786 2236 2839 Pier.
2274 2795 2326 2836 et
2359 2784 2646 2849 Heinsiani‚
2697 2796 2747 2836 et
2818 2830 2827 2838 .

498 2853 663 2905 Goth.
700 2864 822 2907 tert.
957 2854 1058 2907 311
1098 2872 1293 2905 manue
1325 2866 1551 2907 nostrae
1583 2854 1765 2907 Franc-

498 2921 605 2979 314
636 2926 782 2977 Hinc
818 2922 955 2975 adeo
994 2940 1097 2974 sec.
1130 2920 1377 2974 Rottend.
1446 2920 1645 2974 dubiae
1677 2941 1816 2993 quae
1853 2926 1928 2975 eit
1959 2922 2180 2977 Dorvill.

1167 2992 1271 3047 316
1305 2990 1439 3043 mihi
1468 2991 1553 3045 vel
1587 2994 1684 3061 qai
1711 2990 1913 3065 zulich.

2337 2923 2437 2979 315
2482 2936 2540 2977 et
2572 2924 2744 2975 multis

497 2992 651 3047 abest
685 2992 827 3064 apud
864 2994 1031 3043 Burm.

496 3188 709 3247 habere
735 3209 969 3247 necesse
998 3198 1119 3249 est:
1162 3206 1285 3246 non
1326 3187 1579 3244 alienam
1659 3206 1798 3263 opes
1817 3228 1838 3256 ,
1865 3186 2100 3245 intacta
2121 3185 2399 3245 iuventus
2415 3228 2440 3257 ,
2481 3186 2736 3244 auxilia.
2817 3251 2832 3263 ·

497 3293 674 3353 opem
714 3285 1038 3353 expectare.
1144 3274 1343 3352 Pergit
1403 3269 1576 3330 inde:
1661 3274 1806 3337 312.
1863 3292 2020 3350 quae
2067 3270 2346 3350 plurima
2407 3272 2467 3330 11.
2528 3284 2744 3353 quanta

495 3358 615 3419 Sed
646 3358 789 3417 haec
818 3362 943 3439 ipsa
968 3380 1129 3438 spes,
1176 3378 1357 3440 quam
1382 3359 1443 3416 iu
1472 3378 1577 3417 sua
1659 3360 1938 3416 maxima.
1979 3352 2096 3457 gon
2124 3360 2388 3435 πλείστη.
2447 3362 2594 3422 313.
2613 3380 2743 3415 cor-

1879 2852 1983 2907 313
2018 2872 2248 2924 reg-num
2282 2854 2376 2907 Ed.
2411 2854 2548 2907 Ven.
2578 2855 2746 2905 Bur-m.
2815 2856 2828 2871 ‘

494 3448 739 3527 quisque
767 3446 977 3503 virtute
992 3448 1161 3503 sitam
1176 3444 1367 3519 habet,
1398 3464 1577 3525 quam

492 3534 565 3590 ait
610 3531 820 3609 exigua
864 3529 1089 3590 videtis.
1175 3533 1328 3587 Nam
1355 3532 1578 3611 reliqua

493 3618 722 3691 omnia,
768 3636 948 3697 quam
991 3616 1203 3673 afflicta
1244 3618 1359 3674 sint
1376 3660 1394 3691 ,
1440 3627 1574 3674 aute

492 3703 691 3760 oculos
722 3714 780 3760 et
805 3704 956 3761 inter
983 3722 1190 3760 manus
1220 3712 1431 3761 vestras
1450 3712 1571 3759 est:

488 3786 552 3846 h.
568 3790 747 3847 oculis
762 3790 1145 3869 manibusque
1160 3790 1391 3857 tenetis,
1418 3799 1574 3846 tam-

491 3892 671 3953 quam
739 3873 901 3956 quod
990 3876 1371 3933 certissimum
1454 3885 1569 3932 est:

488 3960 743 4033 Graece,
819 3952 1129 4039 πρόχειρόν
1202 3958 1340 4022 ἔστι.
1460 3960 1572 4017 Ce-

490 4056 619 4103 tera
633 4068 659 4118 ,·
702 4046 853 4103 bene
883 4046 1146 4103 Servius:
1190 4046 1449 4103 absolute
1478 4044 1572 4102 di-

488 4134 577 4191 xit
594 4176 612 4207 ,
667 4129 730 4189 id
771 4142 856 4189 est
872 4149 892 4189 ε
938 4132 1257 4188 exercitum
1274 4176 1289 4204 ,
1336 4132 1569 4205 auxilia,

489 4222 639 4279 vires
672 4218 920 4297 imperii.
992 4216 1225 4275 Scilicet
1254 4218 1445 4295 copias
1473 4218 1571 4273 in·-

486 4306 695 4383 telligit
720 4302 795 4363 ad
833 4304 1053 4362 bellum
1094 4300 1419 4380 gerendum
1459 4322 1571 4359 ne-

486 4392 776 4450 cessarias.
862 4390 977 4447 Pro
1022 4389 1407 4468 explicatione
1435 4398 1571 4446 sunt

378 4546 392 4557 .
486 4477 593 4535 inf.
633 4498 745 4537 vss.
774 4474 920 4540 419.
951 4474 1077 4541 420
1119 4476 1309 4533 Turni
1350 4473 1565 4533 verba:

1649 3464 1801 3521 pore
1847 3464 2053 3523 regne,
2113 3464 2219 3523 pro
2249 3445 2496 3517 viribuS‚
2541 3447 2741 3523 copiis.

1659 3530 1772 3587 lnf.
1802 3532 1934 3604 XII,
1979 3529 2102 3594 885
2157 3530 2464 3587 commixti
2501 3550 2743 3607 corpore

1662 3625 1829 3673 tanto
1853 3614 2180 3673 Subsident
2205 3617 2434 3673 Teucri.
2467 3612 2570 3691 (—-
2591 3612 2739 3678 314.

1661 3705 1847 3761 szc
1890 3701 2070 3776 adeo,
2131 3701 2250 3761 vid.
2293 3704 2364 3773 Q.
2408 3701 2478 3760 V.
2519 3703 2738 3771 XXVI,

1657 3786 1749 3857 4.,
1792 3798 2093 3845 nostrum:
2155 3789 2310 3845 Jetzt
2351 3808 2498 3844 nun.
2569 3786 2738 3859 lVr.)

1743 3877 2134 3937 316—321.
2185 3874 2552 3932 Sententiam
2596 3892 2738 3953 poe-

1656 3968 1748 4017 tae
1777 3980 1853 4015 ex
1879 3960 2013 4039 ipsis
2043 3960 2227 4017 verbis
2257 3978 2545 4017 eruamus.
2585 3960 2739 4017 Sua-

1659 4044 1756 4105 det
1781 4048 2020 4103 Latiuus
2051 4043 2179 4103 cedi
2223 4046 2494 4104 Troianis
2533 4064 2736 4123 agrum

1655 4129 1731 4188 ad
1759 4130 2050 4189 Tiberim:
2097 4150 2276 4211 quem
2316 4128 2406 4188 his
2449 4135 2602 4189 notis
2633 4130 2737 4187 de·-

1654 4218 1872 4294 signat:
1919 4228 2006 4274 eet
2047 4217 2336 4294 antiquae
2381 4236 2532 4295 ager
2561 4215 2736 4285 milri,

1653 4299 1716 4359 h.
1758 4322 1879 4359 non
1919 4312 2108 4361 nostra
2155 4301 2396 4359 demum
2453 4304 2737 4360 memoria

1657 4398 1970 4467 occupatus
2011 4398 2070 4445 et
2113 4388 2300 4445 cultus
2315 4428 2342 4456 ,
2409 4386 2632 4466 longus
2673 4389 2736 4443 in

1653 4492 1962 4546 occasum,
2017 4492 2138 4533 non
2167 4469 2324 4552 quod
2369 4474 2434 4529 in
2465 4491 2736 4533 occasum
