<?xml version="1.0" encoding="UTF-8"?>
<!DOCTYPE html PUBLIC "-//W3C//DTD XHTML 1.0 Transitional//EN"
    "http://www.w3.org/TR/xhtml1/DTD/xhtml1-transitional.dtd">
<html xmlns="http://www.w3.org/1999/xhtml" xml:lang="en" lang="en">
 <head>
  <title>
</title>
<meta http-equiv="Content-Type" content="text/html;charset=utf-8" />
  <meta name='ocr-system' content='tesseract 3.04.00' />
  <meta name='ocr-capabilities' content='ocr_page ocr_carea ocr_par ocr_line ocrx_word'/>
</head>
<body>
  <div class='ocr_page' id='page_1' title='image "./pvblivsvirgiliv00unkngoog_0490.png"; bbox 0 0 3009 5050; ppageno 0'>
   <div class='ocr_carea' id='block_1_1' title="bbox 689 470 2178 572">
    <p class='ocr_par' dir='ltr' id='par_1_1' title="bbox 689 470 2178 572">
     <span class='ocr_line' id='line_1_1' title="bbox 689 470 2178 572; baseline 0.003 -24"><span class='ocrx_word' id='word_1_1' title='bbox 689 470 1300 548; x_wconf 79' lang='lat' dir='ltr'><strong>AENElnos</strong></span> <span class='ocrx_word' id='word_1_2' title='bbox 1354 473 1564 551; x_wconf 76' lang='lat' dir='ltr'><strong>Lm.</strong></span> <span class='ocrx_word' id='word_1_3' title='bbox 1605 477 1698 572; x_wconf 82' lang='lat' dir='ltr'><strong>X,</strong></span> <span class='ocrx_word' id='word_1_4' title='bbox 1743 483 2178 555; x_wconf 77' lang='lat'>582-595</span> 
     </span>
    </p>
   </div>
   <div class='ocr_carea' id='block_1_2' title="bbox 2373 486 2518 558">
    <p class='ocr_par' dir='ltr' id='par_1_2' title="bbox 2373 486 2518 558">
     <span class='ocr_line' id='line_1_2' title="bbox 2373 486 2518 558; baseline 0.021 -4"><span class='ocrx_word' id='word_1_5' title='bbox 2373 486 2518 558; x_wconf 77' lang='lat'><strong>521</strong></span> 
     </span>
    </p>
   </div>
   <div class='ocr_carea' id='block_1_3' title="bbox 290 658 2307 862">
    <p class='ocr_par' dir='ltr' id='par_1_3' title="bbox 290 658 2307 862">
     <span class='ocr_line' id='line_1_3' title="bbox 291 658 2146 758; baseline 0.002 -25"><span class='ocrx_word' id='word_1_6' title='bbox 291 662 531 757; x_wconf 82' lang='lat' dir='ltr'><strong>Aptat</strong></span> <span class='ocrx_word' id='word_1_7' title='bbox 560 680 645 734; x_wconf 90' lang='lat' dir='ltr'><strong>se</strong></span> <span class='ocrx_word' id='word_1_8' title='bbox 670 679 1020 758; x_wconf 82' lang='lat' dir='ltr'>pugnae:</span> <span class='ocrx_word' id='word_1_9' title='bbox 1072 658 1283 734; x_wconf 82' lang='lat' dir='ltr'><strong>subit</strong></span> <span class='ocrx_word' id='word_1_10' title='bbox 1314 682 1489 735; x_wconf 82' lang='lat' dir='ltr'><strong>oras</strong></span> <span class='ocrx_word' id='word_1_11' title='bbox 1519 658 1734 735; x_wconf 82' lang='lat' dir='ltr'><strong>hasta</strong></span> <span class='ocrx_word' id='word_1_12' title='bbox 1825 684 1914 736; x_wconf 88' lang='lat' dir='ltr'><strong>er</strong></span> <span class='ocrx_word' id='word_1_13' title='bbox 1951 661 2146 736; x_wconf 84' lang='lat' dir='ltr'><strong>imas</strong></span> 
     </span>
     <span class='ocr_line' id='line_1_4' title="bbox 290 759 2307 862; baseline 0.003 -26"><span class='ocrx_word' id='word_1_14' title='bbox 290 760 693 857; x_wconf 82' lang='lat' dir='ltr'><strong>Fulgentis</strong></span> <span class='ocrx_word' id='word_1_15' title='bbox 724 759 991 861; x_wconf 88' lang='lat' dir='ltr'><strong>clipei,</strong></span> <span class='ocrx_word' id='word_1_16' title='bbox 1044 775 1219 837; x_wconf 82' lang='lat' dir='ltr'><strong>tum</strong></span> <span class='ocrx_word' id='word_1_17' title='bbox 1255 762 1564 838; x_wconf 80' lang='lat' dir='ltr'><strong>laevum</strong></span> <span class='ocrx_word' id='word_1_18' title='bbox 1590 788 1692 862; x_wconf 94' lang='lat' dir='ltr'><strong>pe</strong></span> <span class='ocrx_word' id='word_1_19' title='bbox 1773 764 2307 862; x_wconf 82' lang='lat' dir='ltr'><strong>oratinguen3</strong></span> 
     </span>
    </p>
   </div>
   <div class='ocr_carea' id='block_1_4' title="bbox 290 864 2112 946">
    <p class='ocr_par' dir='ltr' id='par_1_4' title="bbox 290 864 2112 946">
     <span class='ocr_line' id='line_1_5' title="bbox 290 864 2112 946; baseline 0.003 -6"><span class='ocrx_word' id='word_1_20' title='bbox 290 867 671 940; x_wconf 87' lang='lat' dir='ltr'><strong>Excussus</strong></span> <span class='ocrx_word' id='word_1_21' title='bbox 700 888 935 940; x_wconf 88' lang='lat' dir='ltr'><strong>curru</strong></span> <span class='ocrx_word' id='word_1_22' title='bbox 962 864 1492 942; x_wconf 90' lang='lat' dir='ltr'><strong>moribundus</strong></span> <span class='ocrx_word' id='word_1_23' title='bbox 1523 865 1868 942; x_wconf 85' lang='lat' dir='ltr'><strong>volvitur</strong></span> <span class='ocrx_word' id='word_1_24' title='bbox 1895 867 2112 946; x_wconf 84' lang='lat' dir='ltr'><strong>arvis.</strong></span> 
     </span>
    </p>
   </div>
   <div class='ocr_carea' id='block_1_5' title="bbox 2376 878 2530 952">
    <p class='ocr_par' dir='ltr' id='par_1_5' title="bbox 2376 878 2530 952">
     <span class='ocr_line' id='line_1_6' title="bbox 2376 878 2530 952; baseline 0.039 -5"><span class='ocrx_word' id='word_1_25' title='bbox 2376 878 2530 952; x_wconf 87' lang='grc'><strong>590</strong></span> 
     </span>
    </p>
   </div>
   <div class='ocr_carea' id='block_1_6' title="bbox 292 966 2442 1271">
    <p class='ocr_par' dir='ltr' id='par_1_6' title="bbox 292 966 2442 1271">
     <span class='ocr_line' id='line_1_7' title="bbox 296 966 2050 1069; baseline 0.003 -28"><span class='ocrx_word' id='word_1_26' title='bbox 296 971 559 1062; x_wconf 84' lang='lat' dir='ltr'><strong>Quem</strong></span> <span class='ocrx_word' id='word_1_27' title='bbox 592 969 767 1069; x_wconf 93' lang='lat' dir='ltr'><strong>pius</strong></span> <span class='ocrx_word' id='word_1_28' title='bbox 804 974 1107 1045; x_wconf 87' lang='lat' dir='ltr'><strong>Aeneas</strong></span> <span class='ocrx_word' id='word_1_29' title='bbox 1142 967 1365 1044; x_wconf 86' lang='lat' dir='ltr'><strong>dictis</strong></span> <span class='ocrx_word' id='word_1_30' title='bbox 1394 966 1706 1045; x_wconf 80' lang='lat' dir='ltr'>adfatur</span> <span class='ocrx_word' id='word_1_31' title='bbox 1734 970 2050 1046; x_wconf 81' lang='lat' dir='ltr'><strong>amaris=</strong></span> 
     </span>
     <span class='ocr_line' id='line_1_8' title="bbox 292 1068 2354 1174; baseline 0 -28"><span class='ocrx_word' id='word_1_32' title='bbox 292 1073 639 1167; x_wconf 84' lang='lat' dir='ltr'><strong>Lucage,</strong></span> <span class='ocrx_word' id='word_1_33' title='bbox 692 1069 907 1146; x_wconf 87' lang='lat' dir='ltr'><strong>nulla</strong></span> <span class='ocrx_word' id='word_1_34' title='bbox 937 1084 1118 1148; x_wconf 87' lang='lat' dir='ltr'><strong>tuos</strong></span> <span class='ocrx_word' id='word_1_35' title='bbox 1147 1095 1420 1148; x_wconf 90' lang='lat' dir='ltr'><strong>currus</strong></span> <span class='ocrx_word' id='word_1_36' title='bbox 1449 1068 1635 1170; x_wconf 85' lang='lat' dir='ltr'><strong>fuga</strong></span> <span class='ocrx_word' id='word_1_37' title='bbox 1660 1073 1921 1169; x_wconf 85' lang='lat' dir='ltr'><strong>segnis</strong></span> <span class='ocrx_word' id='word_1_38' title='bbox 1958 1096 2354 1174; x_wconf 89' lang='lat' dir='ltr'><strong>equorum</strong></span> 
     </span>
     <span class='ocr_line' id='line_1_9' title="bbox 294 1152 2442 1271; baseline 0.002 -23"><span class='ocrx_word' id='word_1_39' title='bbox 294 1173 659 1249; x_wconf 82' lang='lat' dir='ltr'>Prodidit</span> <span class='ocrx_word' id='word_1_40' title='bbox 680 1233 701 1269; x_wconf 86' lang='lat'><strong>‚</strong></span> <span class='ocrx_word' id='word_1_41' title='bbox 758 1187 891 1250; x_wconf 86' lang='lat' dir='ltr'><strong>aut</strong></span> <span class='ocrx_word' id='word_1_42' title='bbox 924 1199 1167 1252; x_wconf 81' lang='lat' dir='ltr'><strong>vanae</strong></span> <span class='ocrx_word' id='word_1_43' title='bbox 1195 1189 1505 1252; x_wconf 86' lang='lat' dir='ltr'><strong>vertere</strong></span> <span class='ocrx_word' id='word_1_44' title='bbox 1541 1201 1632 1250; x_wconf 85' lang='lat' dir='ltr'><strong>ex</strong></span> <span class='ocrx_word' id='word_1_45' title='bbox 1673 1152 2038 1250; x_wconf 74' lang='lat' dir='ltr'><strong>hostibus</strong></span> <span class='ocrx_word' id='word_1_46' title='bbox 2069 1175 2442 1271; x_wconf 82' lang='lat' dir='ltr'><strong>umbrae3</strong></span> 
     </span>
    </p>
   </div>
   <div class='ocr_carea' id='block_1_7' title="bbox 293 1276 2125 1480">
    <p class='ocr_par' dir='ltr' id='par_1_7' title="bbox 293 1276 2125 1480">
     <span class='ocr_line' id='line_1_10' title="bbox 294 1276 1582 1376; baseline 0.003 -24"><span class='ocrx_word' id='word_1_47' title='bbox 294 1279 477 1375; x_wconf 86' lang='lat' dir='ltr'><strong>Ipse</strong></span> <span class='ocrx_word' id='word_1_48' title='bbox 507 1278 702 1352; x_wconf 81' lang='lat' dir='ltr'><strong>rotis</strong></span> <span class='ocrx_word' id='word_1_49' title='bbox 734 1276 1015 1353; x_wconf 85' lang='lat' dir='ltr'><strong>saliens</strong></span> <span class='ocrx_word' id='word_1_50' title='bbox 1059 1280 1237 1376; x_wconf 85' lang='lat' dir='ltr'><strong>iuga</strong></span> <span class='ocrx_word' id='word_1_51' title='bbox 1265 1279 1582 1356; x_wconf 75' lang='lat' dir='ltr'><strong>deseris,</strong></span> 
     </span>
     <span class='ocr_line' id='line_1_11' title="bbox 293 1377 2125 1480; baseline 0 -24"><span class='ocrx_word' id='word_1_52' title='bbox 293 1377 663 1480; x_wconf 86' lang='lat' dir='ltr'><strong>Adripuit</strong></span> <span class='ocrx_word' id='word_1_53' title='bbox 688 1380 1019 1479; x_wconf 81' lang='lat' dir='ltr'><strong>biiugos.</strong></span> <span class='ocrx_word' id='word_1_54' title='bbox 1115 1387 1389 1460; x_wconf 77' lang='lat' dir='ltr'><strong>Frater</strong></span> <span class='ocrx_word' id='word_1_55' title='bbox 1428 1379 1810 1460; x_wconf 80' lang='lat' dir='ltr'><strong>tendebat</strong></span> <span class='ocrx_word' id='word_1_56' title='bbox 1855 1381 2125 1457; x_wconf 80' lang='lat' dir='ltr'><strong>inertis</strong></span> 
     </span>
    </p>
   </div>
   <div class='ocr_carea' id='block_1_8' title="bbox 399 1528 965 1597">
    <p class='ocr_par' dir='ltr' id='par_1_8' title="bbox 399 1528 965 1597">
     <span class='ocr_line' id='line_1_12' title="bbox 399 1528 965 1597; baseline -0.004 -2"><span class='ocrx_word' id='word_1_57' title='bbox 399 1528 571 1597; x_wconf 85' lang='lat'><strong>595.</strong></span> <span class='ocrx_word' id='word_1_58' title='bbox 625 1541 965 1594; x_wconf 69' lang='lat' dir='ltr'><strong>muamus</strong></span> 
     </span>
    </p>
   </div>
   <div class='ocr_carea' id='block_1_9' title="bbox 1683 1274 2530 1463">
    <p class='ocr_par' dir='ltr' id='par_1_9' title="bbox 1683 1274 2530 1463">
     <span class='ocr_line' id='line_1_13' title="bbox 1683 1274 2284 1354; baseline 0.002 -1"><span class='ocrx_word' id='word_1_59' title='bbox 1683 1281 1896 1354; x_wconf 83' lang='lat' dir='ltr'><strong>Haec</strong></span> <span class='ocrx_word' id='word_1_60' title='bbox 1930 1278 2032 1353; x_wconf 79' lang='lat' dir='ltr'><strong>ita</strong></span> <span class='ocrx_word' id='word_1_61' title='bbox 2079 1274 2284 1354; x_wconf 80' lang='lat' dir='ltr'><strong>fatus</strong></span> 
     </span>
     <span class='ocr_line' id='line_1_14' title="bbox 2383 1391 2530 1463; baseline -0.007 -2"><span class='ocrx_word' id='word_1_62' title='bbox 2383 1391 2530 1463; x_wconf 85' lang='lat'><strong>595</strong></span> 
     </span>
    </p>
   </div>
   <div class='ocr_carea' id='block_1_10' title="bbox 295 1704 2536 1850">
    <p class='ocr_par' dir='ltr' id='par_1_10' title="bbox 295 1704 2536 1850">
     <span class='ocr_line' id='line_1_15' title="bbox 296 1704 2534 1780; baseline 0.002 -25"><span class='ocrx_word' id='word_1_63' title='bbox 296 1704 534 1761; x_wconf 77' lang='lat' dir='ltr'><strong>demam.</strong></span> <span class='ocrx_word' id='word_1_64' title='bbox 560 1726 615 1777; x_wconf 84' lang='lat' dir='ltr'><strong>p.</strong></span> <span class='ocrx_word' id='word_1_65' title='bbox 642 1709 765 1765; x_wconf 75' lang='lat'><strong>238.</strong></span> <span class='ocrx_word' id='word_1_66' title='bbox 794 1712 1067 1764; x_wconf 59' lang='lat' dir='ltr'><strong>Ammonis</strong></span> <span class='ocrx_word' id='word_1_67' title='bbox 1102 1707 1315 1780; x_wconf 70' lang='lat' dir='ltr'><strong>biiugis.</strong></span> <span class='ocrx_word' id='word_1_68' title='bbox 1352 1713 1493 1777; x_wconf 83' lang='lat' dir='ltr'><strong>Wr.)</strong></span> <span class='ocrx_word' id='word_1_69' title='bbox 1563 1710 1773 1780; x_wconf 68' lang='lat' dir='ltr'><strong>biiuges</strong></span> <span class='ocrx_word' id='word_1_70' title='bbox 1806 1707 1966 1762; x_wconf 85' lang='lat' dir='ltr'><strong>Goth.</strong></span> <span class='ocrx_word' id='word_1_71' title='bbox 2004 1725 2128 1773; x_wconf 72' lang='lat' dir='ltr'><strong>sec„</strong></span> <span class='ocrx_word' id='word_1_72' title='bbox 2175 1717 2282 1760; x_wconf 82' lang='lat' dir='ltr'><strong>tum</strong></span> <span class='ocrx_word' id='word_1_73' title='bbox 2307 1710 2534 1760; x_wconf 75' lang='lat' dir='ltr'><strong>traiecto</strong></span> 
     </span>
     <span class='ocr_line' id='line_1_16' title="bbox 295 1775 2536 1850; baseline 0.001 -25"><span class='ocrx_word' id='word_1_74' title='bbox 295 1775 505 1840; x_wconf 69' lang='lat' dir='ltr'><strong>Medic„</strong></span> <span class='ocrx_word' id='word_1_75' title='bbox 538 1777 634 1830; x_wconf 73' lang='lat' dir='ltr'><strong>sed</strong></span> <span class='ocrx_word' id='word_1_76' title='bbox 697 1780 901 1832; x_wconf 69' lang='lat' dir='ltr'><strong>roiecto</strong></span> <span class='ocrx_word' id='word_1_77' title='bbox 928 1781 1069 1850; x_wconf 80' lang='lat' dir='ltr'><strong>pede</strong></span> <span class='ocrx_word' id='word_1_78' title='bbox 1090 1791 1237 1833; x_wconf 83' lang='lat' dir='ltr'><strong>recte</strong></span> <span class='ocrx_word' id='word_1_79' title='bbox 1262 1780 1317 1830; x_wconf 84' lang='lat' dir='ltr'><strong>in</strong></span> <span class='ocrx_word' id='word_1_80' title='bbox 1348 1789 1481 1832; x_wconf 86' lang='lat' dir='ltr'><strong>statu</strong></span> <span class='ocrx_word' id='word_1_81' title='bbox 1511 1777 1792 1850; x_wconf 83' lang='lat' dir='ltr'><strong>pugnandi.</strong></span> <span class='ocrx_word' id='word_1_82' title='bbox 1863 1777 1944 1830; x_wconf 77' lang='lat' dir='ltr'><strong>Ad</strong></span> <span class='ocrx_word' id='word_1_83' title='bbox 1971 1777 2238 1830; x_wconf 66' lang='lat' dir='ltr'><strong>fufidium</strong></span> <span class='ocrx_word' id='word_1_84' title='bbox 2258 1779 2536 1830; x_wconf 73' lang='lat' dir='ltr'><strong>illustravit</strong></span> 
     </span>
    </p>
   </div>
   <div class='ocr_carea' id='block_1_11' title="bbox 294 1844 555 1898">
    <p class='ocr_par' dir='ltr' id='par_1_11' title="bbox 294 1844 555 1898">
     <span class='ocr_line' id='line_1_17' title="bbox 294 1844 555 1898; baseline 0.011 -3"><span class='ocrx_word' id='word_1_85' title='bbox 294 1844 555 1898; x_wconf 64' lang='lat' dir='ltr'><strong>Heinsius.</strong></span> 
     </span>
    </p>
   </div>
   <div class='ocr_carea' id='block_1_12' title="bbox 662 1845 2535 1918">
    <p class='ocr_par' dir='ltr' id='par_1_12' title="bbox 662 1845 2535 1918">
     <span class='ocr_line' id='line_1_18' title="bbox 662 1845 2535 1918; baseline -0.002 -18"><span class='ocrx_word' id='word_1_86' title='bbox 662 1886 678 1900; x_wconf 92' lang='lat'><strong>.</strong></span> <span class='ocrx_word' id='word_1_87' title='bbox 706 1849 941 1902; x_wconf 80' lang='lat' dir='ltr'><strong>Macrob.</strong></span> <span class='ocrx_word' id='word_1_88' title='bbox 969 1849 1053 1913; x_wconf 82' lang='lat' dir='ltr'><strong>VI,</strong></span> <span class='ocrx_word' id='word_1_89' title='bbox 1087 1847 1139 1912; x_wconf 78' lang='grc'><strong>4,</strong></span> <span class='ocrx_word' id='word_1_90' title='bbox 1176 1867 1231 1918; x_wconf 84' lang='lat' dir='ltr'><strong>p.</strong></span> <span class='ocrx_word' id='word_1_91' title='bbox 1270 1849 1375 1902; x_wconf 87' lang='grc'><strong>596</strong></span> <span class='ocrx_word' id='word_1_92' title='bbox 1412 1849 1497 1902; x_wconf 75' lang='lat' dir='ltr'><strong>ed.</strong></span> <span class='ocrx_word' id='word_1_93' title='bbox 1535 1849 1679 1918; x_wconf 73' lang='lat' dir='ltr'><strong>Lipa.</strong></span> <span class='ocrx_word' id='word_1_94' title='bbox 1747 1847 1904 1915; x_wconf 75' lang='lat' dir='ltr'><strong>(mad</strong></span> <span class='ocrx_word' id='word_1_95' title='bbox 1939 1855 2114 1899; x_wconf 86' lang='lat' dir='ltr'><strong>tamen</strong></span> <span class='ocrx_word' id='word_1_96' title='bbox 2145 1847 2300 1899; x_wconf 85' lang='lat' dir='ltr'><strong>velim</strong></span> <span class='ocrx_word' id='word_1_97' title='bbox 2338 1845 2535 1908; x_wconf 81' lang='lat' dir='ltr'><strong>doceri,</strong></span> 
     </span>
    </p>
   </div>
   <div class='ocr_carea' id='block_1_13' title="bbox 296 1915 2537 1987">
    <p class='ocr_par' dir='ltr' id='par_1_13' title="bbox 296 1915 2537 1987">
     <span class='ocr_line' id='line_1_19' title="bbox 296 1915 2537 1987; baseline 0.001 -23"><span class='ocrx_word' id='word_1_98' title='bbox 296 1931 388 1965; x_wconf 84' lang='lat' dir='ltr'><strong>cur</strong></span> <span class='ocrx_word' id='word_1_99' title='bbox 410 1915 613 1968; x_wconf 77' lang='lat' dir='ltr'><strong>laevum</strong></span> <span class='ocrx_word' id='word_1_100' title='bbox 638 1916 761 1981; x_wconf 80' lang='lat' dir='ltr'><strong>ille,</strong></span> <span class='ocrx_word' id='word_1_101' title='bbox 809 1935 945 1982; x_wconf 88' lang='lat' dir='ltr'><strong>non,</strong></span> <span class='ocrx_word' id='word_1_102' title='bbox 975 1919 1117 1987; x_wconf 82' lang='lat' dir='ltr'><strong>quod</strong></span> <span class='ocrx_word' id='word_1_103' title='bbox 1154 1927 1459 1986; x_wconf 78' lang='lat' dir='ltr'><strong>exspectes,</strong></span> <span class='ocrx_word' id='word_1_104' title='bbox 1490 1917 1726 1970; x_wconf 76' lang='lat' dir='ltr'><strong>dextrum</strong></span> <span class='ocrx_word' id='word_1_105' title='bbox 1760 1917 1946 1986; x_wconf 84' lang='lat' dir='ltr'><strong>pedem</strong></span> <span class='ocrx_word' id='word_1_106' title='bbox 1975 1917 2274 1985; x_wconf 86' lang='lat' dir='ltr'><strong>proiecerit.</strong></span> <span class='ocrx_word' id='word_1_107' title='bbox 2343 1916 2537 1967; x_wconf 77' lang='lat' dir='ltr'><strong>Existi-</strong></span> 
     </span>
    </p>
   </div>
   <div class='ocr_carea' id='block_1_14' title="bbox 294 1983 1976 2055">
    <p class='ocr_par' dir='ltr' id='par_1_14' title="bbox 294 1983 1976 2055">
     <span class='ocr_line' id='line_1_20' title="bbox 294 1983 1976 2055; baseline 0.001 -22"><span class='ocrx_word' id='word_1_108' title='bbox 294 1983 539 2050; x_wconf 71' lang='lat' dir='ltr'><strong>ruaudus,</strong></span> <span class='ocrx_word' id='word_1_109' title='bbox 575 2003 606 2036; x_wconf 97' lang='lat' dir='ltr'><strong>o</strong></span> <span class='ocrx_word' id='word_1_110' title='bbox 647 1985 797 2054; x_wconf 86' lang='lat' dir='ltr'><strong>inor,</strong></span> <span class='ocrx_word' id='word_1_111' title='bbox 828 1993 1029 2040; x_wconf 70' lang='lat' dir='ltr'><strong>Aeneas</strong></span> <span class='ocrx_word' id='word_1_112' title='bbox 1056 2006 1087 2041; x_wconf 84' lang='lat' dir='ltr'><strong>a</strong></span> <span class='ocrx_word' id='word_1_113' title='bbox 1124 1989 1303 2040; x_wconf 86' lang='lat' dir='ltr'><strong>dextra</strong></span> <span class='ocrx_word' id='word_1_114' title='bbox 1326 1987 1534 2055; x_wconf 81' lang='lat' dir='ltr'><strong>Lucage</strong></span> <span class='ocrx_word' id='word_1_115' title='bbox 1561 1987 1786 2039; x_wconf 72' lang='lat' dir='ltr'><strong>stetisse.</strong></span> <span class='ocrx_word' id='word_1_116' title='bbox 1829 1986 1976 2047; x_wconf 71' lang='lat' dir='ltr'><strong>Wr.)</strong></span> 
     </span>
    </p>
   </div>
   <div class='ocr_carea' id='block_1_15' title="bbox 2098 1985 2533 2052">
    <p class='ocr_par' dir='ltr' id='par_1_15' title="bbox 2098 1985 2533 2052">
     <span class='ocr_line' id='line_1_21' title="bbox 2098 1985 2533 2052; baseline -0.014 -11"><span class='ocrx_word' id='word_1_117' title='bbox 2098 1987 2200 2041; x_wconf 87' lang='lat'><strong>588</strong></span> <span class='ocrx_word' id='word_1_118' title='bbox 2226 1990 2396 2052; x_wconf 71' lang='lat' dir='ltr'><strong>Aptet</strong></span> <span class='ocrx_word' id='word_1_119' title='bbox 2428 1985 2533 2036; x_wconf 91' lang='lat' dir='ltr'><strong>duo</strong></span> 
     </span>
    </p>
   </div>
   <div class='ocr_carea' id='block_1_16' title="bbox 286 2052 2539 2195">
    <p class='ocr_par' dir='ltr' id='par_1_16' title="bbox 286 2052 2539 2195">
     <span class='ocr_line' id='line_1_22' title="bbox 294 2052 2536 2126; baseline 0 -23"><span class='ocrx_word' id='word_1_120' title='bbox 294 2052 473 2106; x_wconf 75' lang='lat' dir='ltr'><strong>Heius.</strong></span> <span class='ocrx_word' id='word_1_121' title='bbox 521 2073 588 2106; x_wconf 72' lang='lat' dir='ltr'><strong>su</strong></span> <span class='ocrx_word' id='word_1_122' title='bbox 644 2058 783 2108; x_wconf 72' lang='lat' dir='ltr'><strong>imae</strong></span> <span class='ocrx_word' id='word_1_123' title='bbox 816 2076 920 2110; x_wconf 77' lang='lat' dir='ltr'><strong>sec.</strong></span> <span class='ocrx_word' id='word_1_124' title='bbox 948 2057 1139 2111; x_wconf 82' lang='lat' dir='ltr'><strong>Moret.</strong></span> <span class='ocrx_word' id='word_1_125' title='bbox 1223 2058 1328 2110; x_wconf 86' lang='lat'><strong>590</strong></span> <span class='ocrx_word' id='word_1_126' title='bbox 1348 2058 1590 2110; x_wconf 67' lang='lat' dir='ltr'><strong>volvitur</strong></span> <span class='ocrx_word' id='word_1_127' title='bbox 1617 2073 1812 2126; x_wconf 77' lang='lat' dir='ltr'><strong>agmen</strong></span> <span class='ocrx_word' id='word_1_128' title='bbox 1839 2053 2056 2108; x_wconf 78' lang='lat' dir='ltr'><strong>Mediol.</strong></span> <span class='ocrx_word' id='word_1_129' title='bbox 2085 2056 2183 2107; x_wconf 86' lang='lat' dir='ltr'><strong>Ed.</strong></span> <span class='ocrx_word' id='word_1_130' title='bbox 2251 2055 2350 2108; x_wconf 86' lang='lat'><strong>591</strong></span> <span class='ocrx_word' id='word_1_131' title='bbox 2370 2059 2536 2120; x_wconf 82' lang='lat' dir='ltr'><strong>Quem</strong></span> 
     </span>
     <span class='ocr_line' id='line_1_23' title="bbox 286 2122 2539 2195; baseline 0.002 -22"><span class='ocrx_word' id='word_1_132' title='bbox 286 2123 451 2192; x_wconf 74' lang='lat' dir='ltr'><strong>prius</strong></span> <span class='ocrx_word' id='word_1_133' title='bbox 479 2125 715 2177; x_wconf 82' lang='lat' dir='ltr'><strong>emendat</strong></span> <span class='ocrx_word' id='word_1_134' title='bbox 751 2129 828 2178; x_wconf 90' lang='lat'><strong>10.</strong></span> <span class='ocrx_word' id='word_1_135' title='bbox 878 2127 1171 2192; x_wconf 66' lang='lat' dir='ltr'><strong>Schrader„</strong></span> <span class='ocrx_word' id='word_1_136' title='bbox 1225 2127 1368 2194; x_wconf 88' lang='lat' dir='ltr'><strong>quod</strong></span> <span class='ocrx_word' id='word_1_137' title='bbox 1400 2144 1498 2195; x_wconf 87' lang='lat' dir='ltr'><strong>per</strong></span> <span class='ocrx_word' id='word_1_138' title='bbox 1538 2143 1596 2177; x_wconf 84' lang='lat' dir='ltr'><strong>se</strong></span> <span class='ocrx_word' id='word_1_139' title='bbox 1640 2142 1748 2175; x_wconf 87' lang='lat' dir='ltr'><strong>non</strong></span> <span class='ocrx_word' id='word_1_140' title='bbox 1791 2125 1998 2175; x_wconf 85' lang='lat' dir='ltr'><strong>malum.</strong></span> <span class='ocrx_word' id='word_1_141' title='bbox 2069 2124 2276 2194; x_wconf 69' lang='lat' dir='ltr'><strong>affatus</strong></span> <span class='ocrx_word' id='word_1_142' title='bbox 2313 2122 2539 2178; x_wconf 73' lang='lat' dir='ltr'><strong>Dorvill.</strong></span> 
     </span>
    </p>
   </div>
   <div class='ocr_carea' id='block_1_17' title="bbox 294 2189 2537 2332">
    <p class='ocr_par' dir='ltr' id='par_1_17' title="bbox 294 2189 2537 2332">
     <span class='ocr_line' id='line_1_24' title="bbox 294 2189 2162 2268; baseline 0.001 -24"><span class='ocrx_word' id='word_1_143' title='bbox 294 2189 397 2245; x_wconf 78' lang='lat'><strong>592</strong></span> <span class='ocrx_word' id='word_1_144' title='bbox 429 2195 556 2245; x_wconf 69' lang='lat' dir='ltr'><strong>Huc</strong></span> <span class='ocrx_word' id='word_1_145' title='bbox 589 2211 695 2268; x_wconf 78' lang='lat' dir='ltr'><strong>age</strong></span> <span class='ocrx_word' id='word_1_146' title='bbox 716 2195 973 2248; x_wconf 84' lang='lat' dir='ltr'><strong>Rufinian.</strong></span> <span class='ocrx_word' id='word_1_147' title='bbox 1002 2196 1068 2247; x_wconf 90' lang='lat' dir='ltr'><strong>de</strong></span> <span class='ocrx_word' id='word_1_148' title='bbox 1096 2197 1302 2250; x_wconf 73' lang='lat' dir='ltr'><strong>schem.</strong></span> <span class='ocrx_word' id='word_1_149' title='bbox 1337 2197 1619 2247; x_wconf 74' lang='lat' dir='ltr'><strong>Dianoeas.</strong></span> <span class='ocrx_word' id='word_1_150' title='bbox 1664 2211 1784 2261; x_wconf 80' lang='lat' dir='ltr'><strong>pag.</strong></span> <span class='ocrx_word' id='word_1_151' title='bbox 1817 2193 1902 2248; x_wconf 84' lang='grc'><strong>37.</strong></span> <span class='ocrx_word' id='word_1_152' title='bbox 1934 2193 2034 2246; x_wconf 88' lang='lat' dir='ltr'><strong>Ed.</strong></span> <span class='ocrx_word' id='word_1_153' title='bbox 2059 2204 2162 2246; x_wconf 82' lang='lat' dir='ltr'><strong>vet.</strong></span> 
     </span>
     <span class='ocr_line' id='line_1_25' title="bbox 1231 2262 2537 2332; baseline -0.003 -14"><span class='ocrx_word' id='word_1_154' title='bbox 1231 2263 1471 2332; x_wconf 86' lang='lat'><strong>(—594.</strong></span> <span class='ocrx_word' id='word_1_155' title='bbox 1507 2266 1647 2316; x_wconf 70' lang='lat' dir='ltr'><strong>rotis</strong></span> <span class='ocrx_word' id='word_1_156' title='bbox 1681 2263 1878 2314; x_wconf 75' lang='lat' dir='ltr'><strong>alienis</strong></span> <span class='ocrx_word' id='word_1_157' title='bbox 1901 2280 1932 2312; x_wconf 88' lang='lat' dir='ltr'><strong>a</strong></span> <span class='ocrx_word' id='word_1_158' title='bbox 1959 2281 2025 2314; x_wconf 85' lang='lat' dir='ltr'><strong>m.</strong></span> <span class='ocrx_word' id='word_1_159' title='bbox 2059 2280 2139 2331; x_wconf 85' lang='lat' dir='ltr'><strong>pr.</strong></span> <span class='ocrx_word' id='word_1_160' title='bbox 2162 2262 2354 2314; x_wconf 80' lang='lat' dir='ltr'><strong>Medic.</strong></span> <span class='ocrx_word' id='word_1_161' title='bbox 2393 2263 2537 2329; x_wconf 80' lang='lat' dir='ltr'><strong>Wr.)</strong></span> 
     </span>
    </p>
   </div>
   <div class='ocr_carea' id='block_1_18' title="bbox 294 2259 1147 2318">
    <p class='ocr_par' dir='ltr' id='par_1_18' title="bbox 294 2259 1147 2318">
     <span class='ocr_line' id='line_1_26' title="bbox 294 2259 1147 2318; baseline 0.009 -8"><span class='ocrx_word' id='word_1_162' title='bbox 294 2259 436 2312; x_wconf 69' lang='lat' dir='ltr'><strong>didit</strong></span> <span class='ocrx_word' id='word_1_163' title='bbox 470 2264 605 2315; x_wconf 84' lang='lat' dir='ltr'><strong>Ven.</strong></span> <span class='ocrx_word' id='word_1_164' title='bbox 678 2265 967 2317; x_wconf 70' lang='lat' dir='ltr'><strong>advertere</strong></span> <span class='ocrx_word' id='word_1_165' title='bbox 996 2265 1147 2318; x_wconf 64' lang='lat' dir='ltr'><strong>Laid.</strong></span> 
     </span>
    </p>
   </div>
   <div class='ocr_carea' id='block_1_19' title="bbox 2266 2193 2539 2247">
    <p class='ocr_par' dir='ltr' id='par_1_19' title="bbox 2266 2193 2539 2247">
     <span class='ocr_line' id='line_1_27' title="bbox 2266 2193 2539 2247; baseline -0.007 -2"><span class='ocrx_word' id='word_1_166' title='bbox 2266 2193 2369 2247; x_wconf 84' lang='lat'><strong>593</strong></span> <span class='ocrx_word' id='word_1_167' title='bbox 2397 2195 2539 2244; x_wconf 77' lang='lat' dir='ltr'><strong>Per-</strong></span> 
     </span>
    </p>
   </div>
   <div class='ocr_carea' id='block_1_20' title="bbox 293 2327 2542 2744">
    <p class='ocr_par' dir='ltr' id='par_1_20' title="bbox 293 2327 2542 2744">
     <span class='ocr_line' id='line_1_28' title="bbox 293 2327 2537 2402; baseline 0.001 -21"><span class='ocrx_word' id='word_1_168' title='bbox 293 2327 397 2381; x_wconf 86' lang='grc'><strong>595</strong></span> <span class='ocrx_word' id='word_1_169' title='bbox 439 2329 695 2402; x_wconf 64' lang='lat' dir='ltr'><strong>Abripui:</strong></span> <span class='ocrx_word' id='word_1_170' title='bbox 729 2333 879 2386; x_wconf 86' lang='lat' dir='ltr'><strong>Leid.</strong></span> <span class='ocrx_word' id='word_1_171' title='bbox 926 2335 1132 2400; x_wconf 79' lang='lat' dir='ltr'><strong>Menag.</strong></span> <span class='ocrx_word' id='word_1_172' title='bbox 1168 2351 1251 2402; x_wconf 83' lang='lat' dir='ltr'><strong>pr.</strong></span> <span class='ocrx_word' id='word_1_173' title='bbox 1300 2342 1357 2384; x_wconf 88' lang='lat' dir='ltr'><strong>et</strong></span> <span class='ocrx_word' id='word_1_174' title='bbox 1391 2335 1513 2385; x_wconf 84' lang='lat' dir='ltr'><strong>Exc.</strong></span> <span class='ocrx_word' id='word_1_175' title='bbox 1560 2334 1733 2382; x_wconf 86' lang='lat' dir='ltr'><strong>Burm.</strong></span> <span class='ocrx_word' id='word_1_176' title='bbox 1804 2329 2015 2400; x_wconf 73' lang='lat' dir='ltr'><strong>biiuges</strong></span> <span class='ocrx_word' id='word_1_177' title='bbox 2053 2331 2210 2382; x_wconf 82' lang='lat' dir='ltr'><strong>etiam</strong></span> <span class='ocrx_word' id='word_1_178' title='bbox 2245 2331 2332 2383; x_wconf 86' lang='lat' dir='ltr'><strong>hic</strong></span> <span class='ocrx_word' id='word_1_179' title='bbox 2373 2330 2537 2383; x_wconf 84' lang='lat' dir='ltr'><strong>Goth.</strong></span> 
     </span>
     <span class='ocr_line' id='line_1_29' title="bbox 296 2399 2538 2470; baseline 0.003 -24"><span class='ocrx_word' id='word_1_180' title='bbox 296 2413 401 2450; x_wconf 74' lang='lat' dir='ltr'><strong>aec.</strong></span> <span class='ocrx_word' id='word_1_181' title='bbox 471 2400 679 2452; x_wconf 68' lang='lat' dir='ltr'><strong>inertes</strong></span> <span class='ocrx_word' id='word_1_182' title='bbox 712 2401 797 2452; x_wconf 84' lang='lat' dir='ltr'><strong>vel</strong></span> <span class='ocrx_word' id='word_1_183' title='bbox 832 2403 1029 2454; x_wconf 68' lang='lat' dir='ltr'><strong>inertis</strong></span> <span class='ocrx_word' id='word_1_184' title='bbox 1076 2402 1277 2470; x_wconf 78' lang='lat' dir='ltr'><strong>aliquot</strong></span> <span class='ocrx_word' id='word_1_185' title='bbox 1331 2399 1489 2460; x_wconf 69' lang='lat' dir='ltr'><strong>rior..</strong></span> <span class='ocrx_word' id='word_1_186' title='bbox 1545 2401 1685 2451; x_wconf 85' lang='lat' dir='ltr'><strong>inter</strong></span> <span class='ocrx_word' id='word_1_187' title='bbox 1728 2415 1860 2467; x_wconf 73' lang='lat' dir='ltr'><strong>quon</strong></span> <span class='ocrx_word' id='word_1_188' title='bbox 1908 2401 2078 2464; x_wconf 69' lang='lat' dir='ltr'><strong>Rom„</strong></span> <span class='ocrx_word' id='word_1_189' title='bbox 2115 2409 2172 2450; x_wconf 87' lang='lat' dir='ltr'><strong>et</strong></span> <span class='ocrx_word' id='word_1_190' title='bbox 2209 2401 2388 2452; x_wconf 71' lang='lat' dir='ltr'><strong>Heius.</strong></span> <span class='ocrx_word' id='word_1_191' title='bbox 2425 2400 2538 2452; x_wconf 80' lang='lat' dir='ltr'><strong>fere</strong></span> 
     </span>
     <span class='ocr_line' id='line_1_30' title="bbox 296 2467 2536 2535; baseline 0.003 -19"><span class='ocrx_word' id='word_1_192' title='bbox 296 2481 507 2526; x_wconf 75' lang='lat' dir='ltr'><strong>omnes,</strong></span> <span class='ocrx_word' id='word_1_193' title='bbox 555 2468 711 2520; x_wconf 82' lang='lat' dir='ltr'><strong>etiam</strong></span> <span class='ocrx_word' id='word_1_194' title='bbox 746 2469 958 2532; x_wconf 64' lang='lat' dir='ltr'><strong>Medic„</strong></span> <span class='ocrx_word' id='word_1_195' title='bbox 1008 2469 1151 2522; x_wconf 78' lang='lat' dir='ltr'><strong>haud</strong></span> <span class='ocrx_word' id='word_1_196' title='bbox 1192 2467 1351 2521; x_wconf 73' lang='lat' dir='ltr'><strong>dubio</strong></span> <span class='ocrx_word' id='word_1_197' title='bbox 1398 2469 1686 2535; x_wconf 77' lang='lat' dir='ltr'><strong>elegantius</strong></span> <span class='ocrx_word' id='word_1_198' title='bbox 1727 2468 1897 2519; x_wconf 84' lang='lat' dir='ltr'><strong>altero</strong></span> <span class='ocrx_word' id='word_1_199' title='bbox 1917 2504 1934 2534; x_wconf 87' lang='lat'>,</span> <span class='ocrx_word' id='word_1_200' title='bbox 1990 2469 2090 2520; x_wconf 73' lang='lat' dir='ltr'><strong>etsi</strong></span> <span class='ocrx_word' id='word_1_201' title='bbox 2133 2481 2284 2520; x_wconf 72' lang='lat' dir='ltr'><strong>sensu</strong></span> <span class='ocrx_word' id='word_1_202' title='bbox 2330 2469 2536 2523; x_wconf 85' lang='lat' dir='ltr'><strong>eodem.</strong></span> 
     </span>
     <span class='ocr_line' id='line_1_31' title="bbox 295 2534 2540 2605; baseline 0.001 -18"><span class='ocrx_word' id='word_1_203' title='bbox 295 2534 398 2587; x_wconf 74' lang='lat' dir='ltr'><strong>nio</strong></span> <span class='ocrx_word' id='word_1_204' title='bbox 435 2546 604 2587; x_wconf 80' lang='lat' dir='ltr'><strong>tamen</strong></span> <span class='ocrx_word' id='word_1_205' title='bbox 652 2538 868 2590; x_wconf 67' lang='lat' dir='ltr'><strong>Heinsio</strong></span> <span class='ocrx_word' id='word_1_206' title='bbox 908 2542 1143 2589; x_wconf 72' lang='lat' dir='ltr'><strong>inermes</strong></span> <span class='ocrx_word' id='word_1_207' title='bbox 1184 2538 1349 2605; x_wconf 74' lang='lat' dir='ltr'><strong>magis</strong></span> <span class='ocrx_word' id='word_1_208' title='bbox 1392 2539 1691 2591; x_wconf 73' lang='lat' dir='ltr'><strong>arridebat:</strong></span> <span class='ocrx_word' id='word_1_209' title='bbox 1755 2554 1987 2589; x_wconf 73' lang='lat' dir='ltr'><strong>caussam</strong></span> <span class='ocrx_word' id='word_1_210' title='bbox 2032 2555 2138 2588; x_wconf 88' lang='lat' dir='ltr'><strong>non</strong></span> <span class='ocrx_word' id='word_1_211' title='bbox 2169 2539 2388 2591; x_wconf 86' lang='lat' dir='ltr'><strong>adiecit:</strong></span> <span class='ocrx_word' id='word_1_212' title='bbox 2438 2538 2540 2590; x_wconf 76' lang='lat' dir='ltr'><strong>nisi</strong></span> 
     </span>
     <span class='ocr_line' id='line_1_32' title="bbox 294 2602 2542 2677; baseline 0.002 -23"><span class='ocrx_word' id='word_1_213' title='bbox 294 2604 439 2655; x_wconf 76' lang='lat' dir='ltr'><strong>forte</strong></span> <span class='ocrx_word' id='word_1_214' title='bbox 461 2604 681 2657; x_wconf 85' lang='lat' dir='ltr'><strong>alterum</strong></span> <span class='ocrx_word' id='word_1_215' title='bbox 708 2607 934 2658; x_wconf 76' lang='lat' dir='ltr'><strong>servavit</strong></span> <span class='ocrx_word' id='word_1_216' title='bbox 972 2607 1123 2659; x_wconf 86' lang='lat' dir='ltr'><strong>alteri</strong></span> <span class='ocrx_word' id='word_1_217' title='bbox 1151 2606 1273 2658; x_wconf 88' lang='lat' dir='ltr'><strong>loco</strong></span> <span class='ocrx_word' id='word_1_218' title='bbox 1301 2607 1394 2659; x_wconf 78' lang='lat' dir='ltr'><strong>inf.</strong></span> <span class='ocrx_word' id='word_1_219' title='bbox 1430 2608 1530 2671; x_wconf 77' lang='lat' dir='ltr'><strong>xl,</strong></span> <span class='ocrx_word' id='word_1_220' title='bbox 1561 2602 1682 2670; x_wconf 82' lang='lat'>414,</span> <span class='ocrx_word' id='word_1_221' title='bbox 1732 2616 1788 2656; x_wconf 82' lang='lat' dir='ltr'><strong>et</strong></span> <span class='ocrx_word' id='word_1_222' title='bbox 1823 2616 2002 2673; x_wconf 75' lang='lat' dir='ltr'><strong>potest</strong></span> <span class='ocrx_word' id='word_1_223' title='bbox 2030 2607 2134 2658; x_wconf 90' lang='lat' dir='ltr'><strong>hoc</strong></span> <span class='ocrx_word' id='word_1_224' title='bbox 2162 2608 2362 2675; x_wconf 75' lang='lat' dir='ltr'><strong>urgeri:</strong></span> <span class='ocrx_word' id='word_1_225' title='bbox 2398 2608 2542 2677; x_wconf 83' lang='lat' dir='ltr'><strong>quod</strong></span> 
     </span>
     <span class='ocr_line' id='line_1_33' title="bbox 294 2673 2540 2744; baseline 0.001 -19"><span class='ocrx_word' id='word_1_226' title='bbox 294 2673 457 2743; x_wconf 81' lang='lat' dir='ltr'><strong>Liger</strong></span> <span class='ocrx_word' id='word_1_227' title='bbox 485 2674 664 2743; x_wconf 81' lang='lat' dir='ltr'><strong>auriga</strong></span> <span class='ocrx_word' id='word_1_228' title='bbox 692 2692 857 2744; x_wconf 71' lang='lat' dir='ltr'><strong>equos</strong></span> <span class='ocrx_word' id='word_1_229' title='bbox 884 2675 1105 2743; x_wconf 80' lang='lat' dir='ltr'><strong>regebat</strong></span> <span class='ocrx_word' id='word_1_230' title='bbox 1142 2675 1379 2743; x_wconf 81' lang='lat' dir='ltr'><strong>adeoque</strong></span> <span class='ocrx_word' id='word_1_231' title='bbox 1410 2676 1525 2727; x_wconf 71' lang='lat' dir='ltr'><strong>eine</strong></span> <span class='ocrx_word' id='word_1_232' title='bbox 1556 2674 1712 2725; x_wconf 79' lang='lat' dir='ltr'><strong>armis</strong></span> <span class='ocrx_word' id='word_1_233' title='bbox 1743 2683 1876 2725; x_wconf 82' lang='lat' dir='ltr'><strong>erat.</strong></span> <span class='ocrx_word' id='word_1_234' title='bbox 1938 2677 2080 2741; x_wconf 73' lang='lat' dir='ltr'><strong>(Non</strong></span> <span class='ocrx_word' id='word_1_235' title='bbox 2108 2686 2222 2727; x_wconf 87' lang='lat' dir='ltr'><strong>erat</strong></span> <span class='ocrx_word' id='word_1_236' title='bbox 2250 2676 2540 2728; x_wconf 73' lang='lat' dir='ltr'><strong>deserenda</strong></span> 
     </span>
    </p>
   </div>
   <div class='ocr_carea' id='block_1_21' title="bbox 178 2742 2539 2825">
    <p class='ocr_par' dir='ltr' id='par_1_21' title="bbox 178 2742 2539 2825">
     <span class='ocr_line' id='line_1_34' title="bbox 178 2742 2539 2825; baseline 0 -30"><span class='ocrx_word' id='word_1_237' title='bbox 178 2754 183 2757; x_wconf 85' lang='lat'>&#39;</span> <span class='ocrx_word' id='word_1_238' title='bbox 296 2744 1096 2825; x_wconf 52' lang='lat' dir='ltr'><strong>optimayraeotautiuimomm</strong></span> <span class='ocrx_word' id='word_1_239' title='bbox 1125 2744 1377 2796; x_wconf 69' lang='lat' dir='ltr'><strong>librorum</strong></span> <span class='ocrx_word' id='word_1_240' title='bbox 1415 2744 1577 2797; x_wconf 83' lang='lat' dir='ltr'><strong>lectio</strong></span> <span class='ocrx_word' id='word_1_241' title='bbox 1615 2744 1835 2803; x_wconf 68' lang='lat' dir='ltr'><strong>inerti-33</strong></span> <span class='ocrx_word' id='word_1_242' title='bbox 1884 2742 2076 2794; x_wconf 87' lang='lat' dir='ltr'><strong>nullam</strong></span> <span class='ocrx_word' id='word_1_243' title='bbox 2114 2743 2279 2796; x_wconf 84' lang='lat' dir='ltr'><strong>habet</strong></span> <span class='ocrx_word' id='word_1_244' title='bbox 2309 2746 2412 2796; x_wconf 81' lang='lat' dir='ltr'><strong>vim</strong></span> <span class='ocrx_word' id='word_1_245' title='bbox 2447 2747 2539 2795; x_wconf 86' lang='lat' dir='ltr'><strong>in-</strong></span> 
     </span>
    </p>
   </div>
   <div class='ocr_carea' id='block_1_22' title="bbox 1583 2810 2541 2950">
    <p class='ocr_par' dir='ltr' id='par_1_22' title="bbox 1583 2810 2541 2950">
     <span class='ocr_line' id='line_1_35' title="bbox 1583 2810 2541 2864; baseline 0.002 -3"><span class='ocrx_word' id='word_1_246' title='bbox 1583 2810 1762 2863; x_wconf 88' lang='lat' dir='ltr'><strong>ulchre</strong></span> <span class='ocrx_word' id='word_1_247' title='bbox 1795 2814 2108 2863; x_wconf 83' lang='lat' dir='ltr'><strong>conveniunt</strong></span> <span class='ocrx_word' id='word_1_248' title='bbox 2145 2830 2330 2864; x_wconf 73' lang='lat' dir='ltr'><strong>manus</strong></span> <span class='ocrx_word' id='word_1_249' title='bbox 2362 2813 2541 2863; x_wconf 82' lang='lat' dir='ltr'><strong>iner-</strong></span> 
     </span>
     <span class='ocr_line' id='line_1_36' title="bbox 1591 2882 2334 2950; baseline -0.003 -15"><span class='ocrx_word' id='word_1_250' title='bbox 1591 2882 1644 2935; x_wconf 88' lang='grc'><strong>9.</strong></span> <span class='ocrx_word' id='word_1_251' title='bbox 1713 2884 1946 2933; x_wconf 70' lang='grc' dir='ltr'><strong>ἱπσνιηω</strong></span> <span class='ocrx_word' id='word_1_252' title='bbox 1978 2882 2144 2935; x_wconf 85' lang='lat' dir='ltr'><strong>Palat.</strong></span> <span class='ocrx_word' id='word_1_253' title='bbox 2185 2882 2334 2950; x_wconf 82' lang='lat' dir='ltr'><strong>Wr.)</strong></span> 
     </span>
    </p>
   </div>
   <div class='ocr_carea' id='block_1_23' title="bbox 297 2814 1505 2881">
    <p class='ocr_par' dir='ltr' id='par_1_23' title="bbox 297 2814 1505 2881">
     <span class='ocr_line' id='line_1_37' title="bbox 297 2814 1505 2881; baseline 0 -18"><span class='ocrx_word' id='word_1_254' title='bbox 297 2831 471 2865; x_wconf 76' lang='lat' dir='ltr'><strong>emes</strong></span> <span class='ocrx_word' id='word_1_255' title='bbox 500 2830 556 2864; x_wconf 87' lang='lat' dir='ltr'><strong>m</strong></span> <span class='ocrx_word' id='word_1_256' title='bbox 585 2814 769 2881; x_wconf 80' lang='lat' dir='ltr'><strong>auriga</strong></span> <span class='ocrx_word' id='word_1_257' title='bbox 795 2830 858 2866; x_wconf 82' lang='lat' dir='ltr'><strong>eo</strong></span> <span class='ocrx_word' id='word_1_258' title='bbox 898 2831 962 2865; x_wconf 89' lang='lat' dir='ltr'><strong>ue</strong></span> <span class='ocrx_word' id='word_1_259' title='bbox 990 2830 1141 2867; x_wconf 81' lang='lat' dir='ltr'><strong>curru</strong></span> <span class='ocrx_word' id='word_1_260' title='bbox 1169 2830 1413 2875; x_wconf 64' lang='lat' dir='ltr'><strong>excusam</strong></span> <span class='ocrx_word' id='word_1_261' title='bbox 1449 2822 1505 2865; x_wconf 87' lang='lat' dir='ltr'><strong>at</strong></span> 
     </span>
    </p>
   </div>
   <div class='ocr_carea' id='block_1_24' title="bbox 296 2882 1483 2953">
    <p class='ocr_par' dir='ltr' id='par_1_24' title="bbox 296 2882 1483 2953">
     <span class='ocr_line' id='line_1_38' title="bbox 296 2882 1483 2953; baseline 0.002 -20"><span class='ocrx_word' id='word_1_262' title='bbox 296 2892 409 2934; x_wconf 71' lang='lat' dir='ltr'><strong>tea</strong></span> <span class='ocrx_word' id='word_1_263' title='bbox 443 2882 763 2953; x_wconf 74' lang='lat' dir='ltr'><strong>vaniloqn03</strong></span> <span class='ocrx_word' id='word_1_264' title='bbox 810 2884 861 2935; x_wconf 83' lang='lat' dir='ltr'><strong>vi</strong></span> <span class='ocrx_word' id='word_1_265' title='bbox 901 2922 917 2937; x_wconf 92' lang='lat'><strong>.</strong></span> <span class='ocrx_word' id='word_1_266' title='bbox 942 2900 1021 2935; x_wconf 70' lang='lat' dir='ltr'><strong>vs.</strong></span> <span class='ocrx_word' id='word_1_267' title='bbox 1050 2884 1173 2938; x_wconf 83' lang='lat'><strong>681.</strong></span> <span class='ocrx_word' id='word_1_268' title='bbox 1202 2899 1317 2953; x_wconf 68' lang='lat' dir='ltr'><strong>sqq.</strong></span> <span class='ocrx_word' id='word_1_269' title='bbox 1358 2882 1483 2935; x_wconf 88' lang='lat' dir='ltr'><strong>coll.</strong></span> 
     </span>
    </p>
   </div>
   <div class='ocr_carea' id='block_1_25' title="bbox 294 3028 2546 3209">
    <p class='ocr_par' dir='ltr' id='par_1_25' title="bbox 294 3028 2546 3209">
     <span class='ocr_line' id='line_1_39' title="bbox 294 3028 2544 3124; baseline -0 -25"><span class='ocrx_word' id='word_1_270' title='bbox 294 3051 492 3099; x_wconf 84' lang='lat' dir='ltr'><strong>autem</strong></span> <span class='ocrx_word' id='word_1_271' title='bbox 505 3028 647 3117; x_wconf 58' lang='lat' dir='ltr'><strong>hoc,&#39;</strong></span> <span class='ocrx_word' id='word_1_272' title='bbox 670 3040 829 3124; x_wconf 91' lang='lat' dir='ltr'><strong>quod</strong></span> <span class='ocrx_word' id='word_1_273' title='bbox 846 3042 1379 3120; x_wconf 78' lang='lat' dir='ltr'><strong>Lucagusineurru</strong></span> <span class='ocrx_word' id='word_1_274' title='bbox 1460 3062 1589 3122; x_wconf 80' lang='lat' dir='ltr'><strong>sup.</strong></span> <span class='ocrx_word' id='word_1_275' title='bbox 1621 3040 1771 3101; x_wconf 82' lang='lat' dir='ltr'><strong>dicta</strong></span> <span class='ocrx_word' id='word_1_276' title='bbox 1799 3039 1874 3101; x_wconf 85' lang='lat' dir='ltr'><strong>ad</strong></span> <span class='ocrx_word' id='word_1_277' title='bbox 1900 3060 1958 3101; x_wconf 79' lang='lat' dir='ltr'><strong>v.</strong></span> <span class='ocrx_word' id='word_1_278' title='bbox 1989 3038 2134 3106; x_wconf 80' lang='lat'><strong>520.</strong></span> <span class='ocrx_word' id='word_1_279' title='bbox 2221 3040 2366 3106; x_wconf 83' lang='lat'><strong>592.</strong></span> <span class='ocrx_word' id='word_1_280' title='bbox 2408 3042 2544 3099; x_wconf 88' lang='lat' dir='ltr'><strong>Non</strong></span> 
     </span>
     <span class='ocr_line' id='line_1_40' title="bbox 294 3120 2546 3209; baseline -0.001 -22"><span class='ocrx_word' id='word_1_281' title='bbox 294 3138 469 3202; x_wconf 76' lang='lat' dir='ltr'><strong>stam,</strong></span> <span class='ocrx_word' id='word_1_282' title='bbox 498 3147 623 3185; x_wconf 86' lang='lat' dir='ltr'><strong>non</strong></span> <span class='ocrx_word' id='word_1_283' title='bbox 650 3125 831 3203; x_wconf 77' lang='lat' dir='ltr'><strong>hasta,</strong></span> <span class='ocrx_word' id='word_1_284' title='bbox 862 3148 937 3185; x_wconf 84' lang='lat' dir='ltr'><strong>ex</strong></span> <span class='ocrx_word' id='word_1_285' title='bbox 964 3138 1245 3207; x_wconf 86' lang='lat' dir='ltr'><strong>perpetuo</strong></span> <span class='ocrx_word' id='word_1_286' title='bbox 1266 3124 1379 3185; x_wconf 92' lang='lat' dir='ltr'><strong>he-</strong></span> <span class='ocrx_word' id='word_1_287' title='bbox 1458 3128 1722 3209; x_wconf 78' lang='lat' dir='ltr'><strong>proditus</strong></span> <span class='ocrx_word' id='word_1_288' title='bbox 1765 3147 1825 3186; x_wconf 83' lang='lat' dir='ltr'><strong>es</strong></span> <span class='ocrx_word' id='word_1_289' title='bbox 1841 3120 1849 3132; x_wconf 78' lang='grc'><em>”</em></span> <span class='ocrx_word' id='word_1_290' title='bbox 1867 3124 2020 3185; x_wconf 85' lang='lat' dir='ltr'><strong>hosti</strong></span> <span class='ocrx_word' id='word_1_291' title='bbox 2061 3136 2164 3185; x_wconf 86' lang='lat' dir='ltr'><strong>aut</strong></span> <span class='ocrx_word' id='word_1_292' title='bbox 2199 3126 2340 3205; x_wconf 83' lang='lat' dir='ltr'><strong>fuga</strong></span> <span class='ocrx_word' id='word_1_293' title='bbox 2356 3171 2373 3202; x_wconf 88' lang='lat'><strong>,</strong></span> <span class='ocrx_word' id='word_1_294' title='bbox 2443 3137 2546 3185; x_wconf 83' lang='lat' dir='ltr'><strong>aut</strong></span> 
     </span>
    </p>
   </div>
   <div class='ocr_carea' id='block_1_26' title="bbox 292 3212 1376 3289">
    <p class='ocr_par' dir='ltr' id='par_1_26' title="bbox 292 3212 1376 3289">
     <span class='ocr_line' id='line_1_41' title="bbox 292 3212 1376 3289; baseline -0.002 -16"><span class='ocrx_word' id='word_1_295' title='bbox 292 3232 467 3273; x_wconf 86' lang='lat' dir='ltr'><strong>roum</strong></span> <span class='ocrx_word' id='word_1_296' title='bbox 492 3232 677 3289; x_wconf 86' lang='lat' dir='ltr'><strong>more,</strong></span> <span class='ocrx_word' id='word_1_297' title='bbox 706 3212 809 3273; x_wconf 84' lang='lat' dir='ltr'><strong>sed</strong></span> <span class='ocrx_word' id='word_1_298' title='bbox 838 3232 973 3272; x_wconf 85' lang='lat' dir='ltr'><strong>ense</strong></span> <span class='ocrx_word' id='word_1_299' title='bbox 988 3214 1188 3273; x_wconf 87' lang='lat' dir='ltr'><strong>utitur.</strong></span> <span class='ocrx_word' id='word_1_300' title='bbox 1220 3214 1376 3271; x_wconf 84' lang='lat' dir='ltr'><strong>conf.</strong></span> 
     </span>
    </p>
   </div>
   <div class='ocr_carea' id='block_1_27' title="bbox 1460 3211 2544 3292">
    <p class='ocr_par' dir='ltr' id='par_1_27' title="bbox 1460 3211 2544 3292">
     <span class='ocr_line' id='line_1_42' title="bbox 1460 3211 2544 3292; baseline -0.002 -19"><span class='ocrx_word' id='word_1_301' title='bbox 1460 3214 1920 3273; x_wconf 75' lang='lat' dir='ltr'><strong>consternatione</strong></span> <span class='ocrx_word' id='word_1_302' title='bbox 1979 3230 2284 3292; x_wconf 86' lang='lat' dir='ltr'><strong>equorum.</strong></span> <span class='ocrx_word' id='word_1_303' title='bbox 2365 3211 2544 3271; x_wconf 81' lang='lat' dir='ltr'><strong>nulla</strong></span> 
     </span>
    </p>
   </div>
   <div class='ocr_carea' id='block_1_28' title="bbox 294 3297 2544 3380">
    <p class='ocr_par' dir='ltr' id='par_1_28' title="bbox 294 3297 2544 3380">
     <span class='ocr_line' id='line_1_43' title="bbox 294 3297 2544 3380; baseline -0.003 -17"><span class='ocrx_word' id='word_1_304' title='bbox 294 3298 443 3363; x_wconf 87' lang='lat'><strong>577.</strong></span> <span class='ocrx_word' id='word_1_305' title='bbox 489 3298 611 3375; x_wconf 90' lang='lat'><strong>(—</strong></span> <span class='ocrx_word' id='word_1_306' title='bbox 643 3300 788 3365; x_wconf 87' lang='lat'><strong>587.</strong></span> <span class='ocrx_word' id='word_1_307' title='bbox 816 3297 937 3359; x_wconf 81' lang='lat' dir='ltr'><strong>vid.</strong></span> <span class='ocrx_word' id='word_1_308' title='bbox 965 3300 1037 3357; x_wconf 89' lang='lat' dir='ltr'><strong>V.</strong></span> <span class='ocrx_word' id='word_1_309' title='bbox 1063 3300 1135 3357; x_wconf 87' lang='lat' dir='ltr'><strong>L.</strong></span> <span class='ocrx_word' id='word_1_310' title='bbox 1199 3298 1375 3377; x_wconf 80' lang='lat' dir='ltr'><strong>W.)</strong></span> <span class='ocrx_word' id='word_1_311' title='bbox 1442 3299 1622 3380; x_wconf 77' lang='lat' dir='ltr'><strong>suga</strong></span> <span class='ocrx_word' id='word_1_312' title='bbox 1643 3300 1844 3377; x_wconf 64' lang='lat' dir='ltr'><strong>segnis</strong></span> <span class='ocrx_word' id='word_1_313' title='bbox 1865 3316 2150 3376; x_wconf 83' lang='lat' dir='ltr'><strong>equorum</strong></span> <span class='ocrx_word' id='word_1_314' title='bbox 2167 3318 2247 3356; x_wconf 83' lang='lat' dir='ltr'><strong>sc.</strong></span> <span class='ocrx_word' id='word_1_315' title='bbox 2263 3300 2544 3377; x_wconf 75' lang='lat' dir='ltr'><strong>quoniam</strong></span> 
     </span>
    </p>
   </div>
   <div class='ocr_carea' id='block_1_29' title="bbox 200 3384 1378 3460">
    <p class='ocr_par' dir='ltr' id='par_1_29' title="bbox 200 3384 1378 3460">
     <span class='ocr_line' id='line_1_44' title="bbox 200 3384 1378 3460; baseline 0.003 -18"><span class='ocrx_word' id='word_1_316' title='bbox 200 3449 205 3460; x_wconf 40' lang='grc' dir='ltr'>Ι</span> <span class='ocrx_word' id='word_1_317' title='bbox 296 3384 463 3443; x_wconf 90' lang='lat' dir='ltr'><strong>Tum</strong></span> <span class='ocrx_word' id='word_1_318' title='bbox 490 3385 637 3451; x_wconf 89' lang='grc'><strong>588.</strong></span> <span class='ocrx_word' id='word_1_319' title='bbox 667 3385 793 3451; x_wconf 90' lang='grc'><strong>589</strong></span> <span class='ocrx_word' id='word_1_320' title='bbox 838 3386 1073 3443; x_wconf 83' lang='lat' dir='ltr'><strong>traiecta</strong></span> <span class='ocrx_word' id='word_1_321' title='bbox 1100 3385 1223 3442; x_wconf 82' lang='lat' dir='ltr'><strong>ima</strong></span> <span class='ocrx_word' id='word_1_322' title='bbox 1264 3385 1378 3446; x_wconf 77' lang='lat' dir='ltr'><strong>cli-</strong></span> 
     </span>
    </p>
   </div>
   <div class='ocr_carea' id='block_1_30' title="bbox 294 3468 1379 3550">
    <p class='ocr_par' dir='ltr' id='par_1_30' title="bbox 294 3468 1379 3550">
     <span class='ocr_line' id='line_1_45' title="bbox 294 3468 1379 3550; baseline 0 -23"><span class='ocrx_word' id='word_1_323' title='bbox 294 3472 391 3549; x_wconf 88' lang='lat' dir='ltr'><strong>pei</strong></span> <span class='ocrx_word' id='word_1_324' title='bbox 457 3490 557 3528; x_wconf 82' lang='lat' dir='ltr'><strong>ora</strong></span> <span class='ocrx_word' id='word_1_325' title='bbox 612 3468 777 3529; x_wconf 73' lang='lat' dir='ltr'><strong>hasta</strong></span> <span class='ocrx_word' id='word_1_326' title='bbox 830 3471 1025 3550; x_wconf 83' lang='lat' dir='ltr'><strong>ipsum</strong></span> <span class='ocrx_word' id='word_1_327' title='bbox 1079 3471 1379 3527; x_wconf 85' lang='lat' dir='ltr'><strong>bubonem</strong></span> 
     </span>
    </p>
   </div>
   <div class='ocr_carea' id='block_1_31' title="bbox 294 3556 1403 3635">
    <p class='ocr_par' dir='ltr' id='par_1_31' title="bbox 294 3556 1403 3635">
     <span class='ocr_line' id='line_1_46' title="bbox 294 3556 1403 3635; baseline -0.002 -20"><span class='ocrx_word' id='word_1_328' title='bbox 294 3556 609 3635; x_wconf 81' lang='lat' dir='ltr'><strong>transfigit3</strong></span> <span class='ocrx_word' id='word_1_329' title='bbox 638 3564 705 3615; x_wconf 86' lang='lat' dir='ltr'><strong>ut</strong></span> <span class='ocrx_word' id='word_1_330' title='bbox 732 3566 931 3615; x_wconf 85' lang='lat' dir='ltr'><strong>contra</strong></span> <span class='ocrx_word' id='word_1_331' title='bbox 958 3556 1249 3635; x_wconf 82' lang='lat' dir='ltr'><strong>superiore</strong></span> <span class='ocrx_word' id='word_1_332' title='bbox 1270 3556 1403 3634; x_wconf 60' lang='lat' dir='ltr'><strong>cli--¹</strong></span> 
     </span>
    </p>
   </div>
   <div class='ocr_carea' id='block_1_32' title="bbox 287 3641 1384 4579">
    <p class='ocr_par' dir='ltr' id='par_1_32' title="bbox 287 3641 1384 4579">
     <span class='ocr_line' id='line_1_47' title="bbox 294 3641 1378 3720; baseline 0.001 -23"><span class='ocrx_word' id='word_1_333' title='bbox 294 3643 393 3720; x_wconf 88' lang='lat' dir='ltr'><strong>pei</strong></span> <span class='ocrx_word' id='word_1_334' title='bbox 437 3661 539 3699; x_wconf 87' lang='lat' dir='ltr'><strong>ora</strong></span> <span class='ocrx_word' id='word_1_335' title='bbox 578 3643 789 3701; x_wconf 80' lang='lat' dir='ltr'><strong>vulnus</strong></span> <span class='ocrx_word' id='word_1_336' title='bbox 828 3641 1181 3700; x_wconf 79' lang='lat' dir='ltr'><strong>inferebatur</strong></span> <span class='ocrx_word' id='word_1_337' title='bbox 1205 3660 1378 3720; x_wconf 83' lang='lat' dir='ltr'><strong>supra</strong></span> 
     </span>
     <span class='ocr_line' id='line_1_48' title="bbox 295 3724 1378 3800; baseline 0 -15"><span class='ocrx_word' id='word_1_338' title='bbox 295 3746 383 3785; x_wconf 80' lang='lat' dir='ltr'><strong>vs.</strong></span> <span class='ocrx_word' id='word_1_339' title='bbox 415 3724 561 3800; x_wconf 84' lang='lat'><strong>476,</strong></span> <span class='ocrx_word' id='word_1_340' title='bbox 590 3727 695 3785; x_wconf 89' lang='lat' dir='ltr'><strong>ubi</strong></span> <span class='ocrx_word' id='word_1_341' title='bbox 732 3747 791 3786; x_wconf 83' lang='lat' dir='ltr'><strong>v.</strong></span> <span class='ocrx_word' id='word_1_342' title='bbox 820 3726 956 3785; x_wconf 85' lang='lat' dir='ltr'><strong>Var.</strong></span> <span class='ocrx_word' id='word_1_343' title='bbox 983 3729 1146 3785; x_wconf 75' lang='lat' dir='ltr'><strong>Lect-</strong></span> <span class='ocrx_word' id='word_1_344' title='bbox 1232 3727 1378 3790; x_wconf 87' lang='lat'><strong>591.</strong></span> 
     </span>
     <span class='ocr_line' id='line_1_49' title="bbox 287 3807 1377 3889; baseline 0.004 -23"><span class='ocrx_word' id='word_1_345' title='bbox 287 3812 437 3889; x_wconf 62' lang='lat' dir='ltr'><strong>piaco</strong></span> <span class='ocrx_word' id='word_1_346' title='bbox 466 3809 758 3889; x_wconf 78' lang='lat' dir='ltr'><strong>epitheton</strong></span> <span class='ocrx_word' id='word_1_347' title='bbox 786 3812 1012 3870; x_wconf 82' lang='lat' dir='ltr'><strong>nullam</strong></span> <span class='ocrx_word' id='word_1_348' title='bbox 1030 3812 1155 3871; x_wconf 82' lang='lat' dir='ltr'><strong>vim</strong></span> <span class='ocrx_word' id='word_1_349' title='bbox 1182 3807 1377 3870; x_wconf 83' lang='lat' dir='ltr'><strong>habet.</strong></span> 
     </span>
     <span class='ocr_line' id='line_1_50' title="bbox 299 3894 1377 3972; baseline 0.001 -20"><span class='ocrx_word' id='word_1_350' title='bbox 299 3895 499 3972; x_wconf 82' lang='lat' dir='ltr'><strong>(„nisi</strong></span> <span class='ocrx_word' id='word_1_351' title='bbox 536 3896 684 3955; x_wconf 85' lang='lat' dir='ltr'><strong>forte</strong></span> <span class='ocrx_word' id='word_1_352' title='bbox 739 3894 803 3955; x_wconf 88' lang='lat' dir='ltr'><strong>h.</strong></span> <span class='ocrx_word' id='word_1_353' title='bbox 854 3897 897 3956; x_wconf 91' lang='lat'><strong>1.</strong></span> <span class='ocrx_word' id='word_1_354' title='bbox 942 3898 1019 3956; x_wconf 93' lang='lat' dir='ltr'><strong>ob</strong></span> <span class='ocrx_word' id='word_1_355' title='bbox 1072 3897 1377 3971; x_wconf 84' lang='lat' dir='ltr'><strong>ultionem,</strong></span> 
     </span>
     <span class='ocr_line' id='line_1_51' title="bbox 297 3979 1381 4064; baseline -0.001 -25"><span class='ocrx_word' id='word_1_356' title='bbox 297 4000 417 4064; x_wconf 90' lang='lat' dir='ltr'><strong>qua</strong></span> <span class='ocrx_word' id='word_1_357' title='bbox 450 3979 525 4039; x_wconf 86' lang='lat' dir='ltr'><strong>de</strong></span> <span class='ocrx_word' id='word_1_358' title='bbox 550 3982 824 4041; x_wconf 75' lang='lat' dir='ltr'><strong>Pallantis</strong></span> <span class='ocrx_word' id='word_1_359' title='bbox 838 3984 1123 4041; x_wconf 85' lang='lat' dir='ltr'><strong>memoria</strong></span> <span class='ocrx_word' id='word_1_360' title='bbox 1143 4000 1381 4061; x_wconf 88' lang='lat' dir='ltr'><strong>prome-</strong></span> 
     </span>
     <span class='ocr_line' id='line_1_52' title="bbox 298 4064 1381 4148; baseline -0.001 -23"><span class='ocrx_word' id='word_1_361' title='bbox 298 4070 415 4125; x_wconf 85' lang='lat' dir='ltr'><strong>ruit</strong></span> <span class='ocrx_word' id='word_1_362' title='bbox 433 4112 450 4141; x_wconf 90' lang='lat'><strong>,</strong></span> <span class='ocrx_word' id='word_1_363' title='bbox 494 4064 607 4125; x_wconf 83' lang='lat' dir='ltr'><strong>hoe</strong></span> <span class='ocrx_word' id='word_1_364' title='bbox 663 4065 959 4148; x_wconf 85' lang='lat' dir='ltr'><strong>epitheton</strong></span> <span class='ocrx_word' id='word_1_365' title='bbox 1013 4064 1381 4146; x_wconf 74' lang='lat' dir='ltr'><strong>acceperit;“</strong></span> 
     </span>
     <span class='ocr_line' id='line_1_53' title="bbox 297 4148 1383 4234; baseline -0.001 -24"><span class='ocrx_word' id='word_1_366' title='bbox 297 4156 379 4211; x_wconf 83' lang='lat' dir='ltr'><strong>ait</strong></span> <span class='ocrx_word' id='word_1_367' title='bbox 404 4150 705 4232; x_wconf 80' lang='lat' dir='ltr'><strong>Ruhkopf.</strong></span> <span class='ocrx_word' id='word_1_368' title='bbox 744 4154 851 4213; x_wconf 83' lang='lat' dir='ltr'><strong>Est</strong></span> <span class='ocrx_word' id='word_1_369' title='bbox 877 4150 1193 4233; x_wconf 84' lang='lat' dir='ltr'><strong>epitheton,</strong></span> <span class='ocrx_word' id='word_1_370' title='bbox 1222 4148 1383 4234; x_wconf 91' lang='lat' dir='ltr'><strong>quod</strong></span> 
     </span>
     <span class='ocr_line' id='line_1_54' title="bbox 296 4236 1384 4320; baseline 0.002 -27"><span class='ocrx_word' id='word_1_371' title='bbox 296 4248 541 4313; x_wconf 82' lang='lat' dir='ltr'><strong>vocant,</strong></span> <span class='ocrx_word' id='word_1_372' title='bbox 574 4248 924 4318; x_wconf 84' lang='lat' dir='ltr'><strong>perpetuum</strong></span> <span class='ocrx_word' id='word_1_373' title='bbox 940 4284 956 4313; x_wconf 91' lang='lat'>,</span> <span class='ocrx_word' id='word_1_374' title='bbox 986 4236 1145 4320; x_wconf 88' lang='lat' dir='ltr'><strong>quod</strong></span> <span class='ocrx_word' id='word_1_375' title='bbox 1174 4236 1384 4297; x_wconf 84' lang='lat' dir='ltr'><strong>adver-</strong></span> 
     </span>
     <span class='ocr_line' id='line_1_55' title="bbox 297 4321 1383 4384; baseline -0.003 -2"><span class='ocrx_word' id='word_1_376' title='bbox 297 4344 393 4383; x_wconf 77' lang='lat' dir='ltr'><strong>sus</strong></span> <span class='ocrx_word' id='word_1_377' title='bbox 436 4322 831 4383; x_wconf 74' lang='lat' dir='ltr'><strong>Schrader-um</strong></span> <span class='ocrx_word' id='word_1_378' title='bbox 874 4334 932 4384; x_wconf 88' lang='lat' dir='ltr'><strong>et</strong></span> <span class='ocrx_word' id='word_1_379' title='bbox 969 4321 1383 4383; x_wconf 76' lang='lat' dir='ltr'><strong>Marklandum</strong></span> 
     </span>
     <span class='ocr_line' id='line_1_56' title="bbox 297 4408 1384 4489; baseline -0.001 -22"><span class='ocrx_word' id='word_1_380' title='bbox 297 4420 453 4468; x_wconf 83' lang='lat' dir='ltr'><strong>recte</strong></span> <span class='ocrx_word' id='word_1_381' title='bbox 480 4420 677 4468; x_wconf 85' lang='lat' dir='ltr'><strong>tuetur</strong></span> <span class='ocrx_word' id='word_1_382' title='bbox 704 4408 958 4469; x_wconf 82' lang='lat' dir='ltr'><strong>Iahnius.</strong></span> <span class='ocrx_word' id='word_1_383' title='bbox 1011 4410 1186 4489; x_wconf 80' lang='lat' dir='ltr'><strong>W.)</strong></span> <span class='ocrx_word' id='word_1_384' title='bbox 1264 4408 1384 4467; x_wconf 88' lang='lat' dir='ltr'><strong>Su-</strong></span> 
     </span>
     <span class='ocr_line' id='line_1_57' title="bbox 296 4494 1381 4579; baseline -0.001 -25"><span class='ocrx_word' id='word_1_385' title='bbox 296 4516 403 4575; x_wconf 88' lang='lat' dir='ltr'><strong>per</strong></span> <span class='ocrx_word' id='word_1_386' title='bbox 457 4498 695 4556; x_wconf 80' lang='lat' dir='ltr'><strong>Aeneae</strong></span> <span class='ocrx_word' id='word_1_387' title='bbox 752 4494 1173 4579; x_wconf 83' lang='lat' dir='ltr'><strong>inhumanitate</strong></span> <span class='ocrx_word' id='word_1_388' title='bbox 1228 4494 1381 4555; x_wconf 89' lang='lat' dir='ltr'><strong>conf.</strong></span> 
     </span>
    </p>
   </div>
   <div class='ocr_carea' id='block_1_33' title="bbox 1458 3382 2549 4577">
    <p class='ocr_par' dir='ltr' id='par_1_33' title="bbox 1458 3382 2549 4577">
     <span class='ocr_line' id='line_1_58' title="bbox 1459 3382 2543 3461; baseline -0.001 -18"><span class='ocrx_word' id='word_1_389' title='bbox 1459 3384 1570 3445; x_wconf 75' lang='lat' dir='ltr'><strong>hos</strong></span> <span class='ocrx_word' id='word_1_390' title='bbox 1595 3384 1933 3443; x_wconf 78' lang='lat' dir='ltr'><strong>incitaverat</strong></span> <span class='ocrx_word' id='word_1_391' title='bbox 1957 3403 2018 3442; x_wconf 81' lang='lat' dir='ltr'><strong>v.</strong></span> <span class='ocrx_word' id='word_1_392' title='bbox 2048 3382 2172 3448; x_wconf 87' lang='lat'><strong>586</strong></span> <span class='ocrx_word' id='word_1_393' title='bbox 2209 3403 2446 3461; x_wconf 68' lang='lat' dir='ltr'><strong>pronus</strong></span> <span class='ocrx_word' id='word_1_394' title='bbox 2474 3386 2543 3442; x_wconf 80' lang='lat' dir='ltr'><strong>in</strong></span> 
     </span>
     <span class='ocr_line' id='line_1_59' title="bbox 1458 3466 2546 3529; baseline -0.002 0"><span class='ocrx_word' id='word_1_395' title='bbox 1458 3470 1726 3529; x_wconf 65' lang='lat' dir='ltr'><strong>verbera.</strong></span> <span class='ocrx_word' id='word_1_396' title='bbox 1741 3478 1852 3527; x_wconf 78' lang='lat' dir='ltr'><strong>aut</strong></span> <span class='ocrx_word' id='word_1_397' title='bbox 1866 3486 2064 3526; x_wconf 75' lang='lat' dir='ltr'><strong>vanae</strong></span> <span class='ocrx_word' id='word_1_398' title='bbox 2079 3466 2326 3525; x_wconf 76' lang='lat' dir='ltr'><strong>umbrae</strong></span> <span class='ocrx_word' id='word_1_399' title='bbox 2337 3488 2546 3527; x_wconf 84' lang='lat' dir='ltr'><strong>exem-</strong></span> 
     </span>
     <span class='ocr_line' id='line_1_60' title="bbox 1458 3552 2541 3636; baseline 0.003 -22"><span class='ocrx_word' id='word_1_400' title='bbox 1458 3556 1558 3636; x_wconf 88' lang='lat' dir='ltr'><strong>plo</strong></span> <span class='ocrx_word' id='word_1_401' title='bbox 1603 3552 1852 3635; x_wconf 84' lang='lat' dir='ltr'><strong>Niphaei</strong></span> <span class='ocrx_word' id='word_1_402' title='bbox 1893 3573 1952 3614; x_wconf 79' lang='lat' dir='ltr'><strong>v.</strong></span> <span class='ocrx_word' id='word_1_403' title='bbox 2009 3552 2156 3618; x_wconf 79' lang='lat'><strong>572.</strong></span> <span class='ocrx_word' id='word_1_404' title='bbox 2203 3552 2349 3618; x_wconf 83' lang='lat'><strong>573.</strong></span> <span class='ocrx_word' id='word_1_405' title='bbox 2395 3553 2541 3631; x_wconf 79' lang='lat'>574,</span> 
     </span>
     <span class='ocr_line' id='line_1_61' title="bbox 1459 3636 2545 3720; baseline -0.002 -20"><span class='ocrx_word' id='word_1_406' title='bbox 1459 3639 1562 3701; x_wconf 80' lang='lat' dir='ltr'><strong>sed</strong></span> <span class='ocrx_word' id='word_1_407' title='bbox 1579 3642 1794 3720; x_wconf 80' lang='lat' dir='ltr'><strong>&#39;sponte</strong></span> <span class='ocrx_word' id='word_1_408' title='bbox 1823 3638 2098 3698; x_wconf 79' lang='lat' dir='ltr'><strong>desiluisti</strong></span> <span class='ocrx_word' id='word_1_409' title='bbox 2127 3636 2200 3697; x_wconf 87' lang='lat' dir='ltr'><strong>de</strong></span> <span class='ocrx_word' id='word_1_410' title='bbox 2221 3656 2413 3698; x_wconf 84' lang='lat' dir='ltr'><strong>curru.</strong></span> <span class='ocrx_word' id='word_1_411' title='bbox 2443 3640 2545 3698; x_wconf 89' lang='lat' dir='ltr'><strong>Si-</strong></span> 
     </span>
     <span class='ocr_line' id='line_1_62' title="bbox 1458 3722 2543 3800; baseline 0.005 -15"><span class='ocrx_word' id='word_1_412' title='bbox 1458 3727 1612 3785; x_wconf 85' lang='lat' dir='ltr'><strong>milis</strong></span> <span class='ocrx_word' id='word_1_413' title='bbox 1653 3744 1968 3785; x_wconf 80' lang='lat' dir='ltr'><strong>sarcasmus</strong></span> <span class='ocrx_word' id='word_1_414' title='bbox 2001 3722 2166 3782; x_wconf 84' lang='lat' dir='ltr'><strong>Iliad.</strong></span> <span class='ocrx_word' id='word_1_415' title='bbox 2196 3747 2272 3800; x_wconf 83' lang='grc' dir='ltr'><strong>π,</strong></span> <span class='ocrx_word' id='word_1_416' title='bbox 2304 3723 2428 3789; x_wconf 87' lang='grc'><strong>745</strong></span> <span class='ocrx_word' id='word_1_417' title='bbox 2457 3758 2543 3770; x_wconf 93' lang='grc'><strong>--</strong></span> 
     </span>
     <span class='ocr_line' id='line_1_63' title="bbox 1460 3809 2544 3891; baseline -0.002 -18"><span class='ocrx_word' id='word_1_418' title='bbox 1460 3811 1608 3876; x_wconf 86' lang='grc'><strong>750.</strong></span> <span class='ocrx_word' id='word_1_419' title='bbox 1694 3809 1870 3888; x_wconf 86' lang='lat' dir='ltr'><strong>(Nou</strong></span> <span class='ocrx_word' id='word_1_420' title='bbox 1920 3812 2053 3869; x_wconf 79' lang='lat' dir='ltr'><strong>satis</strong></span> <span class='ocrx_word' id='word_1_421' title='bbox 2080 3820 2234 3869; x_wconf 81' lang='lat' dir='ltr'><strong>recte</strong></span> <span class='ocrx_word' id='word_1_422' title='bbox 2261 3812 2544 3891; x_wconf 83' lang='lat' dir='ltr'><strong>Heynius.</strong></span> 
     </span>
     <span class='ocr_line' id='line_1_64' title="bbox 1460 3892 2544 3974; baseline -0.001 -20"><span class='ocrx_word' id='word_1_423' title='bbox 1460 3894 1846 3974; x_wconf 75' lang='lat' dir='ltr'><strong>Intelligenda</strong></span> <span class='ocrx_word' id='word_1_424' title='bbox 1885 3892 2032 3956; x_wconf 85' lang='lat' dir='ltr'><strong>haec</strong></span> <span class='ocrx_word' id='word_1_425' title='bbox 2075 3905 2212 3953; x_wconf 83' lang='lat' dir='ltr'><strong>sunt</strong></span> <span class='ocrx_word' id='word_1_426' title='bbox 2254 3894 2328 3954; x_wconf 84' lang='lat' dir='ltr'><strong>de</strong></span> <span class='ocrx_word' id='word_1_427' title='bbox 2371 3916 2544 3954; x_wconf 82' lang='lat' dir='ltr'><strong>curru</strong></span> 
     </span>
     <span class='ocr_line' id='line_1_65' title="bbox 1463 3977 2546 4061; baseline 0.001 -22"><span class='ocrx_word' id='word_1_428' title='bbox 1463 3984 1684 4060; x_wconf 82' lang='lat' dir='ltr'><strong>Lucagi</strong></span> <span class='ocrx_word' id='word_1_429' title='bbox 1701 3998 1934 4057; x_wconf 77' lang='lat' dir='ltr'><strong>everso3</strong></span> <span class='ocrx_word' id='word_1_430' title='bbox 1962 3977 2102 4039; x_wconf 80' lang='lat' dir='ltr'><strong>hinc</strong></span> <span class='ocrx_word' id='word_1_431' title='bbox 2127 3983 2252 4061; x_wconf 87' lang='lat' dir='ltr'><strong>ipse</strong></span> <span class='ocrx_word' id='word_1_432' title='bbox 2283 4001 2315 4039; x_wconf 90' lang='lat' dir='ltr'><strong>e</strong></span> <span class='ocrx_word' id='word_1_433' title='bbox 2328 4001 2371 4038; x_wconf 84' lang='lat' dir='ltr'>x</span> <span class='ocrx_word' id='word_1_434' title='bbox 2387 4002 2420 4039; x_wconf 93' lang='lat' dir='ltr'><strong>c</strong></span> <span class='ocrx_word' id='word_1_435' title='bbox 2435 4001 2546 4040; x_wconf 74' lang='lat' dir='ltr'><strong>us-</strong></span> 
     </span>
     <span class='ocr_line' id='line_1_66' title="bbox 1464 4064 2546 4146; baseline -0.001 -20"><span class='ocrx_word' id='word_1_436' title='bbox 1464 4087 1582 4126; x_wconf 77' lang='lat' dir='ltr'><strong>sus</strong></span> <span class='ocrx_word' id='word_1_437' title='bbox 1609 4088 1696 4126; x_wconf 85' lang='lat' dir='ltr'><strong>vs.</strong></span> <span class='ocrx_word' id='word_1_438' title='bbox 1725 4064 1893 4142; x_wconf 67' lang='lat'>590„</span> <span class='ocrx_word' id='word_1_439' title='bbox 1923 4068 2168 4145; x_wconf 84' lang='lat' dir='ltr'><strong>etLiger</strong></span> <span class='ocrx_word' id='word_1_440' title='bbox 2197 4065 2546 4146; x_wconf 78' lang='lat' dir='ltr'><strong>delapsus</strong></span> 
     </span>
     <span class='ocr_line' id='line_1_67' title="bbox 1464 4150 2546 4231; baseline -0.005 -18"><span class='ocrx_word' id='word_1_441' title='bbox 1464 4172 1550 4213; x_wconf 80' lang='lat' dir='ltr'><strong>vs.</strong></span> <span class='ocrx_word' id='word_1_442' title='bbox 1582 4152 1728 4217; x_wconf 87' lang='grc'><strong>596.</strong></span> <span class='ocrx_word' id='word_1_443' title='bbox 1813 4153 2026 4212; x_wconf 84' lang='lat' dir='ltr'><strong>Currus</strong></span> <span class='ocrx_word' id='word_1_444' title='bbox 2064 4162 2262 4211; x_wconf 82' lang='lat' dir='ltr'><strong>autem</strong></span> <span class='ocrx_word' id='word_1_445' title='bbox 2289 4150 2546 4231; x_wconf 88' lang='lat' dir='ltr'><strong>prodi-</strong></span> 
     </span>
     <span class='ocr_line' id='line_1_68' title="bbox 1465 4236 2546 4319; baseline -0.004 -23"><span class='ocrx_word' id='word_1_446' title='bbox 1465 4247 1491 4296; x_wconf 87' lang='lat' dir='ltr'><strong>t</strong></span> <span class='ocrx_word' id='word_1_447' title='bbox 1504 4258 1546 4295; x_wconf 85' lang='lat' dir='ltr'><strong>u</strong></span> <span class='ocrx_word' id='word_1_448' title='bbox 1560 4258 1587 4296; x_wconf 78' lang='lat' dir='ltr'><strong>s</strong></span> <span class='ocrx_word' id='word_1_449' title='bbox 1627 4236 1837 4297; x_wconf 84' lang='lat' dir='ltr'><strong>dicitur</strong></span> <span class='ocrx_word' id='word_1_450' title='bbox 1850 4282 1867 4314; x_wconf 91' lang='lat'>‚</span> <span class='ocrx_word' id='word_1_451' title='bbox 1941 4239 2076 4319; x_wconf 86' lang='lat' dir='ltr'><strong>quia</strong></span> <span class='ocrx_word' id='word_1_452' title='bbox 2135 4256 2333 4295; x_wconf 80' lang='lat' dir='ltr'><strong>everso</strong></span> <span class='ocrx_word' id='word_1_453' title='bbox 2378 4236 2546 4293; x_wconf 78' lang='lat' dir='ltr'><strong>facile</strong></span> 
     </span>
     <span class='ocr_line' id='line_1_69' title="bbox 1466 4320 2547 4403; baseline -0.004 -22"><span class='ocrx_word' id='word_1_454' title='bbox 1466 4323 1637 4401; x_wconf 85' lang='lat' dir='ltr'><strong>potiri</strong></span> <span class='ocrx_word' id='word_1_455' title='bbox 1662 4333 1852 4403; x_wconf 78' lang='lat' dir='ltr'><strong>potest</strong></span> <span class='ocrx_word' id='word_1_456' title='bbox 1875 4322 2104 4381; x_wconf 77' lang='lat' dir='ltr'><strong>Aeneas</strong></span> <span class='ocrx_word' id='word_1_457' title='bbox 2129 4342 2216 4380; x_wconf 80' lang='lat' dir='ltr'><strong>vs.</strong></span> <span class='ocrx_word' id='word_1_458' title='bbox 2231 4320 2408 4394; x_wconf 87' lang='lat'><strong>595.;</strong></span> <span class='ocrx_word' id='word_1_459' title='bbox 2439 4338 2547 4377; x_wconf 87' lang='lat' dir='ltr'><strong>cu-</strong></span> 
     </span>
     <span class='ocr_line' id='line_1_70' title="bbox 1466 4402 2549 4467; baseline -0.002 -2"><span class='ocrx_word' id='word_1_460' title='bbox 1466 4410 1556 4467; x_wconf 83' lang='lat' dir='ltr'><strong>ius</strong></span> <span class='ocrx_word' id='word_1_461' title='bbox 1583 4410 1665 4466; x_wconf 86' lang='lat' dir='ltr'><strong>rei</strong></span> <span class='ocrx_word' id='word_1_462' title='bbox 1693 4428 1864 4467; x_wconf 81' lang='lat' dir='ltr'><strong>causa</strong></span> <span class='ocrx_word' id='word_1_463' title='bbox 1891 4426 2012 4466; x_wconf 85' lang='lat' dir='ltr'><strong>non</strong></span> <span class='ocrx_word' id='word_1_464' title='bbox 2041 4416 2126 4464; x_wconf 83' lang='lat' dir='ltr'><strong>est</strong></span> <span class='ocrx_word' id='word_1_465' title='bbox 2165 4402 2398 4463; x_wconf 80' lang='lat' dir='ltr'><strong>tarditas</strong></span> <span class='ocrx_word' id='word_1_466' title='bbox 2439 4405 2549 4463; x_wconf 79' lang='lat' dir='ltr'><strong>ali-</strong></span> 
     </span>
     <span class='ocr_line' id='line_1_71' title="bbox 1471 4488 2546 4577; baseline -0.002 -26"><span class='ocrx_word' id='word_1_467' title='bbox 1471 4514 1588 4576; x_wconf 88' lang='lat' dir='ltr'><strong>qua</strong></span> <span class='ocrx_word' id='word_1_468' title='bbox 1619 4512 1922 4577; x_wconf 85' lang='lat' dir='ltr'><strong>equorum,</strong></span> <span class='ocrx_word' id='word_1_469' title='bbox 1940 4490 2116 4549; x_wconf 82' lang='lat' dir='ltr'><strong>nulla</strong></span> <span class='ocrx_word' id='word_1_470' title='bbox 2145 4490 2344 4568; x_wconf 68' lang='lat' dir='ltr'><strong>segnis</strong></span> <span class='ocrx_word' id='word_1_471' title='bbox 2353 4488 2546 4571; x_wconf 82' lang='lat' dir='ltr'><strong>juga,</strong></span> 
     </span>
    </p>
   </div>
  </div>
 </body>
</html>
