3009 5050
361 1812 370 1821 ,
467 1762 661 1819 nodio.
691 1780 722 1815 a
749 1780 819 1815 m.
845 1781 926 1831 pr.
967 1762 1112 1828 Wr.)

466 467 615 541 264
945 456 1028 529 P.
1082 449 1610 531 vumlml
1660 406 2217 526 MAR‘ONIS

461 642 1008 746 Raptabatque
1033 639 1176 715 viri
1211 636 1617 714 mendacis
1644 636 1939 712 viscera
1970 633 2247 711 Tullus

464 756 622 828 Per
649 746 957 840 silvam,
1013 756 1094 819 et
1121 742 1366 842 sparsi
1389 740 1767 817 rorabant
1790 739 2169 836 sanguine
2200 742 2503 838 vepres.
2522 744 2707 817 ‚645

463 859 632 933 Nec
657 872 826 926 non
852 847 1375 949 Tarquinium
1416 845 1759 923 eiectum
1790 848 2197 919 Porsenna
2234 840 2561 919 iubebat

465 955 893 1055 Adcipere‚
941 950 1408 1049 ingentique
1451 948 1741 1025 urbem
1789 945 2210 1023 obsidione
2252 943 2709 1046 premebat3

466 1056 887 1138 Aeneadae
929 1055 1010 1128 in
1039 1050 1347 1128 sermm
1381 1077 1535 1153 pro
1567 1050 1931 1127 libertate
1956 1049 2317 1127 ruebant.

463 1163 701 1243 Illum
731 1157 1167 1256 indignanti
1204 1156 1587 1250 similem,
1640 1153 2149 1255 similemque
2178 1151 2513 1228 minanti

467 1264 985 1366 Adspiceres3
1073 1272 1411 1360 pontem
1489 1260 1823 1436 audizet
1900 1260 2081 1360 quia
2174 1256 2471 1335 vellere
2550 1256 2709 1439 ἓὲὀ

1625 1385 1666 1436 c
1748 1384 1807 1459 S,

571 1514 742 1587 646.
785 1508 1156 1583 Ponsnna
1361 1508 1535 1580 650.
1590 1520 1807 1589 ouon
1852 1523 1923 1577 v.

607 1694 710 1749 645
737 1692 885 1747 malit
909 1695 1094 1747 abesse
1119 1692 1200 1745 Io.
1227 1676 1517 1745 Schrader.
1578 1706 1775 1772 sparso
1802 1675 1995 1757 bigot„
2040 1687 2211 1741 minus
2234 1687 2406 1743 docte.
2478 1687 2715 1759 (sparsio

1259 1760 1364 1815 646
1408 1762 1747 1829 Torquatum
1788 1761 1925 1812 Ven.
1967 1756 2187 1809 uox-vill.
2223 1757 2319 1811 Ed.
2349 1759 2485 1811 Ven.
2528 1766 2585 1807 et
2624 1756 2713 1821 al...

467 1841 530 1885 ut
567 1840 623 1883 et
661 1830 792 1883 alibi
829 1834 1118 1885 aberratur.
1186 1833 1438 1883 Pro-vena
1473 1827 1623 1881 multi
1662 1828 1859 1911 passim
1886 1844 2001 1879 cum
2029 1828 2200 1892 Rom„
2248 1837 2309 1877 ut
2332 1826 2477 1891 apud
2505 1826 2713 1878 Livium

467 1916 704 1969 qnoque,
747 1900 852 1952 vid.
881 1902 1114 1953 Gronov.
1145 1908 1204 1951 ot
1241 1898 1504 1951 Drakenb.
1545 1898 1614 1951 ad
1642 1897 1737 1949 hb.
1764 1898 1830 1961 Π,
1861 1896 1913 1949 9.
1950 1896 2165 1949 ῦτΔοοὶι
2200 1897 2507 1965 Πορσῖνος,
2558 1896 2711 1963 Πορ-

469 1964 672 2037 σήνας,
709 1969 1017 2037 Πορσίναςς
1051 1978 1108 2022 at
1135 1970 1424 2022 Porsenna
1445 1966 1605 2019 etiam
1631 1966 1820 2019 Medic.
1889 1968 2139 2019 Porsena
2175 1968 2505 2019 membranae
2536 1966 2711 2017 Brun-

469 2037 605 2103 ekii,
638 2038 781 2107 quod
807 2040 925 2109 ipse
967 2055 1176 2107 quoquo
1206 2036 1413 2108 probat.
1481 2038 1542 2089 ln
1586 2038 1715 2089 Dan.
1758 2044 1813 2087 et
1907 2034 1973 2089 ic.
2012 2035 2345 2087 Heinsiorum
2380 2033 2712 2088 Editionibus

469 2108 758 2161 Porsenna
793 2107 1014 2176 legitur3
1079 2106 1274 2159 nullum
1294 2117 1468 2157 autem
1487 2106 1633 2189 apud
1658 2102 1776 2159 Nic.
1816 2106 1998 2158 Heius.
2038 2106 2109 2157 de
2146 2105 2439 2173 scripturae
2482 2104 2713 2159 diversi-

467 2185 582 2229 tate
601 2176 844 2239 verbum3
879 2194 1038 2245 quaro
1064 2177 1110 2229 is
1147 2176 1202 2227 in
1227 2175 1407 2239 libris,
1455 2176 1643 2244 quibus
1670 2192 1791 2226 usus
1816 2184 1924 2241 est,
1969 2193 2094 2227 mss.
2126 2178 2415 2228 Porsenna
2446 2186 2713 2227 exaratum

467 2246 728 2297 invenisse
769 2244 994 2299 videtur.
1061 2247 1186 2298 Non
1219 2244 1370 2296 valdo
1411 2260 1538 2295 curo
1580 2246 1897 2297 Graecorum
1947 2242 2369 2298 consuetudinem
2383 2282 2399 2307 ‚
2452 2244 2518 2296 ad
2558 2262 2715 2313 quam

468 2330 576 2366 non
621 2314 810 2384 ubique
846 2326 990 2367 recte
1031 2315 1295 2366 nominum
1338 2313 1647 2367 Latinorum
1683 2314 1993 2385 scripturam
2043 2315 2237 2381 exigas.
2304 2313 2585 2367 Audiamus
2628 2313 2714 2365 hic

469 2382 726 2435 Servium:
761 2388 931 2449 „Sane
961 2387 1272 2436 Porsenna:
1307 2400 1466 2435 unum
1495 2400 1535 2434 n
1566 2383 1769 2437 addidit
1806 2384 1959 2437 metri
1998 2397 2182 2443 causa3
2232 2384 2371 2435 unde
2416 2394 2471 2435 et
2557 2382 2711 2435 enul-

467 2451 628 2505 timae
656 2452 806 2505 datus
834 2464 1075 2506 accentus
1103 2461 1206 2505 est:
1261 2470 1380 2504 nam
1405 2452 1655 2505 Porsena
1690 2452 1859 2505 dictus
1888 2463 1983 2505 est.
2032 2455 2083 2504 M
2089 2451 2257 2506 artial.
2292 2452 2469 2521 Epigr.
2539 2491 2555 2517 ,
2596 2454 2710 2507 a:

469 2522 618 2574 Hanc
642 2541 667 2573 s
707 2535 876 2576 ectare
899 2541 1102 2576 manum
1130 2523 1360 2574 Porsena
1401 2538 1511 2574 non
1556 2522 1781 2593 potuit.“
1849 2529 1925 2576 Ac
1968 2526 2219 2576 Porsena
2258 2522 2457 2593 dactyli
2498 2540 2714 2576 mensn-

469 2609 582 2644 ram
607 2592 678 2644 ha
717 2603 770 2644 ot
799 2595 954 2646 etiam
989 2592 1130 2662 apud
1169 2591 1352 2646 Silium
1397 2593 1535 2657 vul,
1575 2593 1695 2646 891.
1728 2593 1846 2647 480.
1892 2595 1967 2656 X,
2002 2592 2123 2646 484.
2160 2592 2298 2656 502„
2344 2605 2401 2644 et
2434 2593 2537 2644 iam
2573 2592 2713 2662 apud

469 2659 742 2713 Horatium
764 2663 822 2714 in
845 2661 1074 2714 carmine
1097 2677 1256 2731 puros
1295 2661 1500 2714 iambos
1536 2662 1766 2714 habente
1803 2663 1973 2732 Epod.
2006 2661 2157 2724 XVI,
2194 2661 2276 2714 4.=
2332 2662 2587 2728 „Minacis
2616 2671 2715 2714 ant

469 2731 688 2784 Etrusca
708 2732 749 2783 P
768 2747 1060 2783 orsenao
1093 2735 1325 2782 manus.“
1394 2733 1571 2794 Quare
1614 2731 1689 2783 ita
1729 2732 2055 2784 statuendum
2090 2730 2325 2783 videtur:
2376 2732 2431 2784 in
2478 2730 2713 2800 pedestri

471 2815 739 2865 sermone,
787 2809 932 2853 certe
961 2801 1102 2868 apud
1139 2804 1547 2869 praestantiores
1586 2800 1901 2870 scriptores,
1946 2800 2277 2852 retinendum
2316 2817 2431 2854 esse
2465 2801 2715 2854 Porsena

469 2879 718 2938 correpta
743 2869 916 2922 media
939 2869 1172 2938 syllaba,
1211 2868 1268 2920 iu
1292 2869 1604 2922 carminibus
1634 2881 1835 2935 autem,
1886 2869 1977 2921 ubi
2016 2869 2341 2937 producatur
2386 2887 2448 2921 ea
2488 2870 2713 2936 syllaba,

470 2941 786 3003 Porsenna,
855 2939 998 3007 qnod
1056 2939 1330 2999 revocavi,
1408 2939 1755 3006 probandum.
1833 2939 2003 2990 Aliter
2054 2937 2217 2988 visum
2280 2947 2361 2989 est
2409 2939 2712 2993 Niebuhrio

469 3011 658 3060 Roem.
687 3009 878 3060 Geso-lt.
907 3006 1029 3059 Vol.
1053 3009 1095 3058 1.
1124 3016 1237 3060 not.
1268 3009 1437 3071 1200„
1465 3007 1588 3060 coll.
1628 3015 1739 3060 not.
1790 3009 1939 3062 1107.
1985 3006 2125 3072 Wr.)
2264 3005 2370 3061 647
2402 3009 2714 3076 ingentem—

472 3093 579 3147 que
609 3077 746 3128 Gud.
773 3093 804 3126 a
827 3093 893 3126 m.
917 3092 1000 3141 pr.
1137 3074 1240 3128 650
1273 3078 1401 3144 quia
1426 3094 1478 3127 ν.
1505 3092 1684 3128 omnes
1714 3075 1851 3127 Pier.
1895 3086 1949 3127 et
1986 3074 2283 3138 Heinsiaui,
2331 3075 2572 3128 Mediceo
2604 3093 2713 3130 non

473 3161 598 3196 exce
635 3153 711 3195 to.
819 3144 878 3194 ui
913 3143 1162 3210 agnoscit
1189 3142 1284 3194 Iul.
1321 3145 1502 3213 Pomp.
1572 3147 1669 3214 qui
1720 3144 1960 3196 avellere
1993 3161 2123 3195 unus
2164 3143 2304 3196 Pier.
2375 3146 2714 3218 audet-etque

473 3228 578 3264 ave
623 3229 714 3262 ere
769 3161 921 3263 gom.
1003 3213 1150 3282 quod
1197 3211 1373 3280 vulgg.
1437 3222 1492 3264 et
1542 3214 1723 3266 Franc.
1797 3215 1893 3282 qui
1927 3213 2159 3264 auderet
2201 3213 2407 3266 vellere
2452 3215 2547 3269 Ed.
2577 3217 2710 3268 Ven.

473 3280 656 3348 (quia,
689 3279 833 3346 quod
861 3280 1066 3332 restitui
1083 3321 1095 3343 ,
1129 3279 1284 3333 facile
1315 3281 1627 3349 intelligitur
1648 3283 1721 3336 'ab
1748 3281 1811 3332 iis
1841 3291 2089 3332 mutatum
2132 3299 2246 3333 esse
2263 3321 2280 3347 ,
2328 3284 2419 3352 qui
2458 3283 2713 3337 eiusmodi

471 3346 648 3402 verbis
663 3385 680 3412 ,
713 3347 888 3416 qualia
917 3360 1038 3402 sunt
1061 3351 1350 3422 indignari
1375 3357 1432 3402 et
1457 3352 1686 3418 minan',
1718 3351 1864 3420 quod
1901 3349 2089 3402 subiici
2125 3351 2301 3404 solere
2338 3355 2709 3408 meminissent.

473 3535 563 3584 ter
599 3525 768 3584 urbes
807 3526 1070 3602 Latinas,
1127 3529 1396 3610 viamque
1437 3529 1549 3587 sibi

473 3606 552 3669 ad
603 3613 994 3691 principatum
1049 3615 1396 3673 Latinorum
1437 3634 1549 3694 pa-

473 3695 640 3755 ravit.
737 3697 1030 3768 Quaesivit
1089 3699 1153 3755 in
1217 3700 1547 3759 narratione

473 3779 726 3861 aliquid,
770 3781 930 3864 quod
970 3783 1226 3841 novitate
1265 3805 1370 3843 sua
1415 3787 1547 3844 ani-

473 3885 640 3922 mum
695 3877 956 3926 moveret
997 3879 1054 3926 et
1103 3880 1374 3927 ornatum
1418 3890 1549 3929 car-

472 3951 619 4008 mini
658 3949 912 4011 adderet.
998 3951 1167 4010 Idem
1216 3965 1358 4033 puta
1411 3975 1551 4017 eum

473 4045 752 4115 spectasse
779 4040 844 4094 in
871 4048 1194 4096 ceterarum
1232 4059 1428 4096 rerum
1455 4038 1551 4098 di-

471 4121 646 4179 lectu.
761 4126 906 4186 643.
985 4121 1154 4181 docte
1220 4143 1553 4205 magnaque

473 4225 612 4264 cum
637 4207 698 4265 vi
724 4207 950 4266 inversa
977 4208 1157 4266 oratio
1197 4208 1260 4266 in
1299 4209 1442 4267 illis:
1487 4219 1557 4265 at

475 4301 543 4348 m
591 4291 653 4349 cl.
703 4309 844 4370 pro:
925 4291 1083 4373 quod
1135 4295 1199 4350 in
1259 4291 1376 4351 fide
1429 4312 1555 4351 non

473 4388 779 4435 manserat.
823 4375 921 4452 (at
940 4389 1104 4436 ιιι-
1117 4397 1402 4452 maeres,
1431 4376 1552 4437 vid.

471 4463 606 4521 Not.
636 4461 710 4520 ad
735 4463 833 4538 Iv,
865 4466 1012 4529 678.
1059 4474 1118 4523 et
1142 4465 1216 4524 V.
1243 4466 1316 4522 1..
1343 4462 1419 4524 ad
1443 4465 1552 4540 XI,

1635 3527 1777 3594 153.
1832 3528 2011 3608 Wr.)
2118 3532 2428 3592 mendacis
2478 3533 2712 3612 proprie

1628 3613 1855 3692 perfidi.
1938 3618 2028 3675 De
2080 3617 2355 3677 foeditate
2403 3619 2711 3697 spectaculi

1630 3700 1809 3757 oculis
1852 3701 2076 3781 ingrata
2132 3723 2192 3761 v.
2235 3707 2299 3762 in
2346 3705 2591 3763 Excurs.
2630 3704 2711 3762 IV

1633 3783 1709 3843 ad
1745 3782 1807 3843 h.
1846 3787 1979 3847 libr.
2064 3787 2180 3865 (De
2223 3793 2477 3871 quaesita
2517 3791 2580 3846 in
2623 3788 2711 3848 his

1631 3873 2031 3954 proximisque
2058 3875 2313 3933 versibus
2341 3877 2470 3934 soni
2506 3877 2711 3933 simili-

1632 3955 1837 4100 tiinine
1864 3957 1985 4017 vid.
2011 3960 2083 4016 V.
2112 3961 2181 4017 1..
2212 3958 2287 4017 ad
2317 3960 2424 4018 Ge.
2473 3961 2520 4035 1,
2569 3961 2710 4025 157.

1730 4042 1819 4119 r.)

1723 4125 2103 4192 646—651.
2130 4127 2259 4186 mv.
2286 4130 2360 4203 11,
2390 4132 2431 4192 9
2460 4149 2549 4210 sq.
2601 4128 2710 4188 Ef-

1636 4209 1802 4268 fictus
1848 4221 2047 4272 autem
2101 4213 2398 4272 Porsenna
2440 4226 2593 4273 stans
2636 4211 2713 4273 acl

1637 4294 1923 4355 Tiberim.
2024 4297 2169 4361 650.
2229 4309 2473 4376 pontem
2530 4301 2713 4359 subli-

1636 4382 1795 4438 cium
1820 4423 1837 4452 ‚
1908 4382 2161 4440 evellens
2224 4385 2413 4443 trabes
2482 4385 2713 4444 sublicis

1634 4465 1947 4544 impositas.
2008 4467 2227 4530 vinclis
2248 4471 2481 4547 ruptis,
2518 4472 2712 4551 simpl.
