3009 5050
562 436 1175 515 AENEIDOS
1225 439 1436 517 LIB.
1484 440 1693 532 VIII,
1750 446 2187 522 312—329

2346 454 2495 526 219

255 624 566 703 Primus
601 624 696 699 ab
729 622 1085 701 aetherio
1121 624 1338 700 venit
1373 627 1755 703 Saturnus
1788 625 2161 729 Olymp0,

255 736 496 807 Arma
520 729 728 803 Iovis
757 726 1105 825 fugiens,
1161 741 1244 803 et
1269 732 1535 827 regnis
1566 731 1782 806 exsul
1818 730 2171 811 ademtis,

2348 744 2499 814 320

254 836 330 911 Is
357 854 610 929 genus
639 830 986 908 indocile
1019 856 1108 907 ac
1142 830 1589 934 dispersum
1618 833 2025 910 montibus
2060 834 2227 911 altis

260 935 740 1035 Conposuit,
795 933 1172 1038 legesque
1207 934 1468 1033 dedit,
1520 938 1993 1039 Latiumque
2022 942 2283 1015 vocari

255 1038 568 1135 Maluit,
621 1038 744 1112 his
774 1039 1157 1139 quoniam
1181 1038 1531 1116 latuisset
1558 1053 1774 1116 tutus
1805 1042 1885 1116 in
1926 1042 2102 1120 oris,

258 1149 518 1221 Aurea
549 1166 752 1243 quae
778 1141 1207 1244 perhibent
1226 1204 1246 1239 ‚
1302 1142 1436 1219 illo
1465 1142 1615 1219 sub
1643 1166 1833 1241 rege
1862 1142 2093 1219 fuere

262 1244 625 1322 Saecula:
674 1246 784 1320 sic
823 1243 1129 1347 placida
1159 1246 1504 1347 populos
1534 1247 1616 1321 in
1643 1272 1839 1348 pace
1865 1246 2231 1344 regebat3

2351 1258 2501 1334 325

257 1350 630 1426 Deterior
655 1347 918 1425 donec
947 1347 1354 1450 paullatim
1384 1375 1472 1426 ac
1497 1341 1833 1426 decolor
1863 1362 2069 1425 aetas

256 1454 362 1529 Et
387 1450 580 1528 belli
612 1453 868 1528 rabies
905 1465 988 1529 et
1021 1476 1250 1529 amor
1277 1457 1649 1531 successit
1680 1452 2051 1533 habendi.

265 1559 476 1631 Tum
503 1579 786 1631 manus
814 1557 1156 1633 Ausonia
1189 1570 1268 1632 et
1292 1570 1571 1655 gentes
1604 1582 1900 1633 venere
1932 1558 2293 1649 Sicanae;

265 1658 596 1759 Saepius
629 1657 712 1736 et'
741 1683 1050 1736 nomen
1077 1662 1344 1761 posuit
1372 1662 1733 1739 Saturnia
1760 1660 2014 1739 tellus.

365 1802 538 1875 324.
587 1818 951 1873 runmmr

397 1968 520 2025 319.
549 1969 655 2023 ΒΨ
686 1970 892 2023 Laudat
925 1972 1194 2042 Augustin.
1230 1973 1286 2025 G.
1320 1974 1384 2025 D.
1419 1974 1537 2040 VII,
1566 1974 1654 2029 26.
1790 1973 1897 2029 320
1928 1992 1989 2025 re
2064 1973 2144 2025 ia:
2193 1970 2361 2023 terris
2406 1984 2507 2049 pro

263 2034 372 2087 div.
406 2038 534 2091 lect.
569 2040 771 2108 Hagen.
873 2041 982 2096 323
1031 2054 1190 2095 tutuo
1232 2044 1490 2095 latuisset
1532 2042 1673 2112 apud
1717 2042 1952 2095 Lactaut.

2041 2045 2170 2093 eina.
2238 2041 2296 2091 in
2332 2038 2509 2091 horus

266 2106 430 2160 Goth.
464 2126 568 2161 sec.
670 2108 775 2165 324
802 2116 994 2163 Aurea
1027 2130 1170 2183 quae
1191 2110 1480 2183 perhibent
1512 2114 1693 2165 Heius.
1728 2112 1937 2165 refinxit
1971 2130 2036 2165 ex
2070 2108 2225 2164 codd.
2256 2117 2369 2159 tum
2399 2106 2506 2159 tui·

265 2244 466 2299 diceum
503 2266 644 2318 quae
681 2261 743 2300 ut
777 2268 807 2301 e
893 2250 1036 2301 'bere
1071 2253 1148 2303 ait
1169 2269 1183 2282 ·

28 2234 30 2241 ,
147 2204 162 2221 .
263 2185 372 2227 tum
405 2177 562 2243 Pier„
597 2179 836 2232 omnibus
871 2196 938 2233 ue
971 2180 1184 2233 omnino
1223 2182 1709 2252 praestantioribus,
1742 2184 1893 2234 Rom.
1911 2179 2103 2234 Medio.
2136 2178 2203 2231 al.
2241 2176 2362 2243 (etsi
2387 2178 2510 2228 Me-

1169 2286 1184 2303 .
1199 2252 1355 2373 iza-od
1377 2252 1667 2321 Fogginius
1701 2267 1809 2303 non
1846 2250 2143 2320 expressit).
2211 2248 2387 2315 Vulgo
2420 2246 2509 2297 le-

265 2324 404 2369 ctum
441 2327 583 2368 erat:
617 2322 931 2390 Aureaque,
968 2332 1030 2371 ut
1055 2321 1194 2391 perh
1251 2334 1378 2383 επις

1440 2324 1519 2390 (ut
1554 2332 1635 2373 est
1673 2322 1729 2373 in
1764 2320 1927 2373 Palat.
1971 2320 2113 2384 Wr.)
2164 2318 2307 2385 quod
2337 2325 2511 2368 ortum

269 2400 334 2437 ex
369 2384 704 2438 librariorum
737 2404 886 2441 more
921 2406 954 2459 q
984 2406 1085 2458 per
1117 2389 1479 2457 compendium
1510 2389 1796 2454 ucfibendi,
1827 2389 1969 2511 2⁰⁰⁶
2004 2391 2155 2440 etiam
2189 2386 2282 2439 ulii
2314 2387 2512 2455 depra-

267 2454 468 2507 vationi
501 2456 674 2507 locum
721 2456 853 2509 fecit
883 2458 940 2508 in
973 2458 1177 2528 aliquot
1219 2459 1354 2512 Pier.
1389 2467 1687 2530 Aureaque
1722 2478 1826 2532 per

1864 2458 2014 2511 ibent
2046 2488 2112 2496 —
2143 2454 2341 2528 suisse-
2403 2460 2511 2507 Ar-

271 2535 480 2592 gutatnr
513 2529 683 2577 Burm-
707 2526 877 2599 fuere
911 2539 1032 2578 ante
1069 2528 1247 2580 Heius.
1296 2529 1473 2600 (idque
1528 2547 1559 2581 e
1592 2531 1781 2581 Medic.
1826 2527 2163 2598 plurimisque
2212 2527 2329 2578 alii·
2356 2524 2512 2578 codd.

264 2595 647 2646 restituendum
681 2611 798 2647 ease
831 2597 1052 2648 vidimus
1088 2599 1152 2660 Q.
1189 2599 1256 2650 V.
1291 2599 1358 2649 V.
1425 2600 1467 2650 E
1495 2599 1662 2650 Paris.
1696 2615 1853 2649 unum
1892 2599 1971 2652 12.

1069 2664 1170 2718 325
1206 2666 1375 2736 longa
1407 2671 1555 2718 Serv.
1588 2683 1636 2718 v.
1673 2669 1843 2718 Burm.

263 2663 531 2716 Posterius
565 2664 748 2714 refert.
788 2667 870 2717 W
865 2663 932 2732 r.)

2040 2607 2241 2649 uerunt
2264 2594 2513 2646 exhibere

2099 2681 2165 2716 ac
2198 2665 2350 2716 deest
2374 2665 2512 2716 Ven.

263 2731 372 2786 328
405 2749 604 2783 manue
651 2733 930 2798 Ausonia,
974 2731 1032 2785 h.
1078 2738 1341 2798 Ausones,
1391 2735 1661 2802 praeclare
1702 2735 1882 2786 Heius.
1928 2732 2169 2804 reposuit
2225 2751 2289 2784 ex
2322 2732 2513 2784 Medic.

265 2801 406 2854 Gud.
443 2809 502 2852 et
534 2801 669 2854 Ven.
704 2819 735 2854 a
769 2819 838 2854 m.
872 2819 976 2856 seo.
1016 2817 1130 2853 cum
1163 2803 1416 2856 Romano.
1483 2803 1661 2870 Vulgo
1697 2821 1811 2854 cum
1845 2803 2055 2856 Servio:
2104 2820 2173 2852 m.
2217 2803 2513 2853 Ausoniae.

267 2873 326 2924 In
362 2869 534 2939 Bigot.
573 2870 727 2922 abest
759 2883 828 2924 ee.
887 2872 950 2940 (Ε
984 2869 1244 2924 Serviani·
1277 2871 1551 2934 discimus,
1598 2871 1761 2922 fuisse
1780 2909 1795 2933 ,
1844 2871 1933 2940 qui
1965 2887 2074 2922 non
2107 2879 2233 2938 post
2264 2871 2516 2934 Sicanae,

269 2941 365 2992 ned
395 2949 524 3012 post
557 2943 792 3010 Saepius
821 2940 1275 3012 interpungerent3
1312 2952 1369 2994 et
1399 2943 1472 2994 ita
1507 2939 1847 3011 distinguitur
1878 2940 1936 2991 in
1966 2939 2225 2992 Medieeo.
2264 2927 2411 3005 Wr.)

269 3083 428 3142 turni
467 3083 610 3162 fuga
634 3085 698 3140 in
725 3079 831 3143 has
871 3094 1085 3157 terras,
1129 3081 1352 3158 ductus,
1435 3083 1555 3144 vid.
1616 3083 1687 3154 Q.
1746 3083 1819 3141 V.
1876 3081 2125 3156 XXXV,
2172 3081 2274 3143 16.
2336 3077 2515 3157 W.)

269 3181 338 3228 ut
375 3165 606 3228 videtur
621 3213 638 3243 ,
704 3189 780 3226 ex
823 3171 1177 3250 etymologia
1219 3187 1351 3228 voc.
1436 3173 1583 3234 322.
1613 3169 1771 3248 leg-es·
1796 3167 1961 3226 dedit
1975 3209 2001 3240 ,
2028 3166 2091 3226 h.
2118 3185 2311 3224 mores
2338 3175 2397 3222 et
2420 3166 2518 3222 in-

270 3257 446 3314 Latii
485 3273 522 3312 a
567 3253 828 3312 latendo.
929 3255 1234 3314 Saturnus
1259 3265 1354 3312 ta-
1435 3258 1681 3328 stituta3
1754 3253 1908 3312 conf.
1982 3255 2108 3327 VII,
2164 3255 2313 3316 203.
2369 3247 2517 3316 204.

269 3359 412 3399 men
437 3359 658 3400 numen
700 3342 1044 3400 Latinorum
1082 3341 1354 3421 patrium,
1439 3340 1585 3405 825.
1627 3359 1817 3397 aurea
1852 3339 2096 3398 saecula
2136 3337 2375 3396 observa
2414 3355 2521 3416 per

271 3427 422 3486 forte
452 3447 487 3482 a
513 3437 654 3484 satu
665 3469 692 3497 ,
733 3446 840 3486 seu
877 3429 1098 3486 satione
1139 3445 1354 3501 rerum,
1428 3445 1653 3504 pacem·
1694 3424 1991 3485 declarari.
2092 3427 2239 3488 326.
2287 3421 2523 3480 decolor

271 3513 532 3592 inprimis
561 3511 816 3591 frugum.
901 3510 1023 3572 Sed
1053 3531 1358 3592 compara-
1439 3522 1611 3570 oetan
1637 3521 1900 3592 respectu
1928 3511 2083 3584 auri,
2126 3510 2321 3568 colore
2348 3510 2522 3568 vitia-

271 3608 364 3658 tus
390 3599 490 3656 ille
519 3617 657 3655 oum
693 3599 885 3657 Crono
913 3599 1134 3658 fabulas
1171 3601 1360 3658 Grae·-
1439 3607 1502 3656 to
1520 3642 1537 3672 ,
1594 3595 1737 3656 dum
1793 3617 1960 3656 aerea
1999 3597 2097 3656 vel
2140 3595 2326 3653 ferrea
2368 3604 2523 3653 aetas

273 3703 478 3744 oormn
503 3685 568 3742 in
596 3703 658 3742 se
687 3683 990 3744 derivandi
1017 3686 1360 3765 opportuni·
1441 3682 1793 3742 succederet.
1881 3686 2027 3748 328.
2066 3701 2287 3739 manua
2310 3679 2523 3737 Amo-

271 3781 456 3829 tatem
509 3768 688 3829 dedit.
785 3771 1001 3830 Contra
1052 3772 1360 3830 Ausonum

275 3855 540 3938 adeoque
577 3856 968 3936 Aboriginum
1017 3867 1076 3914 et
1117 3858 1360 3915 Latino-

275 3958 408 4002 rum
463 3943 771 4021 religiones
842 3941 1114 4002 videntur
1187 3942 1362 4000 fuisse

275 4025 446 4088 valde
473 4029 794 4106 simplices3
847 4045 906 4087 v.
947 4030 1192 4086 Excurs.
1220 4028 1274 4086 V
1303 4036 1364 4086 et

273 4115 354 4172 lv
416 4112 493 4172 ad
537 4115 640 4172 lib.
683 4113 814 4172 VII.
913 4111 1052 4190 (--
1085 4113 1361 4184 Prinuts,

275 4198 396 4257 vid.
441 4200 512 4271 Ω.
538 4200 612 4258 V.
653 4199 925 4275 XXVIII,
969 4203 1028 4274 3,
1071 4218 1132 4277 g.
1182 4195 1362 4278 W.)

279 4287 426 4349 821.
473 4283 730 4342 indocile
742 4307 768 4359 ;
823 4285 992 4346 Serv.
1038 4301 1146 4364 pro
1187 4281 1364 4342 indo-

280 4379 480 4430 ctum:
519 4371 724 4429 malim
749 4389 858 4452 pro
884 4372 1009 4429 fero
1050 4379 1110 4428 et
1155 4371 1366 4448 agresti

283 4457 562 4536 accipere.
650 4453 766 4532 (De
791 4457 1049 4516 numeris
1075 4453 1250 4516 huius
1277 4475 1366 4516 vs.

1441 3770 1571 3826 nia.
1660 3769 1926 3828 Ausones
1944 3812 1961 3842 ,
2021 3785 2167 3849 quos
2224 3767 2423 3826 Livius
2466 3775 2525 3822 et

1441 3855 1542 3912 alii
1584 3857 1761 3934 vulgo
1802 3854 2151 3932 Aborigines
2211 3853 2523 3932 appellant.

1439 3959 1500 3998 v.
1528 3941 1774 3999 ExcurS.
1802 3941 1881 3998 IV
1911 3937 1987 3998 ad
2012 3941 2115 3998 lib.
2134 3937 2523 4000 VILExcurs.

1441 4027 1500 4084 II
1546 4025 1620 4084 ad
1662 4027 1764 4086 lib.
1808 4025 1965 4084 VIII.
2028 4025 2281 4084 Sicanos
2330 4032 2527 4080 autem

1445 4123 1737 4172 memorat
1762 4121 1965 4192 poeta,
2002 4129 2107 4194 seu
2134 4106 2295 4189 quod
2324 4115 2527 4164 auoto-

1445 4217 1538 4256 res
1564 4197 1803 4271 habuit,
1846 4199 1950 4278 qui
1992 4207 2050 4254 et
2078 4193 2187 4254 hos
2210 4196 2277 4250 in
2300 4191 2527 4248 Italiam

1446 4286 1671 4344 venisse
1698 4279 2024 4355 traderent3
2068 4296 2205 4338 oum
2242 4277 2381 4332 alias
2426 4271 2528 4328 Si·-

1447 4389 1623 4428 canos
1678 4388 1713 4427 a
1764 4366 2072 4444 Ligun‘bus
2128 4377 2204 4418 ux
2254 4355 2531 4434 Hispflnin

1445 4455 1642 4534 pulsos
1668 4455 1732 4512 in
1760 4450 2021 4512 Siciliam
2062 4442 2348 4504 uaieoisse
2386 4454 2531 4502 ner-
