3009 5050
465 358 708 504 '126
919 481 928 491 .
1162 419 2215 528 EXCURSUSI

553 618 766 698 pietate
793 615 1094 674 coleretur.
1175 611 1332 671 Res
1313 613 1577 692 inprimis
1598 611 1665 670 in
1690 611 1916 690 tragicis
1946 610 2135 670 obvia.
2206 611 2367 668 Facit
2394 620 2591 668 autem
2620 611 2789 670 etiam

555 699 650 759 hic
677 703 962 760 iustorum
985 699 1194 759 nutrici
1219 700 1539 777 persolutus
1567 695 1754 756 honos
1782 696 1859 755 ad
1896 699 2133 754 Aeneae
2174 697 2449 776 pietatem
2492 693 2791 756 declaran-

557 785 714 844 dam.
798 787 956 844 Haec
986 795 1043 842 et
1069 785 1274 842 similla
1303 787 1556 862 cogitare
1584 782 1797 840 debet
1778 803 1857 857 is,
1900 783 1997 842 cui
2022 779 2167 840 haec
2198 783 2427 840 Caietae
2454 785 2790 840 memoratio

555 873 725 930 nimis
751 869 980 930 videtur
1005 887 1125 928 esse
1153 872 1338 928 tenuis
1369 881 1426 928 et
1453 871 1617 948 epico
1644 869 1845 947 spiritu
1868 867 2128 946 indigna.
2214 867 2340 926 Hoc
2369 879 2567 926 tamen
2590 889 2790 927 verum

557 967 675 1031 est,
713 967 844 1036 post
871 957 1116 1014 similem
1143 953 1218 1014 de
1241 957 1464 1016 Miseno
1494 965 1553 1017 et
1579 955 1851 1010 Palinuro
1880 956 2267 1014 narrationem
2294 957 2615 1012 novitatem
2656 953 2789 1012 huic

555 1043 785 1100 Caietae
801 1042 1336 1100 commemorationi
1363 1033 1578 1098 deesse.
1662 1039 1783 1098 Nec
1812 1035 1923 1096 hoc
1952 1057 2073 1096 non
2102 1041 2337 1098 sensisse
2381 1038 2565 1098 videri
2608 1051 2791 1118 potest

551 1137 754 1210 poeta,
799 1129 900 1210 qui
925 1127 1170 1185 similem
1198 1127 1372 1184 aliam
1399 1123 1471 1184 de
1500 1125 1710 1194 Baia,
1752 1125 1971 1182 EuxIni
2008 1135 2225 1200 matre,
2268 1125 2527 1184 fabulam
2570 1123 2792 1200 (Victor

555 1214 626 1272 0.
655 1215 729 1273 G.
757 1215 827 1271 R.
865 1213 972 1292 10)
999 1231 1119 1270 non
1147 1214 1363 1292 attigit:
1408 1229 1517 1267 nec
1546 1210 1904 1266 Leuc-osiam
1944 1211 2191 1268 insulam
2233 1212 2297 1267 in
2334 1213 2467 1268 sinu
2508 1212 2791 1270 Paestano

553 1317 588 1356 a
617 1299 958 1362 consobrina
983 1299 1218 1358 Aeneae
1245 1307 1346 1354 aut
1364 1293 1743 1372 Pmchytam
1770 1296 1843 1352 ab
1870 1296 1993 1354 eius
2032 1305 2279 1372 cognata
2315 1297 2398 1354 ibi
2438 1297 2663 1375 sepulta
2706 1295 2790 1372 (v.

550 1386 791 1463 Dionys.
817 1385 866 1458 1,
897 1383 1006 1462 58)
1037 1385 1386 1464 appellatam
1409 1399 1735 1439 mnorare
1762 1381 1963 1439 voluit.
2046 1383 2099 1438 N
2101 1401 2166 1439 ec
2194 1381 2316 1438 sine
2358 1380 2573 1440 iudicio
2612 1381 2793 1440 videri

555 1467 727 1528 debet
754 1470 1010 1526 omisisse
1035 1467 1146 1526 alia
1175 1486 1434 1529 errorum
1461 1467 1741 1526 Aeneae
1722 1485 1787 1522 ιιι
1813 1463 1899 1524 his
1926 1466 2065 1524 locis
2092 1467 2330 1544 vestigia
2350 1467 2528 1544 vulgo
2558 1465 2790 1542 credita,

555 1573 706 1635 quae
744 1554 972 1632 poetica
1015 1564 1136 1612 arte
1175 1555 1408 1615 motari
1449 1554 1549 1610 vix
1596 1562 1893 1630 poterant,
1948 1562 2016 1609 ut
2054 1550 2396 1608 Aenariam
2448 1551 2717 1610 insulam
2752 1573 2795 1610 a

553 1641 808 1696 statione
829 1638 1082 1696 navitam
1106 1638 1354 1695 Aeneae
1379 1635 1595 1696 dictam
1622 1633 1779 1716 apud
1804 1637 1957 1696 Plin-
1976 1637 2077 1711 111,
2108 1641 2149 1701 6
2178 1642 2359 1701 s.12
2402 1633 2605 1707 Quid?
2636 1637 2795 1718 quod

557 1721 703 1782 adeo
732 1722 808 1781 ad
837 1721 1164 1782 Sardiniam
1207 1725 1492 1782 Troianos
1542 1723 1808 1780 nonnulli
1849 1733 2111 1781 veterum
2154 1719 2543 1796 deduxeraut3
2586 1743 2793 1803 parum

557 1805 756 1881 docte,
811 1819 986 1885 puto,
1031 1819 1086 1866 et
1117 1830 1190 1868 ex
1217 1809 1360 1867 lolai
1386 1810 1659 1882 nomine,
1704 1805 1777 1866 de
1821 1827 1937 1890 quo
1982 1817 2069 1865 tat
2110 1807 2339 1876 fabulae
2370 1811 2449 1865 «ιιι
2492 1809 2795 1867 Sardiniae

499 1909 518 1930 ⁸
555 1851 872 1972 originibus
912 1888 1231 1968 habentur,
1295 1896 1569 1974 opinione
1608 1892 1820 1952 ducta:
1881 1895 2053 1952 Paus.
2096 1895 2175 1968 X,
2226 1898 2323 1968 17,
2365 1914 2427 1972 Ρ.
2476 1899 2601 1959 887
2648 1905 2795 1954 extr.

555 1992 737 2060 quam
765 1980 939 2034 etiam
967 1977 1142 2038 Silius
1171 1981 1428 2061 sequitur
1451 1980 1552 2038 lib.
1581 1981 1714 2054 xil,
1744 1983 1868 2044 363
1899 1997 2087 2063 sqq.

725 2104 996 2162 Ceterum
1021 2111 1172 2160 totus
1198 2101 1296 2158 ille
1335 2099 1538 2159 littoris
1576 2109 1789 2157 tractus
1828 2097 2035 2158 fabulis
2076 2097 2271 2178 priscis
2308 2097 2685 2159 inclaruerat:
2730 2113 2796 2160 ut

553 2181 715 2248 tanto
743 2191 928 2267 magis
969 2198 1141 2267 poeta
1188 2197 1383 2245 noster
1428 2166 1736 2264 decqpere
1778 2181 1852 2242 de
1894 2185 1961 2242 iis
2002 2181 2268 2242 nonnihil
2310 2187 2579 2264 potuerit.
2663 2187 2717 2243 N
2720 2205 2795 2244 on

490 2300 499 2311 ·
553 2276 730 2354 longe
760 2294 795 2332 a
823 2274 1018 2332 Caieta
1048 2271 1283 2330 aberant
1310 2269 1625 2340 Formiae,
1666 2272 2155 2349 Laestrygonum,
2184 2269 2440 2330 ferorum
2464 2269 2799 2346 hominum,

557 2361 660 2443 qui
688 2379 860 2418 carne
887 2357 1144 2416 humana
1171 2359 1324 2416 vesci
1350 2357 1626 2428 solebant,
1656 2353 1817 2412 sedes
1849 2355 1920 2411 ab
1950 2357 2203 2413 Homero
2230 2356 2594 2414 nobilitatae.
2636 2357 2797 2415 unde

556 2443 702 2504 adeo
753 2445 896 2503 Silio
939 2445 1092 2516 vm,
1135 2443 1254 2508 581
1299 2451 1557 2522 regnata
1596 2439 1795 2498 Lamo
1840 2439 2045 2498 Caieta
2093 2439 2245 2499 dicta
2290 2451 2394 2501 est.
2478 2443 2599 2499 Nec
2640 2445 2797 2501 male

555 2528 791 2591 ovidius
835 2532 975 2589 Met.
1022 2530 1177 2605 XIV,
1228 2528 1346 2594 158
1388 2548 1517 2611 sqq.
1562 2547 1749 2585 unuin
1794 2546 1870 2585 ex
1912 2527 2125 2607 Ulyssis
2178 2529 2379 2603 sociis,
2440 2530 2795 2605 Macareum,

555 2618 920 2697 superstitem
944 2618 1008 2673 in
1049 2614 1137 2673 his
1179 2616 1318 2672 locis
1363 2614 1534 2671 finxit
1576 2614 1809 2671 Aeneae
1852 2630 2183 2671 occurreret
2242 2614 2345 2671 etsi
2386 2611 2799 2675 Achemenidis

551 2705 617 2761 in
648 2703 970 2782 Cyclopum
999 2712 1163 2759 antro
1193 2700 1376 2759 relicti
1404 2720 1478 2757 ex
1504 2700 1607 2759 lib.
1634 2700 1718 2757 111
1742 2696 2014 2757 Aeneidis
2046 2698 2381 2777 exemplum
2406 2702 2619 2759 Nasoni
2662 2713 2797 2760 ante

555 2790 752 2848 oculos
795 2788 968 2847 fuisse
1009 2786 1178 2845 facile
1219 2787 1574 2865 intelligitur.
1659 2786 1764 2844 Est
1812 2794 2009 2843 autem
2051 2783 2125 2842 ad
2168 2804 2366 2841 rerum
2406 2784 2585 2843 fidem
2624 2786 2799 2845 valde

553 2872 1090 2949 accommodatmn,
1148 2870 1338 2930 adhuc
1394 2872 1787 2930 Troianorum
1836 2870 2191 2950 temporibus
2240 2866 2505 2929 homines
2544 2870 2695 2930 feros
2741 2882 2803 2932 et

553 2957 1062 3039 anthropophagos
1116 2959 1314 3015 Italiae
1369 2958 1640 3029 saltibus,
1709 2956 1947 3015 lacubus
2006 2965 2064 3013 et
2120 2956 2351 3033 ignibus
2414 2958 2802 3017 subterraneis

550 3042 819 3103 horridae
847 3046 974 3102 loca
1001 3044 1205 3102 saltem
1233 3042 1515 3099 nonnulla
1554 3038 1921 3099 inhabitasse.
2004 3042 2155 3099 Hinc
2200 3051 2259 3101 et
2308 3040 2455 3099 Caci
2492 3046 2803 3103 memoria.

553 3131 629 3188 cf.
660 3128 734 3187 ad
761 3128 862 3187 lib.
891 3130 1024 3187 VIII
1049 3130 1293 3187 Excurs.
1319 3128 1395 3184 11.

731 3246 926 3305 Circes
954 3244 1222 3304 insulam
1237 3288 1261 3318 ,
1300 3264 1480 3327 quam
1505 3194 1837 3304 adeundam
1866 3264 1985 3304 esse
2026 3246 2282 3305 Helenus
2324 3247 2444 3304 iam
2484 3245 2805 3327 praedixe-

553 3340 643 3389 rat
673 3329 800 3407 (lib.
827 3334 927 3405 111,
959 3336 1082 3396 386
1125 3331 1294 3389 Ante
1336 3342 1394 3388 et
1415 3366 1503 3377 —-
1528 3332 1889 3412 Aeaeaeque
1928 3332 2133 3389 inmla
2184 3333 2381 3390 Gir-ces
2418 3331 2806 3407 lustr-anda),

551 3434 676 3474 non
721 3418 908 3494 magis
950 3420 1401 3494 praetermittere
1445 3416 1645 3477 debuit
1687 3429 1893 3497 poeta,
1936 3438 2073 3477 cum
2112 3418 2211 3475 illa
2254 3419 2329 3477 ab
2369 3416 2614 3476 heroicis
2656 3418 2807 3476 inde

553 3501 907 3579 temporibus
934 3512 1236 3580 tantopere
1261 3503 1470 3561 fabulis
1495 3504 1857 3583 frequentata
1886 3513 1944 3560 et
1972 3505 2256 3563 celebrata
2299 3514 2473 3577 esset,
2530 3506 2807 3585 inprimis

554 3588 627 3645 ab
657 3590 910 3647 Homero
942 3585 1148 3667 Odyss.
1177 3610 1230 3648 κ.
1271 3588 1482 3645 Circeii
1507 3588 1745 3669 quidem
1771 3598 1980 3646 notum
2008 3600 2091 3648 est
2115 3592 2267 3649 Latii
2292 3592 2805 3669 promontorium.

553 3674 840 3731 Homerus
891 3684 1091 3732 tamen
1138 3683 1332 3729 narrat
1377 3672 1449 3730 de
1504 3692 1608 3749 eo,
1664 3686 1965 3755 tamquam
2008 3674 2081 3733 de
2116 3676 2322 3735 insula.
2418 3676 2675 3745 Chre-eii,
2736 3687 2811 3733 ut

553 3758 730 3817 Plinii
754 3760 941 3817 verbis
969 3758 1384 3834 utar(1ib.111,
1415 3758 1472 3829 5,
1505 3760 1594 3839 9),
1638 3759 1843 3817 imula
1886 3760 2191 3839 quondam
2222 3762 2509 3819 inmenso
2552 3760 2811 3840 quidem

551 3846 712 3901 mari
741 3842 1156 3915 cib-cumdum,
1199 3853 1268 3901 ut
1313 3843 1573 3901 creditur
1617 3846 1925 3915 Homer-0,
1966 3856 2037 3903 at
2075 3867 2239 3905 nunc
2270 3844 2535 3923 planitie
2574 3847 2683 3923 (cf.
2704 3850 2809 3949 .n'

553 3929 638 3995 85
665 3950 711 3987 3.
741 3930 874 4009 87).
956 3932 1104 3987 Nata
1131 3927 1270 3987 hino
1312 3931 1538 4009 opinio,
1582 3942 1815 4009 aggesta
1858 3930 2168 3990 fluminum
2206 3932 2417 3989 alluvie
2458 3943 2643 4007 terra,
2700 3934 2812 3991 in·—

550 4014 741 4073 sulam
797 4013 1110 4095 aliquando
1164 4015 1378 4072 factam
1431 4034 1552 4073 esse
1606 4018 2035 4075 continentem·
2018 4060 2035 4093 ,
2088 4038 2149 4077 v.
2202 4014 2593 4097 Theophrast.
2648 4020 2814 4076 Hist.

549 4098 746 4161 Plant.
770 4100 841 4174 V,
873 4104 932 4174 9,
965 4120 1143 4181 quem
1169 4102 1364 4158 locum
1391 4102 1613 4159 Plinius
1658 4105 1999 4181 expressitl.
2030 4124 2081 4161 c.
2166 4104 2289 4161 Nec
2328 4105 2585 4161 limitum
2628 4102 2817 4162 dissi-

549 4183 686 4261 det,
729 4184 889 4266 quod
913 4188 1093 4245 Varro
1123 4184 1464 4261 tradiderat,
1507 4198 1577 4245 ut
1618 4206 1652 4243 e
1696 4188 1897 4248 Servio
1942 4186 2019 4246 ad
2061 4188 2162 4247 lib.
2207 4188 2669 4264 111,386.v11‚
2724 4194 2817 4253 10

549 4269 823 4346 discitur,
877 4270 1051 4330 fuisse
1095 4271 1301 4329 Circen
1343 4274 1622 4347 insulam,
1677 4272 1944 4332 nondum
1986 4275 2205 4333 siccatis
2246 4272 2587 4353 paludibus,
2646 4294 2819 4357 quae

549 4374 682 4415 eam
710 4354 1040 4419 dividebant
1069 4376 1104 4415 a
1133 4360 1468 4417 continenti.
1556 4358 1771 4431 Quod
1752 4380 1815 4417 ιιι
1842 4358 2061 4461 priscae
2087 4360 2287 4418 Italiae
2312 4360 2557 4418 silvestri
2590 4357 2821 4419 habitu

547 4444 678 4522 quis
704 4444 976 4518 miretur,
1019 4462 1160 4503 cum
1183 4444 1328 4505 tales
1353 4445 1513 4507 lacus
1538 4446 1713 4505 multi
1738 4442 1931 4505 adhuc
1974 4447 2087 4505 sint
2126 4446 2193 4504 in
2234 4446 2439 4505 vicinis
2478 4446 2659 4521 locis,
2709 4444 2825 4504 hi-
