3009 5050
479 391 602 466 46-

961 381 1046 459 P.
1100 371 1629 458 VIRGILII
1691 363 2247 453 MARONIS'

481 571 766 652 Cisseis
797 563 1242 670 p'ra'egnans
1269 557 1468 664 i'gnis
1498 563 1733 640 enixa'
1752 551 2073 660 iugalis3

2584 569 2765 640 320

482 676 698 771 Quin
730 673 954 749 idem
979 670 1274 750 Veneri
1301 681 1573 770 partus
1598 691 1823 763 sum,
1865 678 1946 742 et
1980 665 2197 743 Paris
2231 663 2447 760 alter,

477 783 1038 875 Funestaeque
1073 773 1366 849 iterum
1400 771 1745 849 recidiva
1776 771 1859 844 in
1890 775 2275 868 Pergama
2300 767 2607 848 taedae.

581 885 798 958 Haec
827 878 971 955 ubi
1007 876 1217 954 dicta
1245 875 1504 974 dedit,
1558 885 1806 975 terras
1836 872 2244 950 horrenda
2282 873 2579 974 petivit.

619 1054 725 1108 seo
751 1069 1036 1136 praegnas
1059 1017 1300 1106 mum(
1328 1049 1469 1102 eud.
1500 1049 1691 1104 Medic.
1720 1057 1781 1102 et
1812 1048 1923 1114 aas,
1946 1047 2037 1102 hic
2066 1057 2121 1100 et
2144 1047 2291 1100 affl.
2318 1046 2479 1102 eam
2498 1039 2751 1102 Mncfob.

483 1124 575 1187 Ν,
611 1125 647 1177 2
667 1141 726 1192 Ρ.
755 1121 880 1177 451.

947 1121 1187 1204 (nugales
1211 1119 1399 1172 Medic.
1443 1121 1531 1173 W
1521 1119 1590 1190 r.)

1674 1121 1821 1170 Prae
1900 1135 2005 1170 ans
2046 1119 2241 1172 &sacia
2272 1117 2445 1170 Lutat.
2490 1117 2559 1171 ad
2602 1123 2747 1172 Stat.

481 1193 614 1246 Aah.
649 1195 690 1260 Ι,
723 1193 810 1246 22.
913 1189 1020 1248 82
1052 1191 1326 1244 naahas
1353 1189 1566 1242 videt-r
1593 1188 1802 1242 Set-viu·
1849 1188 2037 1256 egisse.

483 1344 572 1392 ret
615 1330 801 1411 (conf.
842 1333 951 1392 inf.
993 1330 1074 1407 X,
1117 1335 1268 1396 704.
1322 1333 1452 1398 705
1513 1342 1571 1391 et

481 1439 678 1479 versus
736 1438 832 1500 ap.
877 1420 1000 1478 Cic.
1049 1416 1124 1476 de
1164 1419 1299 1477 Div.
1341 1421 1388 1492 1,
1433 1419 1571 1499 21),

484 1507 661 1564 enixa
700 1515 788 1562 est
828 1505 1000 1583 ignes
1041 1505 1108 1562 iu
1292 1545 1318 1573 ,
1361 1505 1571 1564 coniu-

481 1593 641 1671 gales
656 1634 674 1663 ‚
713 1593 940 1670 peperit
961 1591 1334 1647 matrimonio
1362 1589 1569 1664 filium,

483 1679 588 1758 qui
636 1677 810 1733 Asiae
863 1674 1202 1733 incendium
1245 1686 1366 1733 erat
1407 1675 1573 1734 futu-

482 1781 617 1836 rus3
660 1779 868 1821 verum
913 1763 1089 1819 simili
1143 1759 1322 1818 modo
1379 1761 1573 1820 facem

484 1843 732 1906 edidisse
758 1856 930 1925 partu
957 1845 1246 1906 credenda
1297 1846 1404 1905 erit
1451 1847 1575 1906 Ve—

481 1952 630 2008 nus-⁰,
673 1932 871 1990 similis
897 1932 1048 2011 ignis
1091 1933 1202 1990 erit
1239 1932 1455 1990 Veneri
1496 1931 1574 1989 fi·

483 2019 596 2077 lius
651 2037 789 2076 suus
804 2061 820 2091 ‚
877 2017 1107 2075 Aeneas
1167 2015 1570 2098 (exquisitiusz

483 2107 605 2169 821
663 2103 815 2182 quin
856 2101 1016 2160 idem
1085 2101 1306 2162 Veneri
1347 2111 1573 2180 partu-s

484 2187 660 2268 sum)
678 2229 706 2259 ,
765 2197 824 2245 et
867 2190 978 2246 erit
1015 2189 1116 2246 ille
1137 2187 1316 2245 'alter
1357 2189 1571 2257 Paris,

486 2284 546 2332 et
573 2283 746 2331 erunt
785 2274 1000 2330 iterum
1027 2273 1322 2353 funestae
1361 2273 1576 2330 taedae

484 2361 554 2416 in
580 2359 890 2438 Per-gum
915 2359 1183 2418 recidiva
1197 2401 1224 2430 ,
1267 2357 1330 2418 h.
1361 2379 1414 2417 e.
1455 2377 1573 2417 no·-

484 2463 586 2505 va·
616 2442 762 2504 haec
833 2445 1049 2520 'Pi-oia,
1135 2463 1240 2504 seu
1313 2443 1574 2503 restituta

413 2562 420 2567 ·
483 2532 880 2591 manorum
899 2530 1169 2605 fortuna,
1219 2530 1434 2588 iterum
1463 2550 1590 2588 exae

483 2618 740 2697 perietm·
778 2627 1084 2698 tamquam
1145 2616 1394 2673 alterum
1433 2616 1575 2674 nia-

485 2720 627 2761 cum
684 2701 1002 2761 excidium.
1085 2700 1352 2759 recidiva
1417 2702 1574 2759 Per*-

480 2806 676 2868 gama
689 2831 715 2859 ,
757 2788 835 2846 cf.
864 2786 942 2846 ad
967 2787 1065 2862 IV,
1096 2784 1242 2851 344.
1320 2788 1577 2847 Multum

484 2875 692 2952 tragici
719 2874 950 2953 spiritus
978 2870 1118 2931 huic
1145 2873 1277 2932 loco
1301 2874 1474 2933 inest.

572 2962 698 3024 823
755 2976 886 3039 sqq.
945 2958 1226 3041 Sequitur
1277 2960 1442 3018 locus
1499 2955 1577 3017 de

475 3042 707 3101 -ΛΖσι-ὑο
720 3084 748 3115 ,
789 3045 1098 3101 Furiarum
1139 3062 1292 3117 una,
1359 3062 1438 3103 ex
1476 3044 1577 3101 in·-

484 3129 622 3188 feris
647 3130 899 3187 excitata
925 3148 962 3185 a
989 3132 1216 3187 Iunone
1232 3171 1249 3203 ,
1295 3138 1354 3187 et
1387 3130 1578 3186 Ama-

454 3224 582 3285 ‚tae
597 3247 636 3290 ‚·
660 3214 857 3274 Latini
895 3217 1068 3272 uxori
1083 3256 1101 3291 ‚
1155 3232 1305 3273 mox
1355 3215 1575 3274 Latinis

485 3317 726 3383 quoque
772 3300 1052 3359 matribus
1107 3299 1383 3376 familias,
1445 3309 1577 3359 tum

487 3388 701 3445 Turno
716 3430 733 3461 ,
776 3386 1022 3444 Teucris
1066 3402 1302 3467 quoque
1347 3395 1407 3444 et
1446 3386 1578 3444 Ab-

487 3472 806 3550 originibus
829 3472 1089 3528 immissa
1105 3514 1121 3545 ‚
1167 3471 1397 3551 egregie
1443 3474 1579 3553 qui-

487 3556 628 3619 dem
654 3558 756 3615 ille
781 3566 1052 3615 motams
1083 3566 1142 3613 et
1171 3568 1403 3615 ornatus
1416 3602 1432 3635 ,
1471 3559 1577 3614 Iu-

489 3642 708 3704 venalis
738 3660 974 3723 quoque
1015 3640 1232 3701 iudicio
1278 3640 1415 3702 Set.
1445 3642 1575 3719 vll,

489 3732 576 3794 66
620 3746 764 3809 sqq.¹
809 3726 1286 3805 commendatus3
1347 3730 1410 3787 in
1455 3743 1599 3812 quo·

488 3823 688 3872 tamen
741 3814 969 3875 inventi
1036 3814 1444 3875 subtilitatem·
1477 3817 1577 3875 vel

487 3899 805 3958 sollertiam
829 3918 954 3959 non
981 3899 1130 3960 adeo
1155 3918 1435 3981 magnam
1477 3904 1575 3961 vi·-

489 3982 625 4043 deO.
734 3986 1102 4066 Excogitatu·
1155 3999 1309 4047 certe
1363 3988 1575 4047 facilli-

489 4088 660 4129 mum
685 4070 948 4149 videtur,
1001 4072 1146 4133 odiis
1174 4084 1238 4133 et
1259 4074 1601 4133 inimicitiis

491 4176 570 4215 ex
587 4158 721 4236 -ipsa
747 4176 812 4215 re
839 4160 990 4217 natis
1011 4204 1026 4235 ,
1070 4162 1254 4219 Furiis
1283 4159 1398 4219 hoc
1423 4177 1579 4238 neg-

491 4244 681 4300 otium
723 4240 895 4319 dare,
943 4256 1012 4305 ut
1051 4248 1335 4305 tumultus
1365 4257 1422 4304 et
1449 4246 1581 4305 bel-

490 4328 976 4390 lum-excitetur.-
1033 4334 1252 4390 Poetae
1279 4342 1480 4389 tamen
1512 4350 1581 4389 ea

489 4415 555 4472 in
609 4411 730 4477 hoo
779 4418 1028 4498 contigit
1061 4418 1324 4477 'felicitas
1339 4460 1358 4492 ,
1418 4414 1581 4498 quod

1652 1351 1775 1390 non
1816 1331 1880 1388 iu
1938 1327 2259 1408 allegoricis
2316 1330 2575 1410 personis
2630 1329 2749 1409 ipsi

1654 1419 1765 1476 fuit
1793 1415 2301 1498 acquiescendum.
2386 1417 2543 1476 Sunt
2580 1418 2749 1473 enim

1653 1504 1861 1562 Furiae
1890 1521 1968 1560 ex
1993 1503 2221 1581 poetica
2248 1521 2317 1560 ac
2344 1500 2605 1582 mythice
2628 1500 2751 1559 do-

1655 1589 1839 1648 ctrina
1890 1605 2065 1646 verae
2124 1587 2269 1646 deae
2328 1587 2485 1667 apud
2526 1587 2749 1646 inferos

1654 1675 1969 1733 collocatae
1986 1716 2001 1746 ,
2048 1683 2117 1732 ut
2154 1693 2327 1753 supra
2360 1672 2613 1733 vIdimus
2640 1673 2748 1747 vl,

1653 1763 1781 1826 280
1820 1761 2113 1817 immissae
2158 1759 2343 1820 Oresti
2384 1771 2443 1817 et
2484 1759 2751 1817 Herculi.

1658 1839 1923 1908 Λύσσαν
1950 1845 2187 1904 Herculi
2233 1847 2309 1904 ab
2348 1847 2471 1924 ipsa
2514 1847 2749 1903 Iunone

1654 1940 1723 1989 ut
1746 1927 1811 1990 h.
1830 1931 1872 1989 l.
1898 1931 2219 1990 inanium
2246 1933 2311 1988 in
2332 1949 2574 1990 scenam
2598 1945 2749 2010 pro-

1657 2017 1791 2076 tulit
1814 2017 2121 2096 Euripides
2151 2017 2417 2076 Herculis
2460 2018 2573 2074 fun
2615 2019 2751 2082 822

1654 2120 1819 2184 seqq.
1905 2103 2181 2161 Ceterum
2204 2103 2445 2162 invento
2472 2099 2606 2176 hoc,
2640 2104 2749 2160 etsi

1654 2207 1763 2267 per
1804 2207 1868 2246 se
1911 2190 2049 2246 exili
2094 2199 2151 2246 et
2188 2189 2387 2246 ieiuno
2406 2232 2423 2263 ‚
2480 2189 2751 2246 certatim

1652 2274 1746 2332 usi
1800 2283 1937 2332 sunt
1990 2285 2200 2356 poetae
2242 2275 2555 2356 sequiores.
2643 2273 2748 2334 Sic

1656 2355 1827 2418 ovid.
1882 2359 1967 2418 IV
2019 2361 2161 2418 Met.
2217 2358 2345 2424 422
2400 2380 2528 2442 sqq.
2596 2357 2748 2440 (quo

1656 2454 1991 2527 comparato
2016 2445 2241 2527 Virgilii
2278 2447 2621 2527 sapientiam
2647 2447 2749 2504 in-

1655 2532 1913 2610 telligas3
1974 2550 2116 2591 nam
2173 2529 2271 2591 hio
2326 2546 2522 2590 rerum
2579 2547 2749 2589 sum-

1654 2631 1819 2674 mam
1856 2618 2128 2701 persequi
2168 2626 2473 2677 contentus
2528 2626 2745 2687 terrm,

1655 2702 1879 2784 inquit,
1912 2704 2135 2781 petivit
2178 2714 2235 2761 et
2278 2704 2391 2759 ciet
2405 2726 2433 2776 ;
2484 2714 2543 2761 at
2588 2702 2747 2783 apud

1658 2788 1829 2845 illum
1856 2790 1981 2868 ipsa
2007 2791 2155 2849 Iuno
2186 2784 2484 2847 descendit
2529 2787 2606 2847 ad
2648 2792 2749 2846 in-

1657 2873 1810 2932 feros
1838 2884 1897 2932 et
1926 2886 2129 2934 evocat
2170 2875 2371 2933 Furias
2385 2920 2404 2949 ,
2448 2884 2515 2932 ut
2556 2872 2747 2933 Atha-

1656 2969 1923 3017 mantem
1972 2961 2037 3017 in
2091 2960 2352 3019 fin-orem
2410 2962 2745 3039 coniiciant)

1656 3044 1876 3103 Statius
1902 3046 1933 3102 1
1956 3043 2153 3105 Theb.
2183 3048 2267 3111 88
2296 3065 2423 3127 sqq.
2468 3046 2643 3105 Silius
2668 3048 2745 3123 Π,

1659 3128 1785 3195 526
1813 3148 1953 3213 sqq.
2051 3134 2332 3191 Nonnum
2373 3132 2475 3190 lib.
2518 3132 2744 3208 XXXI,

1660 3214 1963 3275 Claudiau.
2020 3219 2085 3297 iu
2146 3216 2345 3277 Rufin.
2394 3218 2441 3293 1,
2490 3218 2572 3281 25
2616 3238 2743 3299 sqq.

1658 3302 1875 3362 excitat
1928 3302 2136 3362 Cei-da.
2218 3304 2457 3361 Partem
2512 3302 2627 3361 loci
2681 3305 2743 3361 in

1656 3388 1787 3445 Laii
1842 3390 2117 3449 umbram
2180 3389 2470 3447 transtulit
2527 3388 2742 3449 Statius

1660 3470 1854 3534 Theb.
1883 3477 1959 3549 Π,
1988 3474 2072 3539 94
2100 3494 2263 3557 seqq.
2350 3474 2592 3533 Semina
2622 3476 2742 3555 pri-

1658 3578 1760 3616 ma
1786 3562 1871 3618 rei
1899 3571 2033 3619 sunt
2062 3560 2218 3643 apud
2247 3557 2487 3619 Homer.
2504 3559 2667 3619 Iliad.
2699 3585 2741 3637 ι,

1659 3644 1807 3711 565.
1859 3646 2006 3712 567.
2054 3646 2217 3723 5683
2258 3648 2324 3703 in
2374 3648 2577 3704 ceteris
2618 3648 2745 3705 Eris

1658 3732 1973 3790 Homerica
2002 3734 2273 3812 exemplo
2303 3752 2424 3790 esse
2450 3732 2661 3811 potuit.

1746 3820 1870 3882 323
1914 3850 2003 3862 ·—
2044 3820 2193 3883 329.
2252 3816 2551 3875 horrenda
2563 3861 2590 3890 ,
2659 3828 2741 3891 ut,

1656 3922 1843 3959 saeva
1864 3944 1893 3973 ,
1963 3921 2069 3983 pro
2118 3905 2283 3963 irata.
2396 3905 2543 3968 327.
2602 3906 2743 3969 328·

1658 3989 1851 4046 Habes
1878 3989 2089 4047 similia
2114 3987 2391 4071 Aeschyli
2416 3990 2594 4051 verba
2618 3990 2742 4046 Eu-

1658 4093 1818 4133 men.
1852 4078 1954 4139 69.
1986 4080 2089 4150 70,
2136 4078 2239 4135 ubi
2280 4086 2411 4155 post
2460 4076 2573 4135 alia
2614 4086 2744 4134 tan-

1666 4158 1805 4218 dem
1851 4159 1926 4219 de
1964 4162 2184 4219 Furiis:
2249 4154 2576 4242 Μισήματ’
2630 4154 2743 4225 ἆν-

1666 4246 1841 4326 δρῶν
1876 4244 1983 4309 καὶ
2036 4248 2211 4309 θεῶν
2247 4244 2612 4328 Ὀλυμπίων.
2669 4246 2741 4307 cf.

1662 4328 1805 4390 ibid.
1851 4353 1909 4391 v.
1959 4336 2082 4396 190
2126 4352 2255 4414 sqq.
2306 4344 2365 4391 et
2407 4332 2555 4397 414.
2600 4332 2743 4398 415.

1664 4415 1788 4477 Sed
1814 4416 1978 4477 Maro
2016 4418 2223 4478 Alecto
2268 4418 2344 4479 ad
2382 4420 2581 4479 Martis
2620 4421 2742 4477 Ho-
