3009 5050
726 395 1371 506 'AENEIDOS
1423 433 1631 508 Lm.
1680 437 1770 526 X,
1825 441 2256 516 469—478
2461 447 2610 518 505

380 616 521 694 Illa
550 617 855 712 volanS,
906 616 1221 694 humeri
1251 631 1582 715 surgunt
1619 645 1770 720 qua
1802 621 2148 717 tegmina
2179 645 2512 720 summa,

378 720 702 816 Incidit,
758 731 1039 821 atque,
1091 722 1299 796 viam
1346 721 1572 820 clipei
1604 722 1879 797 molita
1906 748 2054 824 per
2099 746 2297 818 orati,

383 824 749 899 Tandem
787 823 1021 900 etiam
1056 847 1347 922 magno
1388 825 1690 900 strinxit
1731 825 1834 902 de
1887 850 2225 927 corpore
2259 829 2530 907 Turni.

483 966 651 1039 476.
707 983 1051 1036 HUMEms

380 1177 659 1236 antequam
706 1168 820 1238 ipsi·
858 1170 994 1219 ensis
1045 1184 1166 1219 usus
1218 1176 1387 1231 esset,
1432 1167 1600 1220 Turni
1644 1165 1795 1218 hasta
1843 1167 2112 1218 confossus
2162 1167 2404 1220 cecidit.“
2475 1173 2618 1224 Haec

378 1237 676 1290 weichert.
710 1239 791 1300 de¹
818 1239 1003 1290 Verso.
1036 1239 1207 1290 iniur.
1239 1256 1389 1310 susp.
1424 1255 1477 1306 p.
1531 1235 1648 1291 104.
1701 1236 1852 1300 Wr.)
1981 1234 2085 1290 476
2120 1238 2338 1290 variant
2369 1240 2526 1293 codd.
2563 1250 2620 1292 et

382 1306 501 1358 edd.
535 1305 674 1358 inter
708 1307 920 1358 humeri
958 1316 1011 1357 et
1045 1308 1311 1358 humeris:
1376 1308 1479 1358 hoe
1515 1306 1706 1357 editum
1742 1305 1866 1356 inde
1914 1306 1978 1355 ab
2027 1306 2200 1372 Aldd„
2245 1307 2415 1360 donec
2463 1310 2619 1362 Com-

378 1375 555 1427 melin.
589 1375 807 1426 alterum
842 1374 1052 1440 intulit)
1102 1375 1245 1440 prius
1295 1389 1465 1427 tamen
1525 1377 1674 1427 Rom.
1721 1391 1836 1426 cum
1870 1373 1988 1424 aliis
2020 1374 2304 1440 Pierianis,
2355 1378 2533 1430 Ursin.
2569 1389 2622 1430 et

378 1443 593 1508 Medic„
628 1444 819 1513 aliique
854 1443 1037 1496 Heius.
1072 1453 1301 1497 tuentur.
1366 1447 1528 1498 Forte
1563 1461 1742 1513 parum
1779 1442 1980 1506 refert,
2013 1453 2129 1494 utro
2153 1445 2322 1498 modo
2354 1445 2619 1514 legamua3

294 1521 300 1536 '
376 1513 537 1564 modo
572 1513 1057 1591 interpretationem
1110 1522 1255 1564 recte
1308 1513 1650 1566 instituamus.
1733 1511 1908 1578 Vulgo
1953 1511 2020 1562 de
2065 1511 2283 1565 thorace
2331 1515 2620 1585 accipiunt3

380 1582 522 1652 quod
557 1591 617 1633 ut
652 1593 797 1634 reete
829 1582 923 1634 fiat
942 1619 957 1645 ,
992 1598 1207 1666 ver30r3
1242 1581 1318 1634 ita
1355 1583 1489 1634 enim
1524 1582 1718 1644 kasta,
1749 1599 1889 1650 quae
1924 1581 1982 1630 in
2016 1580 2297 1664 lantper-um
2327 1587 2614 1650 inciderat,

377 1650 2620 1790 33301’32321'3sssst'?;.‘.2⁹J²}12‘÷i.⁸‘3133;2”222232051335113‘21‘3322szussflssffz'f,

380 1807 532 1858 quatu
566 1790 799 1862 clipeum
836 1800 894 1840 ut
928 1788 1144 1840 eandem
1176 1807 1287 1840 rem
1320 1791 1628 1859 amplificet:
1663 1788 1900 1857 tegmina
1935 1805 2139 1839 summa
2174 1799 2227 1840 et
2265 1809 2394 1842 oras
2438 1793 2617 1862 clipei.

378 1859 439 1909 ln
472 1859 581 1911 hac·
603 1857 1033 1927 interpretatione
1066 1862 1307 1928 tegmina
1339 1861 1554 1911 humeri
1580 1867 1634 1909 et
1667 1857 2008 1908 humerorum
2045 1874 2160 1908 esse
2193 1868 2430 1926 possunt,
2467 1861 2614 1913 nullo

377 1927 697 1990 discrimine3
749 1927 817 1980 ad
864 1927 1288 1996 perspicuitatem
1335 1939 1541 1991 tamen,
1604 1937 1659 1979 et
1705 1927 1770 1976 ad
1818 1925 2072 1976 orationis
2106 1928 2347 1995 poeticae
2391 1930 2620 1997 genium,

376 2015 492 2048 cum
524 1997 711 2048 tertius
763 2015 909 2050 casus
958 1997 1085 2064 poni
1132 1997 1303 2050 'soleat
1344 1999 1432 2050 ubi
1467 1997 1625 2063 vulgo
1663 1995 1948 2060 secundus,
1996 2005 2232 2063 praestat
2265 1998 2504 2050 humeris
2537 1999 2616 2050 le-

376 2083 531 2134 gere:
567 2067 727 2119 Hasta
760 2065 943 2118 incidit
978 2085 1039 2117 ea
1073 2080 1259 2134 parte,
1294 2085 1402 2136 qua
1434 2068 1676 2136 tegmina
1709 2083 1916 2116 summa
1951 2078 2191 2136 surgunt
2222 2066 2478 2131 humet-ie,
2515 2083 2616 2136 qua

377 2145 605 2189 extrema
636 2137 791 2200 clipei
827 2155 919 2187 ura
953 2136 1179 2186 humeris
1216 2136 1603 2205 praetenditur,
1649 2134 1704 2185 in
1738 2151 1931 2184 summa
1977 2133 2133 2201 clipei
2182 2147 2359 2202 parte:
2393 2129 2618 2204 ”Avtvy’

374 2198 491 2258 ὕπὸ
527 2201 787 2273 πρώτην,
823 2195 865 2274 ᾖ
889 2201 1226 2266 λεπτότατος
1266 2201 1365 2258 θέε
1395 2203 1628 2272 χαλκὸς,
1664 2214 1721 2254 ut
1753 2204 1902 2253 Iliad.
1935 2219 1992 2264 υ,
2025 2203 2154 2264 2755
2191 2214 2348 2273 atque
2385 2223 2449 2257 eo
2501 2216 2620 2258 tra-

375 2273 519 2324 iecto
560 2279 726 2340 (viam
757 2275 919 2344 clipei
948 2275 1137 2325 molita
1162 2294 1269 2346 per
1305 2293 1473 2339 oras),
1511 2277 1667 2324 etiam
1693 2273 1858 2323 Turni
1884 2272 2150 2323 humerum
2176 2275 2413 2342 stringit:
2450 2269 2616 2344 οἷκρό-

376 2359 553 2395 τατον
578 2371 644 2382 -
670 2339 953 2410 ἐπέγραψε
989 2338 1134 2410 χρόα
1165 2341 1356 2410 φωτὸς
1386 2343 1534 2394 Iliad.
1563 2343 1616 2406 δ,
1657 2341 1781 2401 139;
1831 2359 1982 2410 quem
2010 2340 2178 2392 locum
2214 2361 2244 2392 a
2274 2361 2321 2394 v.
2353 2345 2455 2398 134
2484 2361 2620 2396 nune

376 2412 531 2462 Maro
567 2421 688 2462 ante
723 2413 903 2462 oculos
939 2411 1141 2462 habuit.
1186 2412 1439 2463 Similiter
1464 2412 1558 2462 inf.
1593 2411 1696 2464 589
1724 2411 1790 2461 ab
1824 2410 2076 2461 inferiore
2109 2422 2260 2478 parte
2291 2413 2454 2464 hasta
2477 2413 2622 2466 subit

420 2497 481 2530 er
518 2497 647 2531 oras
679 2482 818 2531 imas
850 2480 1014 2549 clipei
1042 2479 1237 2547 Lucagi
1273 2483 1456 2532 stantis
1490 2480 1545 2531 in
1581 2496 1762 2544 curru,
1803 2491 1916 2530 tum
1951 2479 2022 2547 (h.
2058 2494 2148 2531 ora
2187 2481 2343 2548 clipei
2376 2482 2619 2549 traiecta)

377 2497 537 2599 fianta
566 2548 821 2619 perforat
867 2550 1074 2617 inguen
1124 2548 1365 2614 laevum,
1410 2550 1567 2600 imam
1616 2548 1810 2598 ventris
1857 2560 2056 2617 partem
2105 2549 2158 2599 in
2194 2550 2402 2603 sinistro
2438 2554 2620 2603 latere.

381 2616 505 2669 add.
540 2618 635 2667 inf.
670 2618 790 2676 ΧΠ,
824 2616 941 2669 924.
978 2614 1099 2669 925.
1170 2617 1339 2667 Etiam
1374 2620 1574 2669 Hector
1608 2633 1732 2667 saxo
1784 2617 1848 2667 ab
1886 2617 2042 2668 Aiace
2075 2634 2346 2685 percussus
2383 2632 2622 2673 narratur

380 2684 523 2737 haud
560 2684 847 2736 absimilem
884 2688 937 2735 in
974 2686 1181 2735 modum
1215 2685 1363 2740 iliad.
1404 2685 1451 2750 ξ,
1485 2686 1619 2749 412,
1653 2702 1770 2735 nam
1806 2685 1934 2736 Aiax
1969 2697 2179 2755 arrepto
2216 2704 2339 2740 naxo
2391 2690 2624 2757 Στῆθος

378 2750 638 2879 έεβὲήῗ
656 2746 1073 2875 imiza?
1088 2749 1315 2875 ..w
1344 2754 1548 2875 ἰξερῆε·
1573 2756 2468 2879 κ”ςῗὲέῆεῖῑῖῑοᾶὲωῖῗεῑίέ
2498 2760 2622 2877 ⁷13·

381 2862 561 2962 riique
596 2843 755 2961 alique
790 2892 999 2961 optimis
1034 2894 1269 2959 humeri,
1299 2860 1578 2962 ’probatum
1615 2892 1801 2956 etiam,
1835 2892 1930 2943 sed
1951 2861 2070 2941 ’non
2103 2902 2368 2960 receptum
2389 2933 2403 2958 ,
2437 2914 2467 2945 a
2499 2844 2624 2945 fah-

379 2963 506 3019 nio;
545 2971 598 3013 et
633 2961 807 3014 verbis
842 2962 971 3031 ipsis
1006 2962 1219 3013 humeri
1251 2982 1359 3032 qua
1392 2964 1638 3033 tegmina
1673 2978 1880 3013 summa
1915 2974 2155 3031 surgunt
2194 2978 2320 3013 unus
2357 2963 2622 3031 significa-

379 3042 470 3084 tur
496 3033 772 3097 humerus,
806 3031 1001 3084 laevus.
1042 3033 1188 3099 Wr.)
1260 3034 1425 3085 Porro
1462 3050 1568 3098 qua
1593 3044 1832 3102 surgunt
1865 3032 1971 3082 Erf.
2041 3032 2096 3079 ln
2129 3028 2232 3081 fine
2267 3049 2341 3083 vs.
2385 3035 2626 3102 tegmina

374 3104 560 3171 prima
594 3103 765 3167 Rom„
802 3101 957 3153 solita
982 3102 1251 3154 varietate.
1388 3102 1489 3156 477
1525 3101 1792 3171 clipei-eet
1829 3100 2018 3151 Medic.
2055 3098 2150 3165 (ita
2191 3101 2330 3167 apud
2369 3103 2622 3169 Foggin.;

382 3172 525 3241 quod
563 3188 739 3224 verum
770 3172 993 3221 fortasse
1004 3190 1019 3233 3
1067 3181 1211 3223 certe
1257 3170 1396 3223 hand
1442 3170 1696 3245 ingratapi
1730 3168 1899 3221 iniicit
1929 3185 2126 3220 moram
2162 3168 2216 3219 in
2251 3188 2310 3221 re
2347 3182 2622 3239 exspecta-

380 3240 545 3293 tionis
588 3258 815 3293 summae
847 3240 1020 3310 plena.
1091 3242 1407 3291 Burmannus
1441 3244 1587 3292 viam
1622 3252 1704 3291 ese
1727 3249 1784 3290 ut
1812 3240 1878 3291 ab
1907 3236 2121 3289 Heinsio
2161 3255 2190 3291 e
2220 3240 2459 3293 Mediceo
2487 3257 2620 3292 eno-

382 3320 548 3361 tatum
582 3311 803 3378 profert.
845 3311 985 3374 Wr.)
1124 3308 1227 3364 478
1264 3312 1485 3361 Partem
1515 3312 1677 3361 etiam
1705 3308 1869 3361 Goth.
1897 3324 2018 3371 sec„
2051 3309 2402 3361 memorabilis
2443 3310 2620 3376 lectio,

382 3377 483 3429 nisi
514 3379 569 3429 in
604 3380 785 3431 codice
818 3389 925 3431 tam
960 3380 1158 3431 recenti
1193 3390 1249 3429 et
1282 3378 1449 3431 nitide
1495 3380 1591 3429 sed
1643 3378 1825 3429 inscite
1871 3376 2067 3444 scripto
2117 3378 2256 3429 casui
2308 3380 2485 3446 potins
2521 3381 2624 3432 de—

382 3448 498 3500 beri
536 3448 831 3514 videretur,
881 3457 970 3500 aut
1017 3448 1502 3517 interpretamento.
1552 3448 1774 3517 (recepit
1809 3446 1914 3498 hoe
1947 3445 2181 3497 Bothius.
2221 3450 2366 3516 Wr.)
2436 3453 2626 3521 magni

382 3522 561 3585 Spro‘t.
632 3519 923 3570 destrinxit
955 3517 1129 3585 Bigot.
1165 3536 1270 3569 sec.
1304 3520 1512 3581 Moret.,
1564 3526 1619 3569 et
1666 3518 1928 3568 devinxit
1976 3514 2132 3567 Goth.
2181 3526 2300 3570 tert.
2372 3520 2618 3571 Heinsius

384 3604 483 3639 nec
516 3588 633 3657 ipse
667 3588 894 3641 habebat
928 3586 1193 3656 quomodo
1230 3587 1503 3655 expediret
1535 3580 1602 3640 τὸ
1642 3587 1865 3638 strinxit
1903 3586 1986 3649 de,
2024 3593 2078 3635 et
2112 3587 2250 3637 coni.
2284 3589 2509 3641 strinxit
2543 3608 2619 3655 ee,

382 3766 763 3846 interruptam
822 3766 1211 3824 narrationem
1266 3764 1459 3822 conti-
1488 3754 1493 3758 ⁵

383 3858 561 3923 nuat3
606 3851 723 3911 vid.
773 3852 843 3923 Q.
871 3852 943 3910 V.
974 3851 1283 3924 XXXVII,
1314 3854 1375 3921 2,
1405 3868 1458 3907 ἃ·

1543 3762 1890 3821 referemus:
1955 3762 2116 3822 hasta
2143 3764 2346 3823 volans
2377 3762 2624 3844 desuper

1543 3868 1648 3927 per
1686 3868 1979 3907 summam
2019 3851 2188 3928 clipei
2231 3870 2394 3908 oram
2418 3850 2624 3909 incidit

394 3934 499 3993 W
484 3936 571 4010 r.)
1376 3996 1381 4001 ,

470 4019 617 4083 476.
634 4018 781 4083 477.
811 4021 1075 4099 tegmina
1099 4019 1335 4077 humeri
1359 4038 1461 4077 seu

386 4102 767 4163 humerorum
793 4126 915 4163 non
944 4124 1065 4163 esse
1078 4116 1319 4185 possunt
1328 4103 1466 4163 tho-

386 4210 495 4248 rax
512 4234 529 4265 ,
590 4199 657 4248 ut
702 4192 881 4269 vulgo
932 4193 1220 4271 accipiunt
1250 4236 1266 4267 ,
1326 4210 1466 4249 nam

385 4274 546 4334 hasta
574 4294 719 4334 mox
746 4296 851 4355 per
876 4278 1047 4357 clipei
1076 4296 1239 4335 oram
1266 4278 1465 4335 venire

382 4372 684 4420 narratur:
726 4364 923 4443 itaque
964 4364 1227 4441 tqgmina
1254 4362 1465 4419 hume-

382 4466 587 4507 rorum
642 4446 719 4506 ad
760 4448 951 4528 ipsum
1002 4450 1170 4507 illum
1216 4450 1465 4527 clipeum

1545 3945 1606 3993 et
1631 3945 1892 4013 penetrat
1906 3978 1923 4009 ,
1970 3933 2154 3993 donec
2197 3954 2402 4015 corpus
2433 3938 2624 3995 Turni

1545 4022 1804 4098 stringat.
1888 4022 1986 4079 Bis
2025 4023 2201 4099 igitur
2239 4020 2400 4081 idem
2442 4020 2620 4079 dixit:

1551 4116 1784 4184 tegmen
1819 4126 2120 4163 smmum
2149 4106 2532 4165 humerorum
2568 4116 2626 4163 et

1550 4211 1687 4249 orae
1730 4190 1908 4269 clapsi
1918 4214 1942 4263 ;
1987 4202 2046 4251 et
2089 4212 2204 4273 qua
2231 4193 2490 4270 superior
2517 4184 2626 4247 cliss—

1549 4279 1652 4355 pei
1682 4296 1813 4355 pars
1859 4278 2132 4335 attollitur
2149 4322 2165 4351 ,
2235 4280 2452 4333 eminet
2494 4285 2626 4331 ante

1549 4360 1862 4421 humerum
1880 4406 1896 4437 ‚
1927 4362 2077 4423 dicta
2104 4364 2203 4419 illa
2245 4370 2328 4417 est
2359 4378 2618 4437 eut-gere.

1550 4448 1904 4507 Tenendum
1931 4458 2128 4507 autem
2157 4449 2370 4517 animo,
2403 4440 2628 4527 ἄντυγα
