3009 5050
530 439 683 514 7oe
1094 383 2136 506 ExcURsUsi

530 621 793 696 duxerat,
822 620 883 680 in
920 621 1133 682 Sinum
1158 618 1519 680 Adriaticum
1549 631 1780 678 evectus
1799 665 1815 693 ,
1862 621 1926 678 in
1953 621 2298 678 Daunorum
2331 617 2542 678 finibus
2571 637 2774 678 conse-

529 709 643 783 dit,
696 719 753 766 et
780 709 975 766 Dauni
1012 707 1164 786 regis
1192 706 1309 765 filia
1348 707 1410 764 in
1438 708 1880 765 matrimonium
1919 704 2092 764 ducta
2118 707 2326 764 urbem
2355 703 2647 779 condidit,
2685 706 2774 763 cui

527 795 601 854 ab
630 795 800 874 Argis
828 784 1249 873 Peloponnesi,
1294 793 1503 875 quibus
1545 794 1929 872 imperaverat
1959 802 2018 850 et
2047 811 2302 874 quorum
2329 795 2638 874 antiquum
2663 811 2774 850 no-

524 899 665 939 meu
692 877 917 960 Ἀργος
944 879 1161 940 ἵππιον
1186 879 1297 936 fuit
1313 923 1330 953 ,
1388 875 1503 936 hoc
1533 879 1727 958 ipsum
1755 897 1976 936 nomeu
2003 879 2214 958 Argos
2245 879 2556 955 IIippium
2582 879 2773 956 impo-

526 968 707 1024 suisse
750 966 967 1039 fertur3
1026 961 1186 1045 quod
1226 976 1427 1044 postea
1452 964 1516 1022 in
1554 964 1999 1044 Argyrippum,
2065 962 2421 1045 tandemque
2463 966 2527 1021 in
2567 963 2773 1039 Arpos

523 1061 887 1110 contractum
932 1070 1052 1108 esse
1099 1051 1280 1109 aiunt.
1366 1052 1528 1107 Haec
1571 1061 1656 1108 est
1701 1049 2018 1107 Damedzk
2055 1049 2200 1108 urbe
2245 1051 2346 1108 lib.
2375 1051 2526 1124 vm,
2559 1052 2622 1111 9.
2667 1051 2768 1124 XI,

522 1141 649 1202 226
667 1181 684 1211 ,
739 1146 797 1194 et
837 1134 1050 1194 Aetola·
1082 1133 1256 1213 Arpi
1290 1135 1391 1194 lib.
1430 1137 1507 1210 X,
1539 1138 1652 1211 2-8,
1711 1146 1768 1194 et
1795 1137 1894 1194 lib.
1927 1137 2031 1210 XI,
2075 1137 2220 1200 246.
2251 1135 2377 1201 247
2408 1135 2530 1194 Ille
2566 1131 2772 1192 urbem

521 1221 907 1302 Argynpam
950 1221 1190 1300 patriae
1246 1223 1598 1301 cognomine
1643 1223 1846 1301 gentis
1895 1221 2102 1278 Victor
2161 1221 2448 1300 Gargani
2485 1219 2772 1280 condebat

524 1307 779 1388 Iapygis
807 1309 991 1364 arvis.
1044 1308 1117 1366 cf.
1152 1307 1317 1366 Serv.
1349 1305 1423 1364 ad
1452 1308 1606 1380 vm,
1637 1309 1697 1369 9.
1752 1308 1981 1366 Cluver.
2011 1307 2140 1365 Ital.
2171 1317 2290 1366 aut.
2331 1328 2392 1386 p.
2439 1306 2600 1373 1215
2645 1327 2770 1389 sqq·

519 1395 733 1453 Postea
760 1392 1003 1452 aliarum
1044 1412 1279 1475 quoque
1306 1393 1538 1450 urbium
1571 1392 1883 1471 primordia
1914 1391 1987 1450 ad
2015 1391 2360 1451 Diomedem
2391 1393 2592 1451 referri
2636 1412 2770 1451 coe-

519 1500 692 1560 pere:
736 1489 799 1536 ut
827 1477 1137 1554 Brundisii,
1182 1499 1277 1558 ap.
1305 1481 1506 1537 lustin.
1539 1481 1670 1555 XII,
1701 1483 1760 1555 2,
1788 1481 1891 1538 etsi
1919 1480 2018 1536 alii
2047 1479 2268 1554 (Strab.
2297 1479 2396 1552 VI,
2427 1498 2485 1558 Ρ.
2511 1478 2640 1542 432
2668 1479 2768 1556 A.)

522 1565 886 1624 Cretensibus
933 1565 1085 1623 hanc
1129 1566 1336 1623 urbem
1381 1563 1710 1639 vindicant3
1738 1577 1892 1646 ‘tum
1920 1567 2242 1623 Beneventi
2288 1575 2345 1622 et
2395 1566 2766 1644 Aequitutici:

520 1651 689 1711 Serv.
721 1649 797 1710 ad
809 1651 961 1709 Aen.
990 1651 1142 1724 vm,
1172 1652 1233 1712 9.
1316 1652 1651 1724 Venusiam,
1682 1651 2016 1724 Canusium,
2062 1652 2434 1730 Garganum,
2462 1652 2768 1708 Beneven-

517 1747 649 1796 tum
663 1782 679 1810 ,
723 1737 1043 1794 Venafrum
1084 1734 1245 1794 idem
1287 1735 1363 1795 ad
1410 1739 1516 1810 XI,
1560 1735 1685 1801 246
1724 1747 2042 1810 memorat,
2087 1737 2403 1816 Sipuntum
2433 1737 2644 1794 Strabo
2669 1737 2765 1808 VI,

516 1843 578 1902 p.
608 1819 736 1886 435
777 1823 851 1882 Β.
934 1822 1121 1880 Fuere
1164 1823 1339 1880 etiam
1369 1823 1514 1880 aliae
1543 1833 1763 1899 terrae,
1808 1843 1950 1905 quas
1979 1821 2183 1882 adiisse
2217 1833 2480 1881 narratus
2511 1833 2596 1880 est
2622 1825 2764 1880 Dio-

514 1905 749 1974 medes:
794 1926 905 1965 nec
930 1906 1110 1966 modo
1138 1908 1199 1965 in
1228 1909 1368 1966 locis
1396 1909 1618 1982 vicinis,
1661 1920 1727 1966 ut
1754 1910 2006 1967 insulam
2034 1909 2349 1990 Corcyram
2378 1909 2614 1986 (fragm.
2645 1911 2764 1966 He-

514 1987 717 2052 raclid.
749 1990 823 2051 de
852 2013 975 2072 rep.
1019 2011 1154 2071 pag.
1178 1995 1311 2070 28),
1376 2013 1584 2052 verum
1611 1995 1673 2050 in
1703 1995 1954 2074 Libyam
1981 1993 2263 2053 adductus
2291 1995 2400 2052 fuit
2428 2013 2465 2052 a
2490 1995 2636 2053 Iuba
2663 1995 2764 2052 Li-

468 2135 473 2140 ,
514 2078 799 2158 bycorum
854 2081 938 2135 111
982 2075 1304 2153 (Plutarch.
1334 2079 1602 2138 Parallel.
1631 2099 1692 2158 p.
1722 2083 1841 2145 811
1875 2080 2002 2156 D.).
2088 2082 2178 2138 De
2224 2077 2528 2138 Diomedis
2571 2090 2764 2138 autem

512 2164 799 2221 erroribus
838 2165 1078 2222 omniuo
1108 2161 1345 2222 videndi
1374 2165 1586 2224 Strabo
1613 2166 1712 2238 VI,
1753 2186 1816 2245 p.
1845 2163 1992 2230 484.
2021 2161 2168 2232 435.
2201 2165 2345 2230 436.
2415 2165 2762 2248 Lycophron

510 2269 570 2310 v.
600 2249 965 2314 592—632
994 2259 1052 2308 et
1080 2269 1157 2308 ex
1184 2269 1256 2308 eo
1285 2247 1486 2312 Schol.
1515 2249 1679 2310 mad.
1717 2271 1765 2330 ε,
1795 2249 1942 2314 421.

683 2402 965 2463 obiacent
1004 2405 1184 2464 littori
1223 2407 1474 2487 Apuliae
1490 2451 1507 2482 ,
1569 2417 1769 2466 contra
1815 2417 2083 2467 montem
2125 2407 2497 2486 Garganum,
2559 2407 2660 2487 qui
2701 2407 2762 2464 in

506 2493 973 2569 promontorium
1004 2490 1078 2551 ad
1106 2511 1267 2552 mare
1295 2495 1607 2575 procurrit,
1651 2493 1874 2576 insulae
1901 2513 2148 2553 numero
2190 2504 2340 2569 tres;
2399 2510 2537 2552 cum
2565 2503 2761 2551 tamen

505 2578 674 2634 tertia
701 2596 907 2637 saxosa
928 2580 1039 2653 'sit,
1084 2576 1234 2638 duae
1257 2590 1489 2639 tantum
1514 2582 1812 2639 numerari
1839 2582 2088 2653 solent;‚
2104 2598 2354 2661 quarum
2381 2598 2564 2637 unam
2589 2588 2760 2639 vetu-

505 2670 619 2721 stas
663 2662 933 2721 amulam
978 2664 1375 2724 Diomedem
1422 2666 1736 2747 appellavit
1777 2666 2056 2742 (occurrit
2095 2668 2215 2723 iam
2245 2664 2401 2745 apud
2431 2667 2758 2745 Scymnum

507 2744 722 2806 Chium
747 2769 806 2808 v.
837 2749 983 2815 430.
1011 2749 1159 2814 431.
1188 2754 1335 2817 432.
1419 2755 1580 2812 Duas
1611 2752 1820 2811 Strabo
1867 2762 2188 2827 memorat,
2247 2752 2486 2809 alteram
2533 2748 2758 2809 habita-

504 2842 629 2892 tam
647 2879 664 2910 ,
722 2836 966 2893 alteram
995 2834 1313 2911 desertam,
1360 2839 1459 2898 lib.
1488 2840 1587 2913 VI,
1617 2860 1679 2917 Ρ.
1709 2837 1836 2902 435
1867 2840 2005 2917 A.);
2045 2858 2204 2895 nunc
2233 2837 2380 2896 Isola
2411 2837 2480 2895 di
2517 2838 2760 2895 Demi&

503 2930 608 2995 est,
638 2939 675 2978 a
704 2931 888 2980 terrae
915 2922 1185 2997 motibus,
1218 2944 1469 3005 quorum
1493 2926 1735 3003 vestigia
1763 2924 1948 2983 multa
1975 2926 2036 2981 in
2067 2942 2134 2981 ea
2158 2933 2489 2981 occurrunt.
2547 2925 2616 2980 In
2647 2921 2756 2980 hac

500 3006 814 3067 Diomedes
846 3007 1153 3065 hominum
1196 3012 1530 3090 conspectui
1572 3008 1888 3068 subductus
1935 3028 2003 3067 ac
2043 3028 2152 3089 pro
2197 3008 2310 3067 deo
2341 3010 2527 3067 cultus
2553 3010 2754 3082 fertur,

498 3104 885 3152 monumento
915 3113 1151 3177 quoque
1198 3116 1265 3154 ac
1294 3095 1536 3155 delubro
1567 3094 1644 3154 ad
1672 3098 1948 3153 seriorem
1978 3105 2228 3153 aetatem
2255 3105 2584 3174 prestante:
2632 3093 2752 3153 vid.

498 3178 651 3235 Plin.
682 3178 781 3237 lib.
810 3182 897 3237 111
926 3191 1073 3239 extr.
1104 3180 1181 3255 X,
1214 3178 1294 3245 44
1324 3203 1371 3240 s.
1404 3186 1510 3245 61.
1591 3182 1752 3239 Inter
1801 3179 1940 3239 deos
1981 3192 2282 3260 receptum
2322 3182 2442 3238 iam
2469 3179 2753 3239 Pindarus

497 3264 844 3324 memoravit
872 3268 1043 3324 Nem.
1073 3268 1151 3339 X,
1186 3270 1285 3330 12.
1372 3268 1576 3326 Socios
1604 3278 1801 3325 autem
1827 3268 1892 3324 in
1921 3285 2055 3325 aves
2084 3278 2334 3325 mutatos
2377 3268 2614 3345 vulgata
2657 3286 2753 3325 sa—

498 3350 569 3407 tis
598 3350 795 3409 fabula
822 3351 991 3410 tulit:
1038 3353 1246 3433 quibus
1274 3349 1411 3412 hinc
1441 3354 1654 3411 ανίιιηι
1679 3352 2154 3411 Diomedem-um
2181 3372 2419 3411 nomen.
2478 3373 2535 3410 v.
2565 3355 2752 3432 inpri-

495 3436 607 3493 mis
638 3435 807 3495 Ovid.
837 3438 978 3495 Met.
1008 3438 1164 3511 XIV,
1194 3438 1320 3502 457
1349 3459 1477 3520 sqq.
1524 3450 1581 3497 et
1607 3449 1804 3499 noster
1829 3449 2005 3519 poeta
2033 3440 2138 3514 XI,
2169 3442 2289 3503 271
2308 3438 2536 3502 -·274
2561 3438 2751 3495 Nunc

496 3522 679 3579 etiam
706 3518 987 3580 horribili
1026 3526 1162 3580 visu
1196 3535 1477 3601 portenta
1519 3534 1879 3604 sequuntur,
1923 3524 2010 3581 Et
2035 3526 2184 3582 socii
2221 3524 2434 3581 amissi
2449 3526 2750 3601 petia-emt

492 3606 740 3665 aethera
757 3608 981 3687 pennis
995 3650 1022 3679 ,
1072 3606 1575 3690 Humim'busque
1618 3620 1928 3689 vagantur
1954 3630 2097 3667 aves
2123 3641 2211 3655 —-·
2239 3620 2294 3666 ec
2335 3609 2612 3687 scopulos
2653 3609 2750 3667 la·-

493 3694 764 3751 cn'mosis
810 3692 1057 3752 vocibus
1100 3694 1373 3773 implent.
1461 3697 1672 3754 Ortum
1713 3696 1944 3756 fabulae
1989 3694 2214 3755 dedisse
2253 3694 2482 3754 videtur
2527 3706 2748 3754 certum

492 3780 691 3837 avium
718 3800 902 3858 genus
922 3824 937 3853 ,
986 3782 1137 3839 circa
1167 3780 1311 3841 haec
1340 3783 1471 3841 loca
1498 3783 1651 3857 sola,
1695 3792 1763 3840 ut
1789 3784 2025 3857 volunt,
2067 3784 2178 3840 visi
2205 3782 2472 3855 solitum,
2524 3780 2599 3841 de
2629 3802 2750 3863 quo

492 3864 654 3923 locus
696 3868 858 3925 class.
905 3867 1059 3927 Plin.
1088 3870 1168 3943 X,
1225 3866 1307 3932 44
1350 3888 1397 3927 s.
1443 3872 1520 3932 61
1569 3877 1629 3926 et
1671 3879 1872 3926 auctor
1916 3865 1990 3927 de
2033 3867 2243 3926 Mirab.
2287 3868 2550 3925 Auscult.
2581 3889 2636 3926 c.
2665 3870 2748 3930 80

488 3948 578 4031 (Ρ.
610 3955 756 4015 722.
786 3954 963 4030 723).
1052 3955 1237 4013 Sociis
1282 3974 1548 4013 errorum
1595 3955 1812 4013 amissis
1842 3972 1981 4012 cum
2021 3952 2371 4012 consedisset
2396 3956 2460 4010 in
2489 3950 2580 4011 his
2607 3952 2748 4012 locis

487 4036 719 4118 ignotis,
760 4058 895 4097 aves
920 4041 1077 4099 visae
1105 4042 1304 4099 locum
1344 4038 1645 4098 fabulandi
1685 4040 2014 4119 praebuisse
2055 4038 2241 4098 videri
2276 4049 2534 4119 possunt.
2621 4038 2747 4095 Pii-

484 4126 657 4183 nium
682 4126 777 4184 vel
805 4126 985 4183 alium
1030 4125 1167 4184 inde
1212 4125 1456 4185 ductum
1493 4130 1832 4206 scriptorem
1861 4126 2158 4205 exscripsit
2183 4126 2544 4203 Augustinus
2573 4125 2641 4183 C.
2669 4126 2743 4181 Ι).

484 4212 698 4286 XVIII,
740 4216 842 4277 16.
928 4214 1062 4271 Non
1112 4210 1336 4271 diversa
1379 4210 1699 4271 admodum
1745 4221 1828 4270 est
1867 4212 2122 4270 narratio
2163 4209 2238 4269 de
2265 4214 2461 4268 Leuce
2506 4208 2746 4269 Achillis

482 4298 672 4357 insula
698 4298 761 4355 in
790 4300 943 4357 ostiis
972 4318 1075 4356 seu
1103 4296 1510 4378 Borysthenis,
1551 4318 1655 4357 seu
1685 4298 1912 4377 Tyrae,
1969 4316 2072 4354 seu
2100 4296 2259 4370 Istri,
2309 4290 2412 4354 ubi
2441 4298 2640 4355 avium
2666 4297 2747 4354 si-

482 4384 636 4441 milis
666 4404 805 4443 cura
832 4386 985 4443 circa
1012 4381 1253 4442 Achillis
1282 4384 1578 4443 tumulum
1606 4392 1874 4441 narratur
1914 4383 1988 4439 ab
2021 4383 2268 4441 Arriano
2307 4383 2368 4439 in
2399 4382 2635 4462 Periplo
2663 4382 2743 4440 M.

480 4470 637 4528 Eux.
664 4491 727 4550 Ρ.
772 4472 857 4535 22
902 4478 991 4546 et,
1044 4472 1149 4553 qui
1187 4471 1379 4552 primo
1420 4470 1552 4531 1000
1593 4480 1716 4529 erat
1758 4464 2342 4545 commemorandus,
2403 4488 2438 4527 a
2482 4470 2743 4551 Scymno
