3009 5050
654 453 1269 530 AENEmos
1322 454 1535 533 Lm.
1576 459 1667 554 X,
1710 465 2142 540 ευρ-223
2355 469 2504 543 467

263 640 693 738 Noctivago
720 639 1049 727 Phoebe
1088 640 1455 717 medium
1494 642 1858 742 pulsabat
1889 647 2364 748 Olympum:

270 750 571 820 Aeneas
612 754 915 846 (neque
954 747 1166 822 enim
1200 745 1586 856 membris
1623 747 1760 822 dat
1794 774 1978 824 cura
2012 752 2400 852 quietem)

258 851 441 948 Ipse
469 848 759 924 sedens
798 849 1269 951 clavumque
1302 850 1505 947 regit
1545 850 1900 954 velisque
1929 856 2340 934 ministrat.

257 958 523 1052 Atque
554 945 665 1028 illi
696 951 969 1029 medio
1018 955 1100 1030 in
1144 953 1397 1055 spatio
1431 953 1756 1053 choruS‚
1824 979 2034 1056 ecce,
2078 983 2398 1036 suarum

260 1057 633 1134 Occurrit
712 1057 1137 1134 comitum:
1242 1055 1703 1235 Nymfflssae’
1801 1081 1992 1160 quas
2061 1061 2267 1138 alma
2345 1065 2500 1244 ξγό-

1483 1185 1526 1236 e
1590 1184 1637 1236 e
2397 1179 2446 1246 2

254 1265 578 1338 Numen
602 1261 903 1338 hahere
932 1263 1207 1362 mariS‚
1258 1264 1828 1365 Nymphasque
1855 1287 1902 1339 e
1939 1264 2270 1342 navibus
2301 1291 2496 1367 esse,

251 1368 633 1456 Iusserat,
686 1366 1067 1442 innabant
1096 1369 1423 1467 pariter,
1477 1365 1925 1468 fluctusque
1962 1368 2352 1470 secabant,

256 1472 478 1563 Quot
502 1472 721 1570 prius
768 1483 1074 1546 aeratae
1106 1483 1485 1564 steterant
1519 1469 1620 1547 ad
1659 1470 1890 1546 litora
1917 1495 2226 1572 prorae.

399 1677 505 1734 219
540 1679 599 1730 in
635 1679 811 1731 medio
844 1677 1059 1731 Mentel.
1096 1687 1155 1730 et
1197 1695 1279 1744 pr.
1313 1679 1500 1732 Hamb.
1537 1697 1654 1732 cum
1684 1679 1846 1731 Goth.
1881 1685 2002 1732 tert.
2140 1681 2244 1735 220
2277 1679 2498 1749 beebe,

250 1745 479 1798 debetur
514 1749 715 1799 Heinsii
750 1749 1052 1813 doetrinae,
1100 1749 1191 1818 qni
1224 1748 1396 1805 Golot.
1425 1758 1482 1802 et
1516 1749 1651 1802 Gud.
1688 1758 1935 1817 sequutus
1971 1757 2055 1800 est
2085 1749 2494 1807 cum..Leidensi.

252 1815 477 1884 (Cybebe
527 1817 685 1869 etiam
721 1819 912 1870 Medic.
961 1827 1099 1870 teste
1128 1817 1421 1887 Pogginio,
1478 1836 1632 1888 quem
1676 1835 1854 1871 verum
1896 1817 2090 1871 vidisse
2126 1836 2191 1871 eo
2225 1822 2496 1888 probatur,

249 1886 395 1952 qnod
430 1887 735 1939 Colotiamis
789 1897 844 1939 et
876 1888 1144 1940 Mediceus
1190 1888 1322 1939 mire
1368 1889 1511 1940 inter
1545 1907 1604 1940 se
1637 1889 1993 1952 consentiunt3
2039 1890 2295 1942 accedunt
2321 1891 2371 1944 3.
2410 1893 2494 1943 10.

250 1955 403 2022 Wr.)
478 1953 663 2009 Ce'bebe
710 1955 932 2009 Dorvill.
1018 1959 1132 2010 Nec
1178 1957 1394 2010 multum
1427 1957 1714 2011 abludebat
1745 1959 1896 2011 Rom.
1937 1956 2154 2023 Orbere.
2222 1961 2314 2011 Est
2357 1959 2495 2012 enim

245 2017 285 2090 ἦ
310 2021 571 2110 Κυβήβη.
612 2034 673 2078 ut
707 2038 761 2078 et
796 2021 827 2081 ὁ
856 2022 1145 2098 Κῦβηβος,
1180 2027 1380 2091 Gallus,
1420 2027 1475 2078 in
1511 2027 1796 2096 glossariis.
1830 2045 1880 2080 ν.
1915 2028 2146 2096 Etymol.
2182 2039 2234 2080 et
2264 2029 2494 2096 Hesych.

244 2093 301 2144 in
340 2088 371 2148 ὁ
401 2093 699 2165 Κυβηβος,
752 2096 843 2148 ubi
879 2115 929 2149 v·
964 2099 1153 2163 Notas,
1192 2106 1250 2149 et
1282 2097 1556 2149 Ruhnken.
1601 2099 1670 2150 ad
1703 2097 1988 2153 Timaeum.
2059 2096 2251 2166 Vulgg.
2287 2097 2494 2165 Cybele,

246 2165 326 2230 (ut
361 2175 444 2216 est
477 2168 533 2216 in
568 2167 729 2218 Palat.
771 2167 921 2234 Wr.)
992 2185 1089 2219 uae
1121 2163 1345 2250 Κυβέλη
1383 2176 1550 2228 esset3
1586 2185 1706 2218 nam
1728 2163 1963 2236 Κυβήλη
1997 2183 2064 2218 ne
2099 2167 2308 2236 quidem
2334 2168 2492 2220 scribi

242 2235 551 2299 pronuntiat
588 2236 812 2288 Brunck.
858 2237 929 2288 ad
955 2185 1020 2288 Ἱι.
1054 2236 1093 2289 l.
1128 2236 1234 2288 nisi
1280 2254 1377 2305 per
1421 2245 1722 2288 nostrorum
1763 2236 2030 2288 hominum
2080 2236 2393 2306 imperitiam
2440 2248 2493 2290 et

241 2305 619 2355 temeritatem:
668 2323 701 2357 a
738 2322 839 2373 qua
861 2307 1102 2374 equidem
1140 2323 1231 2358 eos
1266 2323 1374 2357 non
1410 2307 1707 2370 absolvam,
1751 2306 2032 2358 secundum
2066 2323 2156 2368 ea,
2207 2324 2340 2375 quae
2375 2307 2492 2358 Gu-

243 2369 361 2420 dius
396 2373 464 2424 ad
496 2373 788 2426 Phaedrum
831 2383 887 2425 et
918 2377 1191 2427 Burmann.
1212 2373 1281 2426 ad
1312 2373 1528 2426 Anthol.
1555 2375 1675 2430 Lat.
1711 2374 1967 2434 docum-03
2001 2373 2134 2426 illud
2165 2385 2334 2426 tamen
2371 2391 2492 2426 mo-

242 2455 373 2508 nere
407 2458 627 2509 aequum
663 2453 771 2493 est:
807 2443 951 2510 apud
984 2443 1159 2497 schol.
1192 2441 1532 2510 Lycophrona.
1569 2444 1703 2496 1168
1737 2442 1876 2510 legi:
1923 2437 1955 2496 ὁ
1991 2437 2268 2514 ‘zazoa-vag
2299 2441 2490 2514 Κύβη-

244 2509 333 2560 λιν
367 2503 471 2577 τήν
503 2504 661 2563 Ῥέαν
697 2507 841 2579 λέγει
873 2508 1031 2581 παρὰ
1065 2509 1131 2567 τὸ
1179 2509 1239 2565 ἐν
1271 2509 1532 2584 Κυβέλλᾳ
1576 2511 1720 2577 (deb.
1754 2508 2008 2582 Κυβήλᾳ)
2053 2509 2215 2567 πόλει
2249 2514 2490 2583 Φρυγίας

243 2578 553 2643 τιμᾶσθαιε
606 2582 831 2663 explicat
864 2591 1037 2633 autem
1072 2582 1165 2631 ille
1220 2598 1282 2633 eo
1314 2580 1438 2633 loco
1473 2598 1588 2633 voc.
1628 2576 1898 2650 Κύβηλιν.
1967 2582 2082 2633 Nec
2131 2586 2366 2653 exemplo
2403 2602 2488 2636 res

244 2658 393 2699 caret
414 2687 429 2710 ‚
463 2649 701 2715 inprimis
734 2650 790 2701 in
824 2667 955 2702 voce
990 2651 1343 2701 barbarorum.
1386 2652 1529 2703 -Nec
1561 2648 1726 2717 magis
1765 2650 1991 2703 dubitari
2023 2660 2203 2718 potest
2233 2670 2339 2704 non
2369 2670 2488 2705 mo-

243 2716 317 2767 do
350 2712 423 2769 τᾶ
458 2714 717 2788 Κύβελα,
762 2720 859 2769 sed
895 2718 1050 2771 etiam
1090 2714 1163 2771 τὰ
1197 2712 1453 2788 Κύβελλα
1490 2734 1606 2769 esse
1640 2718 1808 2781 dicta3
1867 2738 1917 2773 v·
1950 2719 2132 2788 steph.
2169 2722 2295 2789 Byz.
2363 2724 2488 2773 Ma-

242 2794 341 2835 net
370 2796 547 2838 tameu
582 2788 724 2839 hand
757 2787 919 2839 dubie
950 2789 1083 2840 hoc:
1131 2806 1226 2839 usn
1274 2798 1539 2853 receptum
1591 2804 1734 2853 esse,
1795 2798 1856 2841 ut
1887 2798 1979 2841 aut
2016 2786 2218 2853 Cybebe
2253 2799 2346 2841 aut
2379 2795 2490 2857 Fy-

243 2852 361 2906 bele
386 2856 659 2909 scribatur.
694 2856 797 2909 vid.
832 2876 948 2925 sup.
982 2857 1050 2909 ad
1082 2856 1175 2909 lib.
1210 2858 1299 2920 111,
1349 2858 1464 2911 111.
1536 2856 1741 2909 Laudat
1772 2858 1943 2909 Burm.
1977 2867 2128 2907 notas
2163 2858 2232 2909 ad
2262 2858 2488 2911 Phaedr-

242 2926 330 2987 ΙΙΙ,
357 2927 423 2980 17
459 2937 512 2978 et
542 2928 630 2981 20.
697 2926 938 2995 (beelle
984 2926 1320 2993 Servium-le
1358 2927 1486 2989 isse,
1538 2936 1598 2977 ut
1645 2934 1728 2977 est
1774 2927 1832 2979 iu
1878 2928 1997 2979 cod.
2033 2924 2239 2991 Dresd„
2294 2928 2488 2996 probat

240 2992 406 3063 ipsius
439 2996 709 3049 scholion:
745 2994 974 3063 „beele
1003 3006 1175 3048 autem
1202 2944 1445 3048 Bacclzius
1472 3008 1582 3057 est3
1615 3013 1736 3047 nam
1773 2996 1966 3065 &bele
1995 3000 2317 3063 Anapaestus
2350 3000 2488 3049 est-‘⁴

245 3066 391 3133 Wr.)
494 3066 599 3119 223
632 3065 775 3117 Idem
810 3084 884 3117 vs.
918 3084 1034 3135 sup.
1066 3068 1165 3130 Ix,
1219 3068 1316 3119 121
1354 3066 1445 3116 ubi
1478 3066 1614 3116 vide.
1688 3070 1806 3131 Quo
1834 3084 1895 3137 p.
1927 3064 2119 3115 Medic.
2167 3066 2486 3133 (superscri-

238 3145 333 3202 pta
368 3136 429 3201 d,·
474 3146 535 3187 ut.
575 3136 646 3187 sit
703 3136 877 3203 quod,
923 3136 960 3187 i.
994 3154 1043 3187 e.
1077 3146 1220 3204 quot.
1256 3134 1405 3202 Wr.)
1461 3144 1519 3185 et
1547 3137 1753 3255 pupipis
1785 3154 1816 3187 a
1856 3154 1960 3187 sec.
1995 3152 2093 3195 m.;
2153 3134 2262 3186 hoc
2306 3146 2360 3187 et
2393 3135 2484 3187 alii

240 3204 395 3258 codd.
422 3204 563 3274 apud
596 3204 823 3257 Pieriam
854 3204 1155 3271 habebant,
1203 3216 1257 3257 et
1288 3204 1548 3275 postulari
1582 3221 1634 3255 vi
1675 3213 1791 3257 etur
1822 3205 1892 3259 ab
1923 3205 2037 3273 ipsa
2071 3220 2160 3267 τος
2204 3220 2313 3257 non
2347 3204 2483 3257 enim

241 3362 621 3442 Olympum.“
650 3363 771 3423 vid.
798 3366 881 3423 ibi
897 3366 1203 3423 Columna.
1232 3367 1325 3422 De
1403 3362 1676 3447 habenis.
1767 3360 2130 3421 Affectus-unt
2151 3382 2298 3422 mox
2321 3362 2482 3423 idem

238 3458 521 3509 structura
536 3450 1151 3515 vss.215—219.vid.
1165 3452 1233 3522 Q.
1247 3452 1320 3509 V.
1402 3453 1706 3529 scriptores
1741 3450 1806 3505 in
1850 3448 2038 3507 soluta
2082 3451 2371 3525 oratione,
2413 3462 2480 3510 ut

236 3536 483 3610 XXIIII,
499 3540 558 3601 7.
576 3536 727 3595 adde
738 3538 987 3611 XXXV,
999 3542 1103 3603 22.
1140 3536 1321 3615 Wr.)
1404 3538 1645 3605 Tacitus
1674 3536 1874 3593 Germ.
1903 3532 2006 3607 44,
2033 3534 2136 3593 ubi
2155 3533 2274 3593 vid.
2302 3538 2436 3597 Not.

238 3624 385 3685 218.
430 3624 756 3704 Utrumque
784 3620 952 3681 docte
992 3634 1059 3681 ut
1085 3632 1321 3702 poetam
1488 3624 1638 3686 219.
1694 3620 1888 3679 medio
1927 3620 1996 3677 in
2035 3622 2250 3697 spatio.
2325 3624 2478 3681 Nam

238 3703 439 3764 decet:
512 3708 759 3766 clavum
814 3710 971 3787 regit
978 3731 1005 3782 ;
1081 3710 1313 3788 proprie
1402 3726 1532 3786 sup.
1573 3708 1693 3781 IX,
1742 3708 1858 3769 121
1904 3724 2092 3763 novae
2133 3706 2473 3787 Nymphae:

152 3824 161 3834 ·
236 3806 451 3848 navem
478 3796 733 3871 regimus
760 3794 961 3852 clavo:
1004 3804 1137 3852 tum
1164 3792 1315 3851 velis
1385 3790 1994 3870 pontoqueseruntur
2006 3813 2032 3863 ,-
2079 3794 2179 3872 qui
2207 3803 2359 3852 totus
2381 3796 2476 3852 lo·-

238 3874 543 3935 nzinistrat
554 3920 581 3947 ‚
638 3900 743 3959 pro
758 3924 775 3954 ,
825 3882 1113 3937 ministrat
1128 3921 1153 3948 ,
1194 3881 1316 3936 mi-
1395 3898 1497 3936 cus
1523 3876 1641 3935 huc
1671 3878 1868 3935 animo
1895 3876 2270 3937 revocandus.
2326 3900 2472 3937 staa-

234 3960 537 4017 nisterium
563 3976 811 4042 praestat
847 3967 1151 4023 nauticum
1168 4008 1185 4039 ,
1240 3962 1315 4022 ad
1396 3984 1538 4021 rum
1562 3963 1847 4020 comitum
1864 3984 1886 4018 .·
1937 3964 2075 4043 quia
2103 3982 2240 4021 eum
2269 3983 2338 4023 eo
2367 3985 2474 4023 ve-

237 4044 386 4103 vela.
429 4046 503 4103 cf.
547 4066 673 4127 sup.
724 4048 799 4108 ad
838 4052 939 4125 VI,
982 4054 1127 4115 302.
1213 4050 1313 4109 Sio
1393 4058 1602 4107 nerant
1643 4068 1840 4106 naves.
1897 4048 2064 4107 Serv.
2103 4050 2257 4107 conf.
2299 4070 2473 4130 supra
2586 4085 2601 4102 ·

234 4130 427 4187 Luna
447 4132 751 4193 ministrat
780 4137 948 4213 equis
978 4134 1135 4215 apud
1160 4136 1314 4193 Pro-
1393 4138 1512 4205 IX,
1551 4136 1636 4200 80
1671 4154 1796 4225 seq.
1879 4136 2026 4211 221.
2079 4154 2302 4191 numen
2353 4134 2473 4193 Ιια-

234 4218 497 4294 pert-111,
534 4216 631 4282 14.
654 4220 752 4293 15,
784 4232 841 4279 et
869 4222 1103 4295 Statius,
1134 4238 1313 4301 quem
1396 4219 1532 4278 bere
1583 4221 1772 4277 maris
1821 4220 2104 4299 exquisite
2155 4239 2264 4299 pro
2282 4263 2299 4292 ‚
2352 4240 2469 4276 nu-
2567 4291 2573 4301 ι

234 4302 331 4358 alii
374 4302 710 4379 laudarunt,
749 4304 821 4365 de
848 4308 1137 4385 Apolline
1176 4326 1315 4365 cur-
1392 4308 1558 4365 mina
1599 4324 1754 4380 esse3
1809 4322 1938 4382 sup·
1981 4306 2099 4378 IX,
2157 4308 2298 4367 101.
2346 4307 2464 4366 102

230 4388 325 4444 rui
362 4386 647 4448 insidente
686 4391 789 4449 lib.
834 4392 941 4449 VII
956 4436 973 4467 ,
1004 4392 1125 4457 751
1176 4392 1315 4469 Ipse
1394 4394 1726 4471 magnique
1767 4386 1979 4445 iubebo
2002 4388 2304 4466 Aequoris
2344 4404 2466 4443 esse

227 4473 439 4533 sedem
480 4472 616 4533 telis
634 4478 987 4556 pat-iterque
1008 4479 1317 4537 nahistmt
1393 4478 1561 4537 deas.
1589 4472 1944 4553 (Nymphas
1972 4492 2004 4529 e
2030 4470 2288 4531 navibus
2312 4488 2462 4543 esse,

1878 4574 2050 4643 3⁰*
