3009 5050
637 403 784 478 192

628 585 730 660 Et
761 579 1046 678 longos
1075 593 1452 680 superant
1483 576 1733 658 flexus
1748 640 1770 677 ‚
1822 580 2211 680 variisque
2245 591 2525 678 tegunt

1123 397 1208 473 P.
1259 394 1677 473 VIRGIL
1697 394 1788 469 11
1840 392 2401 472 MARONIS

2524 589 2811 658 urofi

628 682 1092 780 Arboribus,
1127 682 1557 785 viridisque
1590 696 1861 760 secant
1887 681 2201 784 placido
2242 705 2593 784 aequore
2624 680 2813 758 silvas,

634 785 775 866 Sol
805 785 1168 862 medium
1201 785 1401 863 coeli
1435 786 2009 864 conscenderat
2046 787 2325 884 igneus
2357 785 2677 866 orbem:

635 894 905 986 Quum
934 913 1209 965 muros
1243 913 1669 990 arcemque
1699 887 1981 990 procul
2008 913 2097 966 ac
2128 913 2301 964 rara
2332 890 2743 964 domorum

633 998 876 1070 Tecta
909 992 1222 1087 vident3
1277 1016 1480 1096 quae
1514 1016 1729 1068 nunc
1754 993 2115 1070 Romana
2147 992 2506 1093 potentia
2540 990 2741 1068 coelo

628 1095 1049 1196 Aequavit3
1097 1109 1273 1172 tum
1313 1120 1444 1172 res
1470 1095 1756 1196 inopes
1782 1093 2202 1172 Euandrus
2234 1094 2597 1174 habebat..
2710 1103 2811 1174 100

629 1199 874 1276 Ocius
913 1197 1335 1275 advertunt
1369 1222 1681 1299 proraS‚
1734 1197 2075 1298 urbique
2104 1201 2657 1299 propinquant.

732 1304 974 1378 Forte
1011 1301 1140 1379 die
1177 1301 1661 1379 sollemnem
1694 1299 1835 1377 illo
1868 1325 2007 1378 rex
2034 1308 2271 1378 Arcas
2313 1301 2705 1378 honorem

764 1475 836 1531 97
859 1475 1033 1529 medic
1057 1479 1241 1542 sprot.
1313 1475 1627 1528 considerat
1654 1475 1837 1528 Franc.
1904 1493 2061 1526 axem
2086 1492 2186 1543 pro
2210 1475 2317 1527 div.
2351 1474 2479 1528 lect.
2517 1492 2597 1543 pr.
2622 1469 2805 1526 Rottend.

628 1543 736 1597 vid.
769 1561 846 1597 vn.
877 1545 990 1599 157.
1029 1544 1182 1612 (orbe
1212 1544 1568 1599 Wakefieldio
1595 1543 1800 1598 videtur
1824 1543 2101 1611 legendnm
2128 1545 2197 1596 ed
2224 1546 2434 1596 Lucu-et.
2462 1545 2533 1608 V,
2564 1543 2676 1598 654.
2708 1539 2805 1600 Wr.)

629 1614 698 1667 89
727 1631 882 1666 arceo
916 1613 1173 1682 oblongus
1221 1625 1274 1666 et
1329 1614 1540 1684 quidam
1580 1613 1672 1666 alii
1710 1614 1868 1676 Pier..
1915 1614 2061 1682 quod
2102 1631 2193 1666 rec
2262 1615 2303 1666 it
2340 1615 2624 1678 Cati-oen,
2670 1622 2719 1662 at
2738 1610 2807 1660 sint

631 1693 834 1751 neptem
869 1681 1065 1748 colles,
1101 1682 1288 1752 quibua
1315 1692 1500 1750 postea
1528 1683 1691 1734 Roma
1719 1681 1822 1733 fuit
1844 1681 2107 1751 imposita.
2154 1687 2189 1735 8

2284 1702 2387 1735 arx
2412 1683 2585 1748 simpl.
2614 1697 2697 1748 pro
2722 1679 2806 1730 urbe

629 1751 686 1804 iu
719 1751 858 1804 colle
885 1751 1122 1803 Palatino
1149 1754 1356 1822 positu
1393 1752 1532 1804 conf.
1558 1750 1655 1804 inf.
1674 1751 1804 1810 3133
1840 1753 1908 1802 ad
1936 1763 2169 1803 veterem
2190 1769 2419 1816 morem,
2452 1769 2561 1822 quo
2588 1747 2805 1818 acropoli&

627 1819 687 1870 in
709 1819 843 1871 colle
877 1820 1084 1873 condita
1101 1859 1117 1888 ,
1167 1819 1401 1890 reliquae
1437 1821 1666 1874 civitatis
1706 1819 1858 1874 initia
1890 1821 2135 1873 faciebat.
2203 1839 2269 1872 ac
2306 1839 2443 1873 mm
2472 1821 2646 1872 Heius.
2671 1833 2805 1870 secun·

629 1889 752 1940 dum
785 1889 1125 1954 vetustiores,
1160 1891 1317 1942 etiam
1342 1890 1477 1944 Pier.
1553 1890 1723 1958 Vulgo
1756 1903 1831 1942 et.

1972 1891 2074 1942 100
2108 1903 2243 1942 cunc
2272 1892 2428 1944 Rom.
2466 1899 2544 1954 tet
2580 1890 2652 1940 ita
2691 1885 2805 1938 edidit

627 1957 804 2020 lehn-3
857 1960 952 2010 scd
988 1958 1094 2012 vid.
1120 1961 1187 2023 Q.
1222 1962 1288 2014 V.
1313 1961 1494 2012 XXV.
1555 1961 1698 2026 Wr.)
1768 1959 2072 2012 Euandrus
2108 1961 2258 2011 Rom.
2304 1969 2359 2010 et
2384 1961 2576 2011 Medic.
2604 1955 2803 2022 ceterique

627 2028 970 2080 vetustiores:
1006 2045 1135 2095 ergo
1160 2029 1366 2097 recepit
1391 2029 1589 2095 Heius„
1621 2045 1775 2098 quem
1806 2028 1927 2080 vide
1966 2036 2092 2099 post
2114 2028 2355 2080 Pieriam.
2423 2029 2624 2098 Vulgoz
2662 2031 2804 2080 Euan-

627 2095 745 2162 der,
778 2097 874 2166 (ita
901 2098 952 2151 3.
982 2095 1032 2151 5.
1059 2099 1111 2152 7.
1142 2100 1224 2151 11.
1263 2101 1345 2152 12.
1383 2101 1528 2164 Wr.)
1567 2097 1723 2150 etiam
1766 2097 1958 2162 passim
1992 2096 2045 2147 iu
2092 2113 2257 2166 seqq„
2304 2097 2518 2167 quotie·
2554 2095 2804 2148 recurrite·

626 2181 743 2218 vox·

851 2169 947 2220 101
981 2178 1242 2219 avertunt
1264 2169 1368 2218 duo
1399 2169 1569 2220 Burm.
1643 2179 1699 2218 et
1724 2165 1918 2237 ubique
1944 2181 2001 2230 p.
2022 2167 2187 2218 Goth.
2212 2183 2321 2220 sec.

2430 2167 2531 2222 102
2564 2167 2689 2220 dim
2708 2166 2803 2214 Dor·

627 2233 739 2288 vin.
766 2245 821 2287 et
846 2235 943 2287 Ed.
963 2235 1100 2288 Ven.
1125 2253 1241 2288 cum
1267 2239 1417 2290 Rom.
1441 2239 1560 2290 cod.
1631 2236 1870 2289 solemne
1890 2234 2110 2288 Mediol.

625 2375 708 2416 no
731 2358 797 2414 in
824 2377 886 2414 re
914 2358 1105 2440 aliqua
1144 2361 1357 2418 versari
1374 2405 1390 2434 ,
1433 2361 1530 2418 vel
1574 2379 1706 2418 eam

625 2441 1009 2523 frequentare.
1065 2446 1217 2503 conf.
1263 2465 1390 2524 sup.
1434 2445 1511 2503 ad
1553 2446 1705 2503 Aen.

623 2530 671 2603 1,
726 2532 854 2593 280
907 2540 965 2588 et
1007 2527 1084 2588 ad
1130 2532 1254 2605 vn,
1294 2532 1438 2595 582.
1527 2530 1705 2607 (Huic

629 2615 998 2693 originationi
1039 2636 1160 2673 non
1217 2618 1348 2695 plus
1403 2618 1706 2676 tribuerim

625 2698 793 2774 fidei,
837 2720 1016 2777 quam
1057 2702 1146 2761 illi
1182 2722 1353 2780 supra
1379 2704 1707 2784 propositae

621 2787 898 2853 vocabuli
950 2806 1174 2845 rumor.
1245 2786 1425 2867 W.)
1513 2790 1709 2849 Simili

623 2871 801 2931 modo
833 2884 1077 2953 quatere
1091 2914 1115 2943 ,
1161 2892 1396 2931 ›novar-e
1411 2916 1436 2945 ,
1487 2874 1705 2951 impel-

622 2956 742 3015 lere
761 2959 951 3017 silvas·
961 3001 988 3029 ‚
1017 2978 1280 3017 exercere
1307 2958 1464 3037 apud
1493 2961 1705 3017 Silium

618 3045 751 3117 XV,
780 3046 927 3108 769.
1012 3044 1194 3099 Porro
1222 3051 1428 3120 poetae
1455 3044 1707 3123 tempori

619 3129 882 3186 tribuunt
933 3136 1238 3208 tamquam
1281 3136 1478 3185 actum
1518 3128 1591 3185 ab
1630 3146 1703 3187 eo

617 3211 683 3271 id
697 3255 716 3286 ,
774 3209 932 3293 quod
989 3214 1054 3270 in
1107 3223 1370 3291 tempore
1435 3212 1531 3273 fit:
1598 3214 1701 3273 Sic

617 3306 850 3355 noctem
889 3296 1188 3373 produci,
1238 3298 1398 3356 diem
1437 3300 1699 3380 frangi,

619 3379 882 3461 adeoque
913 3384 1122 3457 etiam,
1151 3394 1220 3443 ut
1245 3381 1308 3443 h.
1336 3386 1400 3459 1.‚
1422 3385 1702 3464 fatigari

617 3464 846 3525 dicunt:
906 3468 988 3542 X,
1041 3471 1165 3532 807
1209 3468 1368 3529 diem
1409 3490 1691 3529 exercere.

617 3552 950 3631 Propertius
986 3553 1069 3612 IV
1093 3554 1262 3633 Eleg-
1311 3558 1408 3630 11,
1451 3559 1534 3619 77
1584 3557 1701 3615 Sat

619 3636 731 3693 tibi
771 3638 894 3694 sint
943 3647 1142 3697 noctes
1153 3682 1175 3708 ‚
1234 3660 1388 3719 quas
1443 3639 1519 3699 de
1576 3662 1701 3713 me,

618 3722 844 3781 Paulle
857 3766 884 3794 ,
923 3723 1209 3804 sinigas.-
1287 3744 1436 3807 quae
1510 3726 1701 3787 forma

617 3806 858 3867 tandem
885 3828 953 3868 eo
983 3808 1133 3869 redit
1147 3854 1166 3885 ‚
1207 3820 1275 3869 ut
1297 3810 1581 3891 fatigare
1606 3816 1697 3888 sit,

617 3914 960 3953 consumere
971 3937 994 3967 ,
1049 3898 1298 3977 exigere.
1419 3898 1446 3974 (
1476 3930 1563 3941 --
1592 3899 1697 3964 95.

615 3978 767 4041 satis
810 3983 990 4040 otiosa
1030 3978 1205 4041 haec:
1264 3984 1574 4062 variisque
1608 3994 1695 4039 te-

605 4078 846 4145 guntur
871 4064 1251 4139 Arbor-ibam
1297 4066 1414 4127 vid.
1453 4071 1589 4131 Not.
1620 4066 1697 4129 ad

611 4152 660 4227 Ι,
692 4154 834 4217 678.
887 4152 1065 4229 W.)
1155 4156 1259 4217 96.
1296 4150 1551 4231 placido
1588 4174 1697 4213 ae-

616 4258 798 4317 quore
809 4279 835 4307 ‚
879 4240 1046 4297 alveo
1087 4238 1252 4299 fluvii
1265 4282 1284 4313 ‚
1341 4250 1547 4297 secant
1584 4240 1695 4297 sil-

611 4344 723 4381 vas
743 4366 762 4394 ,
819 4324 1098 4403 navigant
1157 4326 1308 4383 inter
1347 4326 1497 4404 ripas
1542 4326 1695 4387 silvis

610 4413 856 4475 consitas
884 4430 903 4469 z
981 4410 1192 4491 quibus
1261 4412 1450 4490 prima
1510 4422 1695 4471 aetate

1788 2361 2041 2420 consitae
2070 2371 2235 2418 erant
2268 2361 2431 2439 ripae
2472 2359 2702 2418 extremi
2732 2355 2804 2413 Ti-

1786 2445 1973 2504 beris=
2016 2444 2173 2504 unde
2200 2456 2495 2524 supererat
2520 2444 2803 2504 Laurentina

1787 2532 1949 2619 silva.
2034 2534 2219 2590 Nimis
2260 2543 2426 2589 acute
2457 2532 2620 2592 Serv.
2648 2541 2697 2589 et
2716 2528 2801 2585 alii:

1788 2626 1984 2674 secant
2008 2618 2291 2697 imagines
2332 2638 2665 2693 nemorum,
2704 2630 2803 2695 quae

1784 2704 1847 2759 in
1874 2702 2163 2782 pellucida
2206 2703 2369 2763 fluvii
2416 2704 2703 2783 superficie
2734 2718 2803 2775 ap-

1788 2790 2089 2867 parebant.
2178 2790 2280 2851 97.
2300 2779 2492 2867 Ἦμος
2538 2790 2597 2851 δ’
2641 2784 2804 2851 Ἠέλιος

1790 2871 1975 2952 μέσον
2018 2867 2285 2951 οὐρανὸν
2340 2868 2729 2955 ἀμφιβεβήκει
2760 2868 2802 2925 1¹·

1788 2964 1859 3030 θ,
1886 2962 1967 3023 68
1996 2970 2057 3016 et
2083 2958 2157 3016 al.

1880 3046 2001 3111 102
2028 3064 2158 3125 sqq.
2186 3044 2439 3123 Egregia
2468 3042 2717 3104 canninis
2738 3056 2804 3095 oe-

1789 3130 2059 3188 conomia
2074 3175 2090 3204 ,
2135 3149 2253 3209 qua
2292 3130 2431 3189 belli
2470 3151 2609 3189 cum
2644 3124 2806 3186 Latinis

1783 3216 1931 3293 gesti
1968 3218 2313 3295 argumento
2354 3236 2461 3295 per
2500 3236 2564 3275 se
2604 3213 2741 3275 tenui
2770 3216 2807 3263 et

1782 3302 2023 3380 pauperi
2052 3302 2283 3380 copiam
2322 3320 2522 3361 rerum
2564 3312 2620 3359 et
2656 3314 2807 3358 nam·

1781 3387 2011 3445 tionum
2038 3388 2307 3447 conciliat
2332 3398 2525 3467 poeta.
2610 3378 2809 3445 Offendit

1779 3472 2006 3529 Aeneas
2032 3471 2379 3533 Euandrum
2416 3492 2524 3532 sua
2564 3489 2713 3533 sacra
2746 3464 2807 3523 ffl-

1784 3558 2029 3615 cientem
2076 3560 2353 3634 Herculi;
2406 3578 2605 3617 rerum
2646 3554 2808 3635 species

1786 3642 2050 3701 obiicitur
2080 3654 2323 3725 augusta
2361 3642 2743 3723 religionibus,
2773 3643 2809 3689 01

1780 3724 2093 3787 hominum
2135 3731 2464 3811 saeculique
2502 3728 2809 3807 simplicitate

1780 3814 2033 3892 placens.
2131 3812 2359 3873 Eadem
2422 3834 2483 3879 v.
2559 3814 2673 3879 185
2718 3826 2809 3888 sqq·

1784 3896 2019 3959 adducit
2068 3900 2393 3981 episodium
2434 3897 2507 3959 de
2562 3916 2716 3959 caeso
2762 3892 2809 3948 ab

1780 3986 2029 4043 Hercule
2088 3988 2241 4044 Caco
2270 4030 2287 4063 ,
2358 3997 2659 4066 tamquam
2704 3978 2809 4039 sacri

1778 4072 2021 4131 instituti
2071 4090 2269 4132 caussa
2312 4082 2371 4130 et
2409 4072 2646 4149 orIgine.
2722 4063 2810 4123 Ob·

1778 4166 2068 4215 versatmn
2124 4176 2247 4215 esse
2303 4159 2367 4214 in
2424 4157 2687 4214 omnibus
2750 4146 2811 4205 ἰὼ
2879 4186 2880 4195 ¹

1777 4254 1985 4321 poetae
2030 4245 2225 4301 animo
2264 4242 2461 4303 locum
2505 4240 2617 4300 Od.
2647 4238 2707 4311 V,
2754 4232 2811 4295 82

1780 4346 1929 4409 sqq„
1977 4328 2082 4385 ubi
2122 4326 2515 4388 Telemachus
2558 4329 2621 4383 in
2646 4326 2811 4382 Nesto-

1780 4432 1906 4470 rem
1930 4432 2091 4471 sacra
2119 4414 2430 4473 facientem
2470 4408 2695 4483 incidit,
2732 4422 2811 4465 ne-
