3009 5050
663 437 1270 515 AENEIDOS
1324 439 1535 518 ΠΒ.
1588 444 1678 536 Χ,
1727 427 2164 525 2έ3-238

2379 456 2526 529 485
2603 495 2610 502 ·

282 623 383 697 Ni
416 619 748 698 fratrum
780 626 1056 726 stipata
1091 624 1379 700 cohors
1416 624 1630 704 soret
1658 629 1888 704 obvia
1911 691 1931 726 ‚
1973 631 2262 711 Phorci

288 729 756 823 ProgenieS‚
810 741 1119 829 septem
1146 753 1528 826 numer0‚
1581 744 2068 836 septenaque
2094 736 2252 812 tela

289 831 775 908 Coniiciunt:
832 833 1121 932 partim
1157 832 1377 929 galea
1411 835 1830 936 clipeoque
1862 837 2246 914 resultant

2374 853 2525 922 330

283 933 569 1026 Inrita3
628 931 946 1011 deflexit
977 937 1264 1034 partim
1296 937 1752 1034 stringentia
1796 963 2082 1041 corpus

281 1035 515 1114 Alma
544 1040 834 1116 Venus

936 1038 1227 1114 Fidum
1257 1044 1564 1115 Aeneas
1594 1040 1903 1117 adfatur
1933 1041 2285 1121 Achaten
2307 1079 2334 1125 τ

287 1142 637 1238 suggere
682 1141 837 1218 tela
868 1141 1103 1237 mihi,
1163 1166 1331 1218 non
1361 1142 1623 1218 ullum
1667 1143 1982 1222 dextera
2006 1145 2295 1223 frustra

285 1245 644 1320 Torserit
705 1247 786 1320 in
846 1245 1219 1341 Rutulos,
1292 1259 1684 1324 steterunt
1740 1272 1942 1347 quae
2031 1251 2110 1324 in
2185 1275 2523 1352 corpore

1454 1351 1780 1427 Graium

279 1448 534 1526 Iliacis
571 1473 739 1526 cam
801 1452 885 1530 is.
990 1454 1201 1526 Tum
1229 1475 1603 1550 magnam
1643 1453 1981 1554 conripit
2014 1452 2339 1556 hastam,
2373 1467 2522 1538 335

278 1556 384 1629 Et
414 1554 609 1632 iacit.
712 1558 751 1631 Ι
784 1553 857 1629 la
886 1553 1162 1629 volans
1195 1555 1429 1656 clipei
1460 1557 2040 1634 transverberat
2068 1583 2248 1636 aera

280 1657 679 1753 MaeoniS,
736 1670 816 1732 et
844 1655 1166 1733 thoraca
1212 1657 1447 1736 simul
1479 1685 1664 1737 cum
1694 1673 2024 1760 pectore
2052 1663 2373 1764 rumpit.

278 1761 487 1836 Huic
525 1759 769 1837 frater
810 1760 1023 1837 subit
1066 1761 1439 1859 Alcanor,
1492 1762 1983 1863 fratremque
2025 1779 2396 1842 ruentem

388 1909 560 1979 329.
612 1903 1105 1992 Pnocnmns3

398 2089 505 2144 328
543 2087 700 2142 obvia
732 2091 947 2144 cohorti
980 2091 1064 2144 ed.
1102 2109 1181 2160 pr.
1222 2093 1394 2144 Bnrm.
1462 2094 1706 2146 Phorelu‘
1737 2095 1892 2148 Rom.
1925 2103 1978 2147 et
2009 2093 2078 2148 al.
2181 2093 2284 2148 329
2325 2109 2354 2144 c
2421 2104 2526 2145 tem

188 2221 195 2228 ,
271 2177 539 2214 πωπω-ω
570 2159 761 2212 Medic.
797 2178 829 2212 a
861 2179 931 2213 m.
966 2179 1047 2225 pr.
1118 2163 1335 2213 Poterat
1384 2171 1440 2214 et
1473 2163 1576 2215 hoc
1609 2163 1792 2215 vitiam
1837 2163 1892 2215 in
1941 2161 2256 2233 elegantiam
2287 2161 2354 2214 de
2393 2161 2528 2224 ecti3

270 2241 333 2282 nt
366 2229 445 2280 sit
476 2245 575 2297 pro
610 2247 891 2282 numerus.
960 2231 1153 2287 Melina
1187 2240 1361 2283 antem
1408 2233 1485 2284 sic
1521 2233 1772 2301 distingui
1807 2245 2009 2301 putem:
2057 2235 2388 2302 Progenies:
2436 2249 2528 2282 oe-

264 2312 421 2370 ptem
456 2316 532 2362 n„
564 2315 717 2366 qnam
750 2299 1046 2351 continuari
1081 2295 1402 2364 orationem,

1456 2309 1514 2350 ut
1543 2303 1596 2352 in
1633 2303 1816 2353 Heius.
1851 2312 1908 2353 et
1943 2303 2111 2353 Burm.
2182 2301 2353 2369 (Licet
2395 2299 2529 2352 haec

270 2367 473 2428 verba,
520 2380 723 2436 septem
750 2386 1009 2430 numero,
1066 2387 1098 2420 a
1142 2368 1503 2434 superioribus
1539 2370 1841 2438 adauget-03
1889 2370 2030 2440 quod
2066 2369 2158 2440 qui
2193 2369 2306 2431 fieri
2341 2367 2528 2436 possit,

275 2434 497 2488 docebit
532 2439 598 2498 Q.
637 2438 704 2488 V.
742 2436 1038 2499 xxmm,
1073 2437 1125 2489 2.
1194 2436 1301 2490 Sed
1342 2436 1632 2506 simplicior
1675 2438 1814 2490 ratio
1850 2438 2112 2506 postulat,
2165 2449 2221 2490 nt
2254 2437 2384 2489 haec
2430 2455 2530 2520 per

276 2503 671 2573 appositionem
708 2503 913 2557 adiecta
948 2514 1220 2572 putemnsg
1266 2506 1369 2558 hoc
1400 2516 1574 2559 antem
1609 2507 1959 2577 appositionis
1996 2526 2158 2577 genus
2194 2524 2302 2559 non
2335 2513 2530 2577 patitur

276 2574 575 2645 graviorem
636 2574 1039 2627 distinctionem.
1136 2574 1241 2625 sed
1306 2574 1461 2626 video
1511 2578 1733 2627 sensisse
1781 2578 2070 2644 Heynium,
2132 2578 2208 2629 ita
2253 2576 2530 2629 dicendum

272 2644 445 2696 fuisse
499 2644 879 2703 Conficimun
934 2654 1014 2694 eat
1056 2642 1217 2711 igitur
1266 2644 1495 2695 Verbum
1549 2644 1752 2695 finitum
1795 2662 1895 2712 pro
1944 2644 2224 2715 Participio
2273 2646 2530 2714 posituim

274 2713 387 2765 vid.
421 2712 582 2763 modo
615 2710 757 2763 laud.
809 2713 875 2775 Q.
911 2712 979 2763 V.
1031 2712 1077 2779 §.
1129 2710 1179 2765 3.
1227 2712 1370 2777 Wr.)

1509 2714 1613 2767 330
1647 2715 1952 2766 Coneeiium
1995 2712 2173 2766 'Rufim
2223 2714 2289 2765 de
2323 2713 2528 2765 Schem.

270 2784 407 2835 Lex.
443 2798 568 2848 pag.
600 2780 685 2835 32.
758 2781 1037 2832 continuit
1070 2780 1204 2831 alter
1245 2782 1429 2833 Hamb.
1495 2795 1711 2853 portem
1747 2784 1893 2834 Rom.
1945 2782 2137 2850 (etiam
2173 2781 2360 2835 Medic.
2395 2798 2426 2833 a
2463 2800 2529 2834 m.

272 2871 360 2923 pr.
406 2852 491 2904 W
483 2862 551 2909 r.)

635 2852 808 2919 clipeo
852 2850 1124 2918 galeaque
1170 2850 1390 2904 non-viu.

1528 2850 1627 2904 331
1677 2851 1972 2903 stridentia
2022 2851 2211 2903 Medic.
2261 2867 2293 2901 a
2339 2866 2410 2900 m.
2447 2866 2528 2915 pr.

274 2922 387 2977 333
423 2918 637 2989 Suffice
671 2919 787 2970 telo
834 2914 967 2970 milei
1010 2930 1061 2970 et
1108 2936 1227 2971 mox
1278 2923 1561 2991 Spar-verit
1607 2920 1664 2971 in
1709 2924 1782 2972 R.
1816 2920 2061 2971 Barthins
2105 2937 2168 2970 ex
2213 2926 2322 2972 vet.
2351 2917 2532 2969 Schol.

274 2993 490 3056 profert
524 2990 592 3042 ad
624 2993 763 3041 Stat.
800 2990 895 3039 Vl!
932 2988 1103 3042 Theb.
1138 2990 1259 3044 593.
1328 2989 1546 3042 nullum
1593 2989 1791 3041 dextra
1838 3008 1958 3041 mea
1981 2988 2066 3060 fr.
2099 2990 2222 3040 Exc-
2255 2988 2530 3038 Burmann.

270 3060 381 3117 334
414 3072 689 3113 steterant
740 3057 939 3108 editum
992 3068 1114 3110 ante
1157 3058 1295 3111 Pier.
1365 3060 1620 3111 steterim
1654 3058 1843 3111 Medic.
1881 3076 1913 3110 a
1951 3076 2019 3109 m.

2097 3076 2162 3119 r..
2210 3066 2320 3109 tum
2357 3066 2531 3107 seete-

271 3144 519 3199 tumque
553 3128 717 3179 Goth.
748 3145 832 3195 pr.
867 3138 925 3178 et
976 3145 1080 3179 aec.
1130 3146 1243 3179 cnm
1279 3128 1407 3191 Erf..
1450 3130 1629 3193 sicque
1683 3145 1715 3179 a
1759 3126 2025 3179 nonnullis
2082 3137 2251 3180 ectum
2284 3125 2530 3178 Serviane

270 3202 489 3253 docent.
542 3197 672 3264 (vid.
722 3198 790 3249 V.
836 3198 899 3249 L.
950 3196 1018 3248 ad
1062 3198 1158 3248 Ge.
1195 3198 1299 3259 IV,
1343 3197 1462 3251 393.
1533 3200 1629 3249 Eat
1675 3208 1847 3249 antem
1881 3198 2136 3248 steterim
2183 3195 2332 3265 prior
2363 3193 2528 3245 lectio

270 3268 539 3333 Medicei,
574 3268 924 3337 superscripta
962 3284 997 3316 u
1034 3268 1347 3318 recentioris
1380 3268 1599 3318 formae.
1668 3268 1801 3319 Huic
1833 3266 1940 3333 ipsi
1972 3266 2165 3317 mendo
2201 3262 2530 3316 uibnendnm

272 3352 383 3403 est,
420 3338 565 3408 quod
604 3356 643 3393 α
671 3337 727 3387 in
762 3354 905 3405 quae
936 3336 991 3387 in
1026 3336 1213 3387 eodem
1248 3337 1367 3389 cod.
1400 3336 1678 3398 transfixa,
1727 3345 1786 3389 ut
1835 3336 1928 3387 fiat
1967 3337 2341 3403 steterintque.
2387 3333 2530 3398 Wr.)

270 3430 418 3482 quae
464 3410 619 3460 abeat
654 3425 685 3457 a
725 3408 909 3457 Franc-
978 3408 1037 3457 in
1086 3424 1321 3479 corpora
1356 3404 1493 3457 alter
1529 3405 1715 3457 Hamb.

1853 3405 1958 3459 336
1993 3422 2122 3457 oras
2159 3404 2296 3455 alter
2339 3402 2528 3455 Hamb.

272 3490 330 3532 et
364 3478 614 3532 Perrhae.
646 3494 763 3527 cum
798 3475 963 3543 Goth.
1012 3492 1139 3539 sec„
1188 3484 1249 3527 ut
1279 3474 1374 3528 inf.
1422 3494 1471 3525 v.
1506 3474 1626 3529 477.
1697 3492 1862 3527 aerea
1909 3472 2126 3525 Mentel.
2159 3490 2240 3540 pr.
2275 3490 2307 3524 a
2341 3489 2412 3523 m.
2447 3489 2529 3541 pr.

268 3550 373 3605 337
426 3544 709 3605 Μαίονος.
787 3546 1005 3597 Meonia
1056 3555 1182 3597 vett.
1233 3544 1356 3596 edd.

1450 3546 1760 3611 (Maeoniis
1804 3543 1994 3597 Medic.
2045 3560 2078 3597 a
2123 3560 2190 3593 m.
2240 3558 2323 3611 pr.
2382 3542 2527 3608 Wr.)

271 3622 427 3693 rupit
460 3620 617 3671 Rom.
654 3632 771 3667 cnm
802 3614 1005 3685 aliquot
1038 3614 1317 3666 Burmann.
1354 3622 1409 3665 ct
1442 3614 1607 3666 Goth.
1640 3612 1794 3664 binia-

274 3796 547 3875 spicieus.
636 3790 909 3868 (Tamen
953 3792 1119 3851 Serv.
1152 3792 1368 3871 Scalig.

274 3873 607 3941 Burmann.
660 3898 863 3937 omnes
906 3878 969 3934 in
1000 3876 1222 3937 diversa
1262 3878 1371 3935 ab-

275 3966 471 4039 eunt.)
520 3962 804 4043 (—327.
850 3962 1185 4020 miserande
1213 3983 1369 4037 vere,

272 4052 634 4135 siperiisse13
662 4070 819 4106 nunc
837 4046 1237 4127 accipiendum
1263 4068 1368 4127 pro

276 4134 661 4197 miserandus
676 4156 701 4206 ;
760 4134 879 4193 vid.
923 4135 994 4193 V.
1046 4135 1119 4197 L.
1184 4132 1369 4211 Wr.)

274 4228 425 4290 331.
472 4242 541 4278 ea
559 4264 577 4294 ,
622 4239 771 4299 quae
799 4220 1078 4297 stringere
1106 4228 1372 4297 poterant

274 4328 523 4389 corpus,
554 4305 824 4381 deflexit,
852 4316 919 4362 ut
946 4308 1094 4362 Iuno
1138 4304 1237 4361 lib.
1266 4306 1371 4377 IX,

272 4394 568 4463 725.726
586 4390 911 4447 inTurno:
943 4388 1187 4447 deorum
1218 4388 1372 4467 apud

276 4486 613 4543 Homerum
643 4476 914 4555 exemplo
940 4473 1104 4534 Iliad.
1134 4475 1171 4538 δ
1186 4520 1203 4549 ,
1254 4476 1374 4539 129

1451 3809 1616 3869 seqq.
1663 3810 1726 3865 ε,
1760 3790 1882 3853 187
1912 3806 2001 3868 sq.
2074 3790 2220 3852 333.
2260 3786 2531 3865 Suggen

1450 3876 1577 3932 tela
1605 3872 1758 3931 mihi
1769 3894 1796 3947 ;
1828 3871 2073 3931 heroum
2089 3876 2531 3931 Homericorum

1454 3979 1627 4041 opes:
1655 3958 1951 4018 hastarum
1974 3960 2140 4038 copia
2165 3960 2228 4016 in
2249 3958 2492 4016 armario
2511 3973 2528 4014 ε

1452 4045 1588 4104 vide
1635 4047 1874 4103 omnino
1901 4044 2069 4103 Iliad.
2111 4066 2168 4114 ν,
2203 4048 2331 4108 260
2370 4060 2531 4123 sqq.;

1452 4143 1596 4212 puta
1635 4132 1813 4211 igitur
1841 4128 2028 4189 hastas
2059 4150 2133 4187 ex
2159 4131 2367 4208 pugnis
2395 4146 2531 4186 cum

1456 4214 1690 4277 Achivis
1713 4216 1986 4293 collectas
2010 4213 2384 4291 etdiligenter
2409 4230 2532 4269 ser-

1454 4314 1614 4361 vatas
1675 4304 1938 4359 Aeneam
2002 4318 2203 4358 secum
2261 4297 2530 4356 attulisse.

1457 4408 1581 4445 non
1607 4386 1806 4444 ullum
1835 4385 2078 4443 dextera
2085 4382 2335 4461 frustra
2351 4391 2532 4436 torse-

1458 4475 1538 4530 rit
1589 4473 1898 4532 Homerica
1958 4468 2222 4549 gloriatio
2278 4464 2534 4547 Polyda-
