3009 5050
437 432 586 505 288
981 412 1889 497 EXCURSUS
1992 413 2133 489 111

435 636 566 678 scos
587 613 862 675 adversus
887 610 1178 671 'I'roianos
1206 626 1368 667 arma
1395 608 1691 681 sumsisse3
1718 606 1942 665 factum
1970 624 2093 665 esse
2118 602 2253 683 hoc,
2286 626 2426 666 cum
2453 610 2685 671 Aeneas

437 704 660 784 aliquot
685 702 806 758 iam
833 716 1014 757 annos
1041 712 1292 775 regnum
1315 696 1663 753 Latinorum
1685 694 1993 767 tenuisset3
2023 694 2395 753 commissam
2420 716 2685 776 pugnam

435 790 546 848 sub
571 786 802 845 Lavinii
825 784 1128 842 moenibus
1145 826 1162 857 ,
1216 781 1535 861 Aeaeaque
1574 781 1642 839 iu
1665 779 1936 836 Numicio
1978 779 2277 839 submerso
2319 782 2529 840 urbem
2574 784 2685 843 ob-

437 892 652 933 sessam
691 868 1046 949 tandemque
1085 866 1320 925 Ascanii
1375 866 1615 924 consilio
1668 872 1733 921 et
1776 864 1988 921 virmte
2030 865 2367 947 liberatam3
2424 870 2685 928 Lausmn

438 976 676 1019 caesum
701 966 1042 1036 patremque
1075 952 1430 1011 Mezentium
1457 953 1522 1009 in
1548 946 1843 1009 Etruriam
1870 947 2192 1010 dimissum.
2276 956 2365 1012 Ita
2402 974 2534 1013 rem
2571 974 2685 1013 >ex-

439 1052 752 1125 posuerant
797 1043 869 1101 L.
911 1040 1116 1099 Caesar
1155 1049 1216 1096 et
1252 1037 1329 1095 A.
1369 1036 1701 1095 Postumius
1748 1036 1811 1091 in
1851 1034 1999 1094 libro
2028 1036 2103 1095 de
2143 1036 2399 1098 adventu
2424 1041 2681 1117 Aeneae,

438 1127 660 1189 laudati
685 1129 760 1186 ab
789 1136 1020 1184 auctore
1063 1120 1138 1182 <Ia
1167 1124 1326 1201 Orig.
1369 1124 1545 1179 Gent.
1588 1122 1761 1179 Rom.
1802 1138 1929 1200 cap.
1967 1119 2064 1186 14.
2096 1124 2199 1189 15.
2282 1124 2540 1185 Eosdem
2580 1137 2684 1187 aut

441 1216 584 1274 alios
623 1222 882 1272 auctores
895 1256 912 1286 ,
967 1226 1110 1269 nam
1139 1208 1422 1268 Catonem
1463 1206 1831 1286 potissimum
1854 1208 2115 1288 sequitur
2130 1253 2147 1283 ,
2204 1206 2365 1269 idem
2390 1212 2681 1272 tradentes
2798 1236 2803 1241 ·

441 1301 720 1381 expressit
745 1300 982 1378 Dionys.
1012 1297 1196 1353 Halic.
1225 1296 1274 1367 1,
1303 1288 1406 1357 64.
1435 1292 1541 1357 65.
1580 1292 1700 1348 Neo
1729 1288 2052 1372 discrepant
2078 1294 2279 1354 Iusti‘n.
2308 1298 2515 1373 XLIII,
2550 1302 2579 1361 1
2612 1300 2679 1373 f.‚

443 1388 646 1445 Festus
671 1387 736 1443 in
775 1404 904 1442 voc.
946 1378 1244 1439 oscillum
1275 1398 1352 1436 ex
1394 1375 1701 1437 Cornificio
1718 1420 1735 1449 ,
1797 1388 1857 1435 et
1896 1379 2132 1441 Servius
2175 1400 2253 1440 ex
2296 1383 2515 1442 Catone
2528 1428 2547 1461 ,
2602 1383 2682 1443 ad

441 1474 594 1533 Aen·
623 1472 672 1543 1,
700 1473 845 1535 267.
893 1469 992 1543 IV,
1023 1470 1166 1530 620.
1249 1465 1332 1521 At
1356 1474 1530 1543 poeta
1568 1473 1669 1521 aut
1698 1460 1949 1523 diversos
1988 1476 2249 1527 auctores
2274 1466 2480 1528 habuit
2494 1514 2513 1546 ,
2582 1480 2687 1529 aut

445 1577 516 1615 eo
545 1556 803 1615 fabulam
832 1551 1066 1612 deflexit
1083 1594 1100 1625 ,
1158 1559 1226 1607 ut
1249 1550 1571 1607 Mezentius
1614 1568 1649 1606 a
1686 1550 1805 1607 suis
1849 1552 2069 1612 civibus
2096 1572 2281 1634 regno
2305 1553 2567 1616 deiectus
2606 1554 2684 1616 ad

443 1645 722 1703 Turnum
747 1640 1085 1717 confugeret
1109 1636 1212 1695 lib.
1239 1636 1392 1709 VIII,
1421 1632 1545 1699 489
1574 1654 1704 1716 sqq.
2627 1667 2635 1677 ·

611 1728 770 1786 Inter
796 1724 939 1783 haec
967 1720 1290 1783 tenendum
1317 1730 1402 1779 est
1429 1716 1493 1777 id
1510 1762 1527 1794 ‚
1568 1721 1633 1780 in
1663 1739 1779 1801 quo
1805 1720 2068 1802 plerique
2096 1729 2492 1804 consentiunt,
2537 1730 2682 1787 Me—

445 1812 708 1871 zentium
750 1810 922 1869 fuisse
963 1806 1240 1886 Agyllae
1275 1825 1378 1865 seu
1429 1804 1891 1865 &cremnorum
1928 1826 2166 1887 regem3
2218 1823 2287 1872 ut
2326 1815 2469 1872 felix
2509 1827 2683 1895 poeta

445 1900 624 1960 etiam
648 1899 712 1953 iu
739 1894 852 1956 hac
879 1894 1206 1973 argumenti
1230 1902 1392 1971 parte
1420 1891 1593 1950 fuerit
1609 1938 1626 1967 ,
1664 1903 1733 1951 ut
1757 1892 2103 1973 probabilia,
2150 1916 2301 1981 quae
2328 1912 2681 1984 sequeretur,

445 1985 510 2043 in
537 1981 804 2041 manibus
832 1979 1068 2039 haberet
1083 2022 1100 2053 ‚
1141 1996 1266 2035 non
1293 1979 1350 2033 ei
1397 1976 1889 2037 comminiscenda
1918 1991 2124 2040 essent.
2208 1984 2498 2045 Convenit
2523 1993 2685 2047 enim

444 2068 562 2129 hoc
589 2086 724 2127 cum
753 2068 972 2148 reliqua
997 2063 1366 2123 historiarum
1392 2061 1509 2121 fide
1525 2108 1542 2137 ,
1584 2066 1801 2144 primos
1841 2065 2049 2146 opibus
2092 2069 2244 2129 inter
2268 2072 2541 2132 Etruscos
2568 2074 2681 2133 flo-

447 2156 660 2227 ruisse,
701 2154 905 2212 saltem
934 2149 1140 2209 exteris
1166 2151 1480 2207 innotuisse
1505 2134 1845 2230 Agyllass,
1900 2154 2204 2214 maritimis
2233 2158 2443 2237 copiis,
2489 2169 2547 2218 et
2570 2180 2682 2219 na·-

446 2241 751 2319 vigationis
788 2238 1148 2298 commerciis
1165 2279 1182 2307 ,
1221 2236 1521 2313 insiguiter
1560 2246 1777 2295 auctos.
1859 2237 2051 2295 Hane
2095 2237 2424 2324 (Agyllam)
2465 2246 2684 2303 multos

430 2326 757 2404 florentem
783 2342 974 2381 annos
1000 2321 1248 2405 appellat
1273 2323 1437 2379 Maro
1463 2322 1615 2399 VIII,
1646 2320 1791 2384 481.
1874 2322 2021 2381 Vide
2048 2328 2289 2408 Dionys.
2318 2330 2419 2389 lib.
2448 2333 2550 2406 111,
2579 2332 2682 2397 58.

449 2411 719 2471 Strabon.
747 2410 822 2484 V,
849 2412 993 2473 337.
1077 2409 1228 2465 Hinc
1274 2426 1509 2489 quoque
1550 2408 1765 2487 Agylla
1812 2426 1889 2467 ex
1928 2414 2092 2468 omni
2126 2414 2359 2473 Etruria
2397 2435 2516 2474 una
2542 2427 2683 2475 nota

447 2498 560 2558 fuit
587 2496 853 2554 Graecis:
904 2503 960 2554 et
985 2490 1336 2574 Isycophron
1379 2512 1439 2554 v.
1483 2490 1645 2558 1358
1688 2502 1875 2552 totam
1918 2504 2135 2558 terram
2162 2498 2235 2558 ab
2264 2498 2375 2560 hac
2403 2504 2547 2562 urbe
2577 2500 2684 2561 de—

373 2569 387 2585 “
448 2585 656 2663 signat.
739 2585 924 2640 Fuere
949 2599 1120 2660 porro
1151 2579 1452 2640 Caeretani
1479 2599 1557 2636 ex
1581 2580 1651 2638 iis
1677 2581 1931 2640 Etruscis
1954 2585 2193 2643 urbibus
2210 2629 2227 2657 ,
2267 2606 2417 2670 quae
2444 2590 2683 2667 vestigia

449 2668 742 2747 Pelasgici-
756 2668 932 2726 moris
957 2666 1206 2744 plurima
1231 2675 1291 2723 et
1317 2665 1558 2724 clariora
1582 2667 1955 2724 retinuerant.
1994 2671 2199 2752 Itaque
2225 2673 2377 2730 bene
2402 2675 2504 2734 lib.
2532 2675 2681 2751 VIII,

449 2759 597 2821 600.
641 2756 788 2818 602.
833 2751 989 2833 apud
1029 2771 1128 2810 eos
1179 2749 1436 2830 Pelasgi
1484 2760 1704 2808 veteres
1756 2771 1987 2812 sacrum
2042 2759 2398 2817 constituisse
2451 2781 2685 2820 memo-
2806 2754 2813 2762 ’

449 2849 651 2900 rantur
677 2837 914 2901 Silvano
927 2884 946 2915 ,
990 2840 1230 2921 antiquo
1258 2837 1519 2916 numini,
1560 2837 1721 2918 quod
1746 2840 1911 2897 Pana
1935 2852 2040 2900 aut
2066 2840 2225 2901 aliud
2250 2845 2436 2904 simile
2461 2867 2683 2906 numen

449 2925 750 2984 referebat.

619 3007 771 3070 Illud
799 3029 950 3082 vero¹
963 3011 1162 3068 mirari
1185 3008 1374 3082 soleo,
1431 3005 1591 3065 unde
1636 3029 1711 3070 ex
1749 3007 1865 3070 hoo
1905 3013 2095 3091 prisco
2136 3023 2398 3094 tempore
2442 3035 2535 3074 res
2560 3027 2687 3075 tam

453 3098 631 3156 exiles
662 3105 719 3152 et
745 3113 954 3174 parum
979 3093 1382 3152 memorabiles
1409 3095 1736 3172 acceperint
1761 3107 1983 3159 veteres
2009 3099 2326 3178 scriptores,
2374 3102 2543 3183 quale
2570 3101 2685 3162 hoc

451 3193 558 3254 est,
587 3176 749 3262 quod
773 3181 996 3238 Plinius
1023 3181 1124 3240 lib.
1149 3178 1309 3253 XIV,
1333 3198 1384 3239 s.
1417 3175 1496 3240 14
1524 3177 1719 3239 habet.
1804 3183 1905 3240 M.
1948 3185 2141 3243 Varro
2172 3195 2383 3243 auctor
2420 3197 2507 3269 αξ
2544 3190 2687 3246 Me-

453 3263 752 3333 sentium,
793 3263 1078 3324 Etrurm
1119 3283 1356 3346 reg-em,
1410 3263 1713 3322 ωυίἰὶιιηι
1750 3265 2006 3328 Rutulis
2048 3281 2256 3328 contra
2298 3271 2559 3334 Latinos
2586 3285 2687 3332 tw-

453 3349 619 3420 Iisse,
645 3349 768 3407 vini
793 3349 1080 3426 mercede,
1109 3348 1276 3429 quod
1298 3359 1427 3406 tum
1445 3349 1511 3406 in
1538 3351 1745 3409 Latino
1776 3371 1915 3432 agro
1926 3356 2176 3434 suth-set.
2265 3358 2437 3417 Varie
2454 3403 2471 3434 ,
2520 3371 2589 3418 ut
2622 3362 2683 3417 in

451 3445 614 3494 tanta
640 3453 837 3492 renim
865 3437 1218 3516 antiquitate,
1249 3434 1525 3493 traditum
1552 3436 1663 3494 fuit
1686 3435 1801 3496 hoo
1826 3439 2007 3500 idem.
2050 3443 2202 3501 Nam
2221 3445 2293 3505 L.
2305 3434 2513 3502 Caesar
2540 3458 2598 3504 et
2610 3447 2685 3504 A.

452 3521 784 3578 Postumius
811 3540 984 3600 supra
1007 3519 1227 3579 laudati
1249 3523 1403 3578 inter
1427 3519 1814 3598 conditiones,
1876 3527 2084 3606 quibus
2112 3530 2175 3586 in
2204 3527 2558 3589 deditionem
2584 3551 2687 3590 ao-

451 3607 645 3684 cipere
665 3606 847 3664 vellet
868 3607 1104 3664 Latinos
1129 3607 1354 3666 Lavinii
1381 3608 1635 3666 obsessos
1663 3609 2001 3689 Mezentius,
2028 3626 2491 3674 memoraverunt
2515 3614 2687 3691 hanc,

457 3700 530 3748 ut
575 3710 748 3751 omne
789 3693 1002 3750 vinnm
1045 3693 1191 3771 agri
1228 3691 1450 3750 Latini
1489 3693 1725 3772 aliquot
1770 3699 1951 3756 annue
2015 3699 2136 3756 sihi
2179 3701 2519 3779 inferretur.
2608 3705 2689 3760 At

454 3777 692 3836 Ascanii
743 3779 981 3836 consilio
1040 3787 1100 3836 et
1153 3779 1505 3850 auctoritate,
1542 3813 1633 3824 --
1674 3781 1815 3838 vino
1870 3803 1943 3846 ex
1986 3787 2153 3849 omni
2196 3785 2501 3844 vindemia
2556 3788 2693 3846 Ιονί

445 3859 696 3939 publice
735 3873 869 3920 voto
907 3873 1360 3943 consec-ratoque
1373 3908 1389 3938 ,
1430 3866 1625 3924 Latmi
1664 3867 1809 3924 urbe
1848 3870 2191 3949 eruperunt,
2246 3871 2494 3953 fusoque
2518 3892 2690 3952 prae-

455 3945 604 4006 sidio
645 3949 1062 4029 interfectoque
1105 3951 1296 4008 Lauso
1311 3993 1328 4024 ,
1345 4023 1357 4035 .
1372 3951 1729 4009 Mezentium
1767 3952 1971 4032 filgam
1998 3955 2187 4014 facere
2216 3969 2551 4036 coegerunt.
2635 3959 2691 4017 Is

455 4044 676 4112 postea.
699 4053 805 4112 per
840 4035 1059 4113 legatos
1098 4037 1411 4094 amicitiam
1461 4037 1910 4118 societatemque
1963 4042 2308 4099 Latinorum
2343 4043 2692 4122 impetravit.

454 4120 546 4177 Ita
571 4119 768 4178 Victor
795 4121 866 4178 0.
893 4122 966 4179 G.
995 4121 1066 4180 R.
1100 4119 1180 4186 15
1222 4132 1282 4180 et
1319 4121 1529 4182 similia
1570 4119 1726 4200 apud
1766 4125 2007 4204 Dionys.
2035 4128 2082 4200 1,
2128 4127 2231 4192 65.
2314 4130 2511 4188 Etiam
2546 4130 2691 4199 Plu-

456 4201 640 4263 tarch.
670 4206 782 4278 Qu.
812 4207 981 4264 Rom.
1011 4227 1071 4285 p.
1101 4207 1226 4271 275
1253 4211 1330 4271 D.
1361 4206 1452 4265 ed.
1481 4205 1579 4265 Fr.
1618 4211 1705 4266 rei
1742 4217 2045 4290 tamquam
2068 4212 2247 4290 vulgo
2272 4221 2536 4272 narratae
2562 4235 2693 4274 me·-

457 4292 658 4366 minit,
701 4289 806 4349 sed
837 4293 920 4350 sic
945 4304 1015 4350 ut
1039 4289 1116 4349 ad
1141 4293 1406 4351 Aeneam
1430 4293 1760 4369 unxisset-at,
1850 4315 1959 4352 uae
1985 4297 2085 4356 alii
2114 4293 2189 4356 de
2213 4299 2463 4356 Ascanio
2491 4319 2694 4359 narra—

459 4382 615 4434 runt.
695 4375 956 4434 Rustica
981 4409 988 4416 ·
1010 4376 1250 4434 νίηαίὴι
1297 4396 1334 4434 a
1388 4378 1665 4436 Romanis
1716 4381 1782 4438 in
1872 4383 2001 4440 uius
2038 4385 2125 4440 rei
2162 4387 2509 4442 memoriam
2552 4387 2695 4463 (ΧΠ

457 4461 590 4521 Kal.
610 4461 778 4542 Maii)
803 4463 976 4524 fuisse
1003 4462 1263 4522 instituta
1287 4463 1488 4522 Festus
1512 4465 1765 4542 notavit,
1822 4468 1997 4526 Anna
2022 4468 2195 4528 Fabri
2236 4467 2310 4527 ad
2338 4489 2392 4528 e.
2420 4469 2467 4530 1.
2492 4472 2697 4533 obser-
