3009 5050
969 1448 1807 1542 EXCURSUS
1913 1452 1953 1537 l

340 1670 722 1731 Euander
762 1670 1025 1733 Arcas
1065 1674 1399 1755 eiusque
1437 1674 1663 1734 sedes
1716 1678 1796 1733 in
1851 1686 2102 1733 monte
2160 1676 2577 1739 Palatino.

336 1842 522 1947 Lu..
566 1888 730 1963 vm,
791 1888 872 1955 61
919 1906 1048 1969 sqq.
1103 1885 1385 1946 „An-ades
1425 1887 1525 1946 his
1571 1887 1729 1960 oris,
1780 1908 1979 1969 gam
2020 1910 2063 1947 a
2104 1889 2399 1949 Pallante
2431 1912 2586 1971 pro-

322 1970 568 2047 fectum
582 2016 609 2045 ,
663 1974 786 2053 Qui
811 1994 1012 2053 regem
1039 1974 1408 2031 Euandrum
1446 1975 1685 2033 comites·
1716 1984 1827 2034 etc.
1910 1972 2186 2036 Euander
2222 1978 2375 2037 iuter
2413 1980 2587 2039 fabu-

337 2056 490 2118 losos
518 2056 726 2118 heroes
753 2071 871 2133 est,
903 2059 978 2117 de
1008 2061 1214 2140 quibus
1241 2070 1440 2117 tamen
1469 2062 1678 2119 certior
1704 2070 1765 2118 et
1790 2060 2063 2142 liquidior
2090 2063 2401 2143 aliquando
2428 2064 2587 2123 fama

337 2142 481 2202 fuit:
525 2164 638 2204 nec
667 2144 930 2205 dubitare
955 2146 1094 2205 licet
1121 2164 1258 2203 eum
1285 2156 1583 2207 auctorem
1618 2147 1793 2204 fuisse
1836 2149 2097 2206 coloniae
2134 2149 2465 2229 Pelasgicae
2511 2170 2589 2210 ax

337 2228 590 2289 Arcadia
615 2233 678 2289 in
704 2232 933 2296 Italiam
958 2252 1062 2290 seu
1091 2252 1228 2291 casu
1266 2250 1369 2289 seu
1409 2232 1649 2291 consilio
1694 2232 2003 2311 profectae.
2088 2236 2169 2292 Ut
2210 2238 2370 2293 enim
2410 2256 2589 2317 supe-

339 2315 584 2375 rioribus
612 2320 852 2376 saeculis
879 2320 942 2375 in
969 2319 1301 2377 Americam
1321 2363 1340 2392 ,
1379 2319 1460 2376 sic
1492 2319 1767 2376 Graeciae
1794 2321 1967 2397 prisci
1992 2321 2217 2379 incolae
2258 2324 2589 2399 migrabant

229 2414 242 2427 ·
334 2400 404 2457 in
427 2402 697 2476 Italiam·‚
741 2412 1025 2461 terrarum
1051 2415 1326 2463 notarum
1351 2412 1480 2461 tum
1510 2414 1853 2463 extremam.
1940 2406 1995 2462 A
2022 2417 2229 2483 gente,
2274 2426 2425 2489 quae
2468 2405 2590 2467 hu·

339 2486 632 2546 munitatis
661 2490 889 2548 cultum
914 2490 1172 2570 aliquem
1197 2486 1436 2552 haberet
1451 2535 1468 2564 ,
1512 2487 1589 2546 ad
1628 2486 1839 2576 rudem
1880 2496 1939 2550 et
1980 2493 2263 2550 incultam
2303 2512 2441 2552 eum
2480 2514 2589 2554 ve-

339 2569 528 2644 nisse,
587 2591 662 2630 ex
713 2593 784 2632 eo
835 2572 1177 2653 intelligitur
1191 2617 1210 2649 ,
1269 2573 1429 2655 quod
1469 2575 1685 2634 litteras
1733 2595 1939 2634 secum
1972 2579 2225 2636 atullisse
2264 2579 2591 2656 ferebatur3
2646 2592 2659 2616 ·

341 2654 419 2715 cf.
446 2658 578 2716 Liv.
605 2659 653 2732 1,
683 2663 750 2722 7.
831 2660 1116 2717 Musicani
1134 2703 1151 2734 ,
1195 2670 1344 2716 artes
1374 2669 1432 2718 et
1458 2661 1611 2718 vitae
1636 2657 1993 2720 humanioris
2020 2664 2277 2722 instituta
2321 2665 2433 2722 alia
2480 2663 2591 2724 ad-

343 2739 432 2800 dit
456 2743 700 2824 Dionys.
728 2745 776 2817 1,
809 2747 914 2808 38.
992 2743 1169 2803 'Forte
1195 2754 1395 2802 tamen
1422 2741 1569 2802 haec
1598 2748 1793 2802 omnia
1832 2748 1985 2804 intra
2024 2749 2149 2805 sola
2188 2752 2445 2808 carmina
2486 2769 2591 2808 seu

341 2831 614 2888 vaticinia
638 2830 973 2905 substitere3
1008 2849 1150 2889 nam
1175 2828 1531 2888 vaticinandi
1558 2841 1743 2887 artem
1768 2830 1929 2888 idem
1954 2833 2209 2890 intul‘nse
2234 2845 2591 2894 memoratus

341 2925 462 2975 ent:
509 2918 616 2974 etsi
640 2935 752 2974 nec
779 2917 1044 2995 ignotam
1071 2917 1302 2991 Italiae,
1345 2935 1455 2974 nec
1482 2915 1739 2974 barbaris
1778 2934 1850 2974 ac·
1890 2914 2127 2974 rudibus
2168 2919 2396 2997 populis
2441 2917 2591 2978 adeo

339 3000 722 3060 insolentem:
781 3002 886 3061 sed
925 3013 1139 3062 tractus
1179 3001 1312 3078 ille,
1357 3000 1434 3060 ad
1475 3021 1655 3083 quem
1710 3004 1977 3076 accessit,
2022 3003 2186 3086 circa·
2212 3004 2477 3062 Tiberim
2494 3047 2513 3078 ,
2554 3023 2592 3064 a

339 3085 475 3146 feris
519 3085 859 3148 hominibus
907 3107 1015 3168 per
1065 3090 1235 3148 silvas
1281 3090 1603 3148 errantibus
1640 3099 1769 3147 tum
1816 3086 2103 3147 habitatus
2144 3109 2266 3148 esse
2306 3099 2591 3150 nat-ratur.

341 3172 622 3234 vaticinia
649 3195 754 3233 seu
783 3177 1040 3233 carmina
1069 3174 1145 3235 ad
1172 3184 1426 3232 mtrem
1436 3217 1463 3246 ‚
1505 3177 1658 3233 inter
1698 3184 1856 3234 vates
1896 3171 2158 3232 habitam
2176 3219 2193 3249 ,
2250 3175 2451 3234 referri
2492 3195 2593 3241 so-

342 3257 500 3332 lent3
545 3271 668 3319 erat
709 3281 778 3319 ea
819 3262 1042 3319 incerto
1081 3262 1354 3335 nomine,
1396 3279 1567 3336 nam,
1613 3274 1763 3342 quae
1805 3261 1983 3338 vulgo
2029 3260 2295 3320 feruutur
2329 3264 2591 3338 nomina,

343 3345 418 3402 ab
447 3355 568 3404 arte
594 3349 774 3426 petita
801 3357 970 3406 sunt:
1013 3357 1078 3406 ut
1115 3348 1452 3406 Carmentis·
1465 3390 1491 3419 ,
1533 3342 1679 3426 p‘uto
1706 3365 1743 3404 a
1784 3347 2071 3406 Carmena
2086 3387 2113 3417 ,
2146 3357 2205 3405 et
2240 3348 2596 3411 Carmentae

343 3440 404 3489 et
445 3429 746 3490 nemidis
761 3475 788 3504 ,
827 3433 978 3492 forte
1005 3442 1064 3491 et
1092 3433 1478 3492 Naenostratae
1490 3455 1519 3506 ‚·
1562 3433 1649 3490 uti
1688 3433 1925 3491 comites
1954 3434 2009 3490 ei
2050 3431 2279 3492 additae
2308 3435 2596 3493 Porrima

344 3525 404 3574 et
431 3517 756 3576 Postuerta
771 3559 799 3590 ,
841 3521 980 3600 quia
1007 3520 1234 3579 vatibus
1264 3529 1322 3578 et
1347 3521 1655 3597 praeterita
1698 3529 1757 3577 et
1796 3519 1991 3578 fi1tura
2030 3529 2167 3578 sunt
2203 3529 2347 3578 nota
2360 3538 2379 3577 ε
2424 3521 2593 3580 Serv.

341 3599 422 3662 ad
445 3604 598 3678 vm,
627 3607 774 3670 836.
857 3602 1198 3685 Nympham
1227 3624 1464 3687 quoque
1493 3623 1627 3662 eam
1656 3602 1957 3664 ediderant
1982 3606 2281 3680 nonnulli,
2336 3604 2495 3664 unde
2536 3617 2595 3665 et

340 3697 509 3770 pater
531 3687 812 3748 Euandro
843 3691 1192 3748 Mercurius
1217 3689 1384 3750 datus
1411 3690 1525 3748 fuit
1550 3709 1587 3748 a
1610 3691 1815 3782 poetis,
1854 3709 2033 3771 quem
2060 3692 2363 3770 scriptores
2390 3689 2594 3750 Eche-

343 3795 516 3832 mum
545 3773 840 3834 Arcadem
865 3779 1301 3856 consignarunt.
1385 3777 1571 3834 Poeta
1612 3785 1808 3835 noster
1842 3773 1983 3834 hinc
2020 3777 2323 3854 ingeniose
2365 3796 2595 3856 cogna—

345 3861 566 3918 tionem
595 3861 791 3920 elicuit
833 3862 1010 3920 aliam
1037 3883 1178 3920 cum
1216 3861 1461 3920 Atridis
1499 3881 1560 3922 v.
1609 3865 1750 3934 180,
1798 3861 1974 3920 aliam
2016 3881 2153 3922 cum
2191 3861 2409 3920 Aenea
2452 3859 2595 3926 134.

343 3945 500 4004 cum
525 3945 742 4004 Atridis
769 3945 1012 4028 quidem
1036 3945 1150 4007 hoc
1193 3946 1404 4006 modo:
1449 3948 1547 4005 Ex
1586 3946 1829 4026 Sterope
1844 3991 1861 4022 ‚
1907 3947 2155 4006 Atlantis
2204 3948 2351 4022 filia3
2395 3947 2595 4006 Oeno-

293 4063 301 4072 ·
343 4051 545 4108 maus,
585 4028 768 4090 Elidis
796 4051 934 4109 rex,
977 4044 1306 4113 susceperat
1333 4031 1815 4112 Hippodamiam,
1860 4032 2067 4111 Pelopi
2092 4045 2369 4112 nuptam,
2413 4050 2448 4090 a
2476 4049 2597 4111 quo

343 4115 584 4177 Atridae
611 4115 862 4176 oriundi.
948 4119 1220 4199 Steropes
1249 4137 1410 4178 soror
1439 4129 1561 4176 erat
1598 4119 1753 4176 Maia
1769 4162 1785 4191 ,
1830 4119 2104 4177 Mercurii
2150 4129 2369 4192 mater,
2417 4134 2599 4196 quem

343 4201 606 4261 Euandri
631 4213 860 4282 patrem
901 4203 1268 4265 celebrabant
1307 4203 1585 4264 Arcades.
1668 4205 1803 4262 Fuit
1844 4205 2023 4263 etiam
2062 4202 2364 4282 Tyndarei
2412 4215 2598 4277 genus
2706 4271 2713 4276 ,

347 4305 382 4344 a
419 4287 687 4369 Taygete
704 4332 723 4361 ‚
763 4291 932 4350 tertia
969 4288 1334 4348 Atlantidum
1347 4334 1364 4364 ,
1411 4287 1675 4348 ductum.
1718 4289 1873 4348 conf.
1915 4285 2192 4368 Apollod.
2244 4289 2349 4360 111,
2394 4280 2494 4354 14,
2538 4287 2599 4356 3,

347 4369 407 4434 4·
437 4372 499 4438 5.
581 4374 784 4431 Altera
813 4393 888 4432 ex
927 4385 1091 4455 parte
1134 4371 1432 4433 Echemus
1471 4373 1859 4433 Timandram
1904 4371 2151 4432 duxerat
2164 4415 2179 4446 ,
2224 4372 2599 4450 Clytaemne-

347 4466 496 4517 strae
523 4467 584 4517 et
611 4459 875 4518 Helenae
909 4479 1166 4520 sororem
1181 4505 1198 4536 ,
1239 4459 1451 4544 quibus
1493 4459 1732 4520 Atridae
1776 4459 1957 4517 iuncti
1998 4466 2163 4514 erant
2205 4449 2600 4512 matrimonio.
