3009 5050
813 438 1000 511 AD
1105 436 1759 515 LIBRUM
1863 441 2083 520 VIII
2407 459 2554 561 293

309 628 386 692 de
415 627 630 699 Adam}
655 629 780 686 viso
821 646 896 687 ex
943 628 1088 690 cone
1115 616 1372 690 paradisi
1414 630 1519 689 nb.
1560 632 1665 705 xl,
1704 634 1831 701 639
1876 636 2201 695 nomem
2236 640 2297 697 in
2337 642 2556 721 multa,

309 735 492 795 quam
530 725 798 773 nostrum
841 724 1076 794 poetam
1092 759 1107 787 ,
1153 717 1477 793 exprimere
1519 716 1741 775 maluit.
1825 720 1897 775 In
1934 720 2192 799 Virffilcb
2221 712 2423 785 contra
2448 748 2553 787 ea-

305 811 533 881 ptatam
575 804 964 873 occasionem,
1019 802 1354 859 imitationis
1392 800 1653 861 studium
1668 847 1685 876 ,
1742 807 1991 881 argutias
2034 810 2323 869 varietatis
2363 832 2551 891 agno-

307 906 435 946 scas
461 886 650 945 facile.
737 889 893 943 Dum
922 896 1123 944 autem
1148 888 1284 945 artis
1330 896 1387 944 et
1427 888 1650 965 ingenii
1678 893 2142 967 expectationem
2170 892 2261 953 his
2294 898 2430 975 ipsis
2457 900 2551 957 fa-

309 976 420 1046 cit,
467 974 686 1030 excutit
711 970 808 1029 ille
837 973 1042 1031 animis
1067 974 1274 1033 nostris
1303 974 1576 1053 antiquae
1602 970 1850 1035 heroum
1876 978 2029 1034 vitae
2042 1021 2059 1052 ,
2102 980 2167 1037 in
2196 999 2315 1061 qua
2339 986 2554 1045 versari

313 1056 561 1119 debebat
590 1060 872 1131 narratiO,
915 1076 1146 1117 morem
1173 1059 1575 1139 speciemque,
1621 1078 1771 1139 quae
1798 1070 1921 1119 tam
1944 1063 2268 1124 iucundum
2298 1086 2550 1129 errorem

307 1147 374 1203 in
416 1134 673 1202 Homero
717 1142 944 1218 obiicit,
987 1154 1052 1200 ut
1081 1162 1150 1204 ea
1167 1188 1184 1217 ,
1230 1160 1381 1224 quae
1422 1144 1683 1204 fabulose
1722 1144 1927 1204 tradita
1942 1191 1959 1221 ,
2000 1159 2225 1227 praeter
2262 1153 2346 1209 rei
2371 1165 2550 1216 natu.

307 1250 434 1289 ram
462 1232 525 1287 in
552 1232 678 1309 ipso
709 1230 894 1308 clipeo
923 1239 1180 1303 narrata,
1223 1240 1567 1303 occurrunt,
1610 1228 1769 1289 credi
1795 1242 1993 1289 tamen
2021 1235 2093 1294 ab
2122 1236 2190 1293 iis
2218 1233 2549 1299 hominibus

309 1328 369 1375 et
397 1326 552 1375 recte
593 1313 754 1373 credi
795 1316 1050 1395 potuisse
1089 1314 1446 1373 arbitremur.
1533 1314 1840 1393 Virgilium
1881 1328 2077 1389 eutem
2103 1333 2340 1399 apparet
2364 1326 2552 1401 multa

305 1422 428 1464 non
468 1398 809 1474 credidisse,
869 1420 1019 1481 quae
1064 1401 1206 1457 alios
1251 1397 1492 1471 credere,
1535 1402 1751 1459 voluit:
1823 1414 1881 1461 et
1926 1401 2037 1463 hoc
2078 1408 2385 1489 voluptatis
2425 1412 2552 1472 vim

308 1506 548 1548 omnem
576 1486 894 1545 imminuit.
962 1487 1204 1545 Utinam
1228 1486 1433 1543 saltem
1459 1489 1789 1564 graviorem
1818 1500 1876 1547 et
1900 1490 2345 1568 probabiliorem
2370 1511 2551 1553 caue-

307 1594 444 1632 sam
482 1576 782 1652 reperisset
799 1617 815 1647 ,
860 1590 964 1629 cur
1007 1572 1244 1629 Aeneae
1287 1572 1502 1650 clipeus
1563 1568 1760 1631 divina
1808 1585 1929 1634 arte
1984 1576 2168 1637 factm
2224 1577 2551 1642 afferendus

307 1656 472 1719 erat!
514 1657 754 1717 Achillis
801 1658 1016 1736 clipeus
1053 1658 1322 1720 Patroclo
1361 1656 1607 1737 spoliato
1653 1658 1717 1717 in
1758 1661 2021 1719 Hectoris
2059 1672 2405 1741 potestatem
2442 1687 2551 1725 ve·-

305 1756 504 1819 nerat3
548 1742 760 1803 eodem
797 1744 893 1801 ille
919 1763 1066 1801 mox
1105 1753 1308 1801 tectus·
1329 1744 1392 1803 in
1421 1761 1624 1822 pugna
1660 1748 1919 1806 muneris
1946 1751 2355 1825 praestantiam
2382 1766 2551 1809 com-

306 1831 577 1891 mendat:
622 1828 786 1889 Iliad.
829 1853 889 1903 v,
934 1828 1060 1893 264
1089 1849 1177 1909 sq.
1262 1830 1336 1885 In
1375 1830 1612 1887 Aeneae
1629 1840 1881 1900 ⁴strenue
1924 1832 2087 1891 factis
2130 1835 2301 1913 clipei
2324 1840 2555 1914 praeci-

305 1939 458 1999 puus
486 1936 622 1975 usus
649 1934 776 1973 non
803 1918 1052 1975 occurrit
1079 1916 1191 1973 nisi
1213 1912 1365 1973 sorte
1391 1918 1456 1973 in
1483 1934 1683 1995 pugna
1712 1936 1851 1975 cum
1878 1914 2088 1977 Turno
2113 1920 2213 1977 lib.
2242 1923 2373 1994 XII,
2402 1924 2551 1988 739.
2614 1922 2622 1930 “

305 2002 644 2067 Desiderare
672 2003 808 2059 licet
829 2003 958 2081 pari
982 1999 1164 2059 modo
1189 2001 1519 2079 graviorem
1546 2020 1807 2062 caussam
1834 2003 2005 2084 clipei
2048 2004 2121 2063 ab
2148 2004 2401 2065 Hesiodo
2428 2016 2551 2067 tam

307 2093 538 2170 copiose
567 2086 856 2167 descripti.
1683 2106 1689 2111 ·
2415 2123 2421 2132 ·

473 2243 719 2301 Inferior
759 2243 1017 2301 Homero
1056 2242 1120 2298 in
1159 2238 1272 2300 hoc
1299 2242 1464 2299 Maro
1506 2251 1623 2317 est,
1668 2239 1829 2322 quod
1845 2286 1863 2317 ,
1908 2242 2121 2302 utiam
2148 2264 2183 2301 a
2211 2245 2415 2307 Servio
2440 2246 2553 2305 ob-

307 2340 599 2389 servatum
613 2372 629 2403 ,
689 2326 819 2385 illie
867 2326 1118 2407 sin-gula
1129 2362 1156 2397 ,
1209 2326 1356 2385 dum
1380 2326 1561 2401 fiant
1573 2370 1600 2399 ,
1658 2337 1990 2385 narrantur
2010 2351 2029 2385 :
2091 2327 2194 2386 Ῐιὶο
2232 2350 2369 2388 vero
2404 2350 2553 2409 per-

289 2414 462 2492 ficto
492 2433 665 2491 opere
707 2424 1053 2471 noscantur.
1146 2412 1320 2470 Nam
1368 2423 1422 2469 et
1463 2411 1565 2469 hic
1608 2434 1785 2471 arma
1823 2414 2003 2490 prius
2044 2417 2276 2493 accepit
2308 2416 2553 2475 Aeneas

307 2518 498 2578 quam
541 2506 868 2576 spectarec;
912 2496 1002 2555 ibi
1017 2540 1040 2566 ,
1072 2498 1408 2576 postquam
1443 2500 1649 2556 omnia
1674 2509 1928 2556 murata
1961 2510 2106 2556 sunt
2114 2543 2141 2572 ,
2184 2500 2271 2561 sic
2306 2520 2351 2559 a
2398 2500 2553 2560 The-

311 2583 434 2642 tide
471 2583 826 2664 deseruntur
849 2584 938 2640 ad
959 2581 1291 2640 Achillem.
1386 2581 1548 2652 Quae
1592 2581 1679 2642 his
1713 2585 1940 2644 subiicit
1984 2586 2094 2644 alia
2123 2587 2391 2662 Servius,
2428 2607 2554 2646 non

308 2668 612 2750 probanda
642 2687 881 2725 censeo:
929 2684 1140 2726 'verum
1157 2713 1174 2742 ,
1219 2687 1355 2726 cum
1385 2669 1458 2725 ab
1486 2671 1745 2728 Homero
1790 2671 2033 2752 alteram
2063 2673 2347 2731 rationem
2375 2693 2553 2732 occu-

305 2767 509 2836 patam
550 2754 802 2827 videret,
849 2751 990 2834 quid
1019 2753 1233 2811 faceret
1274 2755 1471 2827 Maro,
1515 2757 1658 2826 nisi,
1700 2767 1803 2829 ut,
1853 2758 1901 2814 si
1948 2756 2089 2837 quid
2128 2775 2343 2816 novare
2386 2760 2553 2818 vole-

307 2843 408 2901 bat
426 2887 441 2916 ,
487 2839 646 2923 quod
675 2839 876 2920 utique
908 2836 1186 2915 debebat,
1231 2839 1306 2896 ad
1337 2839 1577 2896 alteram
1604 2841 1699 2897 vel
1726 2843 1938 2899 invitus
1970 2839 2369 2917 descenderet,
2412 2846 2553 2902 nar-

309 2939 579 3008 raretque
621 2923 770 2984 adeo
816 2945 882 2982 ac
925 2927 1118 3006 potius
1160 2923 1534 2998 describeret,
1589 2945 1741 3006 quae
1794 2928 1917 2984 iam
1971 2929 2125 2986 facta
2164 2938 2347 2986 erant.
2433 2927 2553 2987 Sed

305 3012 452 3072 haec
473 3017 594 3072 iam
622 3013 908 3072 veteribus
939 3012 1236 3068 observata
1255 3056 1270 3084 ,
1313 3019 1383 3067 ut
1420 3013 1484 3066 in
1515 3011 1719 3069 Servio
1758 3011 2009 3072 vidimus
2026 3059 2042 3090 ,
2088 3010 2257 3072 docte
2300 3033 2367 3074 ac
2410 3015 2551 3074 suh-

308 3101 482 3160 tiliter
511 3101 777 3180 exposuit
802 3098 1132 3176 Lessingius
1157 3098 1220 3154 in
1249 3095 1589 3154 Laocoonte
1614 3117 1673 3174 p.
1706 3095 1828 3164 184
1856 3116 1983 3180 sqq.
2426 3119 2431 3124 ·

477 3237 582 3294 Est
608 3245 810 3294 tamen
853 3233 1011 3295 aliud
1037 3251 1156 3290 non
1202 3252 1388 3315 aeque
1416 3231 1783 3292 observatum
1800 3277 1815 3306 ,
1862 3232 2021 3313 quod
2046 3245 2245 3298 tamen
2268 3253 2555 3318 magnum

307 3324 460 3378 inter
487 3323 814 3379 Homerum
841 3332 900 3379 et
925 3319 1236 3397 Virgilium
1263 3331 1321 3378 et
1349 3321 1649 3400 utriusque
1678 3318 1846 3396 clipei
1876 3317 2319 3399 descriptionem
2350 3321 2551 3384 discri-

307 3427 450 3469 men
479 3410 793 3466 constituit.
873 3407 970 3466 Ab
999 3407 1256 3464 Homero
1299 3415 1641 3484 argumenta
1670 3407 1747 3462 ita
1778 3402 2057 3482 descripta
2098 3418 2263 3482 sunt,
2304 3419 2375 3466 ut
2408 3429 2555 3467 octo-

311 3491 508 3554 Iorum
552 3495 756 3550 sensui
797 3491 1024 3550 obiecta
1038 3534 1062 3560 ,
1119 3501 1178 3548 et
1219 3501 1362 3548 atate
1409 3489 1614 3548 oculos
1648 3489 1855 3567 posita
1903 3509 2024 3546 esse
2078 3491 2396 3551 videamur
2405 3518 2433 3568 ,ε
2460 3519 2471 3530 ·
2496 3507 2556 3552 at

309 3579 579 3656 Virgilius
609 3579 784 3636 aliam
824 3579 986 3636 viam
1011 3579 1298 3655 ingressus
1345 3579 1535 3634 menti
1578 3586 1635 3632 ec
1672 3576 1877 3632 animo
1893 3617 1919 3644 ,
1962 3594 2063 3650 ea,
2109 3596 2257 3656 quae
2288 3599 2558 3660 expressa

305 3664 370 3722 in
400 3665 585 3742 clipeo
612 3665 829 3722 fuerint
847 3710 866 3738 ,
905 3661 1268 3742 cogitanda,
1312 3683 1432 3719 mm
1475 3661 1739 3720 videnda
1759 3703 1783 3730 ‚
1824 3661 2117 3739 proponit.
2202 3665 2353 3720 Nam
2380 3685 2557 3726 exor-

306 3769 402 3808 sus
433 3759 588 3809 erat:
637 3749 779 3806 Illic
804 3769 899 3806 res
914 3747 1363 3827 Italasficerat
1387 3769 1447 3807 v.
1478 3751 1623 3822 626,
1652 3765 1763 3806 nec
1790 3765 1931 3804 vero
1961 3765 2056 3804 eas
2087 3743 2357 3827 deinceps
2385 3769 2553 3808 enar—

307 3845 398 3894 rat
413 3879 429 3908 ,
473 3833 578 3892 sed
603 3837 828 3912 potiora
855 3845 1085 3894 tantum
1109 3835 1394 3893 nonnulla
1436 3853 1513 3891 ex
1554 3836 1621 3891 iis
1665 3833 1895 3910 attingit
1908 3875 1925 3906 ,
1970 3833 2079 3890 alia
2122 3831 2382 3902 disertius
2422 3838 2560 3917 qui-

308 3921 446 3979 dem
494 3921 766 3998 exponit,
808 3923 888 3979 ita
940 3930 1170 3993 tamen,
1211 3929 1280 3975 ut
1311 3921 1378 3976 iu
1429 3929 1691 3976 mentem
1732 3921 1921 3997 potius
1963 3929 2227 3994 revocet,
2269 3930 2360 3993 et,
2404 3941 2556 4002 quo-—

309 4001 493 4064 modo
545 4023 814 4082 expressa
854 4009 970 4064 sint
1011 4017 1112 4062 aut
1155 4024 1276 4061 esse
1305 4006 1600 4082 potuerint
1613 4049 1628 4079 ,
1669 4001 1981 4062 iudicanda
2018 4005 2221 4062 lectori
2249 4005 2555 4088 relinquat.

307 4093 434 4150 Nec
461 4090 573 4146 nisi
600 4091 664 4145 iu
688 4091 862 4150 rebus
889 4091 1142 4168 Augusti
1181 4087 1258 4148 ad
1296 4089 1466 4167 clipei
1505 4093 1695 4169 ipsam
1722 4091 1975 4172 speciem
2003 4091 2267 4150 animum
2288 4099 2557 4149 nostrum

308 4185 543 4236 revocat
585 4184 646 4232 et
685 4173 1084 4256 anaglyphum
1111 4193 1255 4252 opus
1284 4172 1519 4254 aliquod
1549 4175 1847 4233 descrIbit:
1908 4179 2029 4238 671
2054 4175 2235 4234 Haec
2266 4177 2421 4232 inter
2454 4183 2553 4230 tu—

309 4261 464 4320 midi
497 4259 620 4315 hee
650 4261 835 4317 maris
866 4259 996 4318 ibat
1025 4262 1228 4336 imago
1261 4274 1387 4338 sqq.
2461 4272 2467 4282 ·

483 4399 778 4476 flag-nam
813 4397 876 4452 in
904 4397 1089 4476 clipeo
1118 4393 1476 4472 exsculptam
1501 4397 1798 4454 Romanus
1826 4405 1995 4476 poeta
2042 4397 2272 4470 egregie
2298 4387 2557 4460 variavit,

308 4489 357 4548 si
386 4503 526 4545 cum
553 4483 866 4543 Homerico
916 4493 975 4543 et
1017 4474 1308 4540 Hesiodea
1347 4479 1535 4558 clipeo
1580 4498 1902 4558 compares.
1989 4477 2197 4535 Graeci
2224 4481 2431 4552 poetae
2454 4470 2559 4526 illo
