3009 5050
520 486 669 559 314
1000 476 1083 549 Ρ.
1136 466 1668 549 VIRGILII
1717 468 2270 548 MAROMS

513 668 750 744 Laeta
788 651 1015 739 dedi:
1068 682 1282 734 nunc
1310 656 1732 734 sollicitam
1763 658 2008 735 timor
2041 658 2307 735 anxius
2339 658 2572 756 angit.

620 812 738 882 89.
788 818 1075 877 ΑΝΧωε
1124 818 1443 872 uacum
1552 818 1560 825 ·

512 1020 687 1077 omniu
709 1018 1005 1090 perturbes.
1072 1016 1131 1072 si
1164 1034 1241 1069 vs.
1275 1016 1361 1072 85.
1398 1030 1697 1085 expungas,
1744 1012 1963 1066 obscura
1995 1024 2178 1083 erunt,
2231 1032 2365 1087 quae
2397 1015 2637 1086 proximo
2681 1034 2760 1069 vs.

508 1092 757 1160 leguntur
773 1129 789 1156 ,
832 1092 893 1143 in
928 1106 1057 1141 aree
1094 1104 1331 1151 summm
1365 1099 1570 1139 versum
1607 1085 1692 1138 87.
1721 1091 1961 1151 tuentur,
1993 1100 2126 1155 quae
2163 1084 2408 1155 leguntur
2439 1104 2544 1139 νει.
2564 1086 2650 1139 91.
2677 1104 2757 1157 sq.

510 1173 809 1233 quassatae
832 1188 903 1200 -
933 1160 1229 1211 ω’νισαιεαν
1260 1186 1327 1197 -
1357 1168 1540 1217 οπως
1577 1168 1735 1225 quare
1759 1170 1827 1205 ne
1867 1156 1991 1207 Has
2029 1155 2238 1227 quidem
2285 1174 2360 1209 vs.
2387 1158 2472 1211 88.
2513 1157 2568 1207 in
2595 1158 2760 1207 Hane

507 1238 709 1298 mutare
744 1229 899 1292 licet;
946 1226 1172 1297 denique
1211 1226 1350 1279 idem
1390 1244 1466 1277 vs.
1502 1224 1587 1281 87.
1637 1232 1777 1275 stare
1809 1239 1916 1275 non
1967 1235 2147 1295 potest
2174 1222 2352 1278 deleto
2387 1244 2458 1276 vs.
2491 1226 2576 1279 86.
2648 1226 2756 1276 Iam

510 1316 634 1353 eave
672 1310 824 1367 putes
846 1296 1063 1349 verbum
1080 1292 1205 1367 fuis
1233 1304 1473 1366 spectare
1511 1293 1668 1345 etiam
1703 1292 1774 1344 ad
1800 1292 2072 1362 superiora
2097 1294 2191 1347 illa
2221 1298 2398 1349 Pinea
2431 1295 2578 1347 silva
2605 1294 2756 1359 mibi,

508 1370 601 1421 ubi
626 1367 963 1436 subintellige
997 1378 1108 1430 esc,
1152 1366 1231 1417 nti
1259 1383 1415 1435 supra
1460 1365 1599 1425 vlu,
1628 1361 1776 1415 659.:
1821 1369 2027 1429 „Aurea
2055 1365 2310 1417 caesaries
2347 1364 2557 1426 ollis,
2591 1374 2756 1432 atque

508 1451 669 1490 aurun
696 1436 909 1489 vestis.“
980 1436 1327 1500 Quamobrem
1357 1450 1558 1487 comma
1575 1431 1632 1483 in
1661 1430 1764 1483 fine
1791 1450 1870 1485 vs.
1893 1434 1978 1487 85.
2013 1434 2208 1486 mutavi
2231 1434 2285 1487 in
2309 1434 2612 1486 semicolon.
2645 1436 2754 1485 lam

504 1507 643 1559 nihil
668 1517 785 1573 est,
836 1505 978 1577 quod
1014 1504 1373 1572 reprehendas
1404 1505 1463 1555 in
1498 1502 1598 1553 tali
1633 1501 1900 1556 oratione:
1938 1504 2100 1555 Pinea
2125 1504 2256 1557 mihi
2293 1514 2378 1555 est
2409 1504 2572 1565 silva3
2609 1502 2664 1553 in
2687 1520 2752 1555 ea

505 1576 655 1629 lucus
700 1576 801 1628 ruit
840 1575 1007 1647 piceis
1042 1584 1099 1625 et
1139 1573 1375 1626 acer-ibus
1406 1573 1666 1635 consitus,
1711 1589 1838 1641 quas
1873 1588 1975 1641 ego
2011 1572 2228 1625 arbores
2268 1579 2474 1626 Aeneae
2495 1570 2749 1625 concessi.

504 1648 564 1701 in
601 1664 764 1713 arce,
796 1644 833 1699 i.
864 1664 910 1698 e.
933 1643 991 1696 in
1020 1642 1240 1706 montis,
1290 1642 1431 1695 cuius
1474 1640 1729 1710 reliquum
1761 1650 1966 1709 partem
2003 1642 2284 1695 obtinebat
2315 1642 2406 1695 illa
2435 1642 2594 1707 silva,
2627 1660 2746 1695 ver-

502 1715 641 1780 tice,
674 1726 733 1766 ut
764 1714 884 1782 ipse
919 1714 1001 1766 He
1038 1714 1153 1765 nius
1182 1712 1239 1765 in
1272 1714 1417 1767 Nota
1452 1712 1707 1781 explicut3
1757 1721 1814 1763 et
1855 1710 1998 1763 fuit
2030 1713 2204 1777 lucus,
2256 1712 2380 1782 quia
2416 1712 2550 1776 inm,
2585 1714 2746 1763 eaesis

502 1784 808 1848 arboribus,
844 1802 960 1837 esse
1025 1782 1173 1845 esiit3
1208 1782 1540 1835 ferebant
1570 1790 1774 1846 autem,
1807 1797 1914 1832 non
1945 1782 2216 1848 ferunt,
2247 1782 2334 1851 qui
2376 1800 2444 1851 pe
2471 1780 2633 1834 Troia
2658 1780 2747 1833 di-

501 1862 651 1918 ruta,
689 1853 779 1922 qui
810 1870 959 1907 sacra
1000 1852 1125 1905 illuc
1164 1854 1359 1915 ferret,
1405 1867 1559 1903 nemo
1592 1860 1721 1902 erat.
1793 1850 2012 1905 Vossius
2041 1851 2098 1902 in
2125 1869 2344 1905 vex-nucu
2367 1870 2396 1903 a
2417 1852 2744 1919 interpreta—

500 1923 683 1987 tione,
732 1938 886 1990 quem
943 1932 1229 1992 sequuntur
1276 1920 1572 1976 Weichert.
1607 1924 1691 1972 De
1725 1937 1898 1971 vens.
1929 1922 2097 1973 iniur.
2131 1940 2281 1993 susp.
2329 1940 2385 1989 p.
2416 1923 2504 1976 97.
2539 1932 2595 1973 et
2620 1920 2745 1973 lah-

500 1992 647 2057 nius,
682 1990 759 2043 ita
785 1990 915 2045 haec
941 1992 1177 2044 ordinat:
1222 1992 1355 2043 Fuit
1388 1993 1555 2060 pinea
1600 1990 1743 2041 silva
1761 2028 1776 2053 ,
1821 1990 1954 2041 mihi
1997 2008 2067 2042 m.
2092 1991 2146 2043 d.
2163 2010 2224 2061 p.
2252 2008 2459 2055 annos,
2491 1992 2653 2043 lucus
2683 1992 2742 2041 in

501 2079 629 2115 arce
655 2079 891 2124 ιιιηιηιας
925 2062 1019 2113 sed
1042 2060 1120 2114 ita
1188 2062 1375 2113 timum
1394 2058 1641 2129 displicet
1665 2058 1799 2109 mihi
1813 2096 1830 2123 ‚
1863 2075 1972 2110 non
1995 2060 2123 2111 satis
2145 2071 2321 2130 aptum
2351 2060 2472 2112 loco
2501 2059 2743 2129 principi,

498 2142 611 2183 tum
638 2142 815 2183 manet
850 2130 945 2184 illa
976 2130 1152 2183 difficu
1177 2141 1284 2196 tas,
1336 2128 1478 2197 quod
1518 2128 1719 2197 pinea
1753 2126 1882 2179 silva
1914 2130 2145 2197 piceis
2183 2138 2238 2181 et
2271 2130 2602 2182 aceribus
2639 2130 2742 2181 ob-

498 2218 651 2253 seura
674 2199 897 2262 dicitur3
930 2218 1049 2253 nam
1124 2216 1391 2270 numquam
1420 2198 1475 2249 in
1496 2198 1654 2267 pinea
1677 2196 1808 2251 silva
1835 2196 1991 2249 etiam
2014 2200 2164 2267 picea
2191 2206 2248 2250 et
2265 2218 2386 2252 acer
2415 2216 2531 2250 esse
2546 2207 2741 2267 potest,

497 2280 673 2321 tamen
709 2270 1023 2323 adiectivum
1069 2290 1098 2321 o
1132 2287 1329 2321 scm-us
1366 2278 1566 2319 tantam
1603 2266 1798 2319 indicat
1841 2284 2015 2319 earum
2051 2270 2296 2321 arborum
2340 2270 2740 2329 multitudinem,

496 2349 586 2461 gr,
619 2340 882 2461 quomotdo
916 2337 1429 2460 sua-:ilovtagnp‘i'n
1442 2338 2232 2459 ἕέἒωηὲἱὶὲιίοιῖἆιῖοὲωείἓ
2267 2338 2738 2460 nondiritelltigattur.

492 2425 1125 2601 Ρηιὲἕηξωέἓὲἲῶἒ
1134 2427 1319 2598 {ersug
1358 2425 1752 2598 oiijznsusthuud
1783 2424 1948 2599 diligi-es
1959 2442 1976 2541 ἰ
1999 2424 2431 2601 ἑξὲεἳιξιαζέῑέξ
2454 2426 2739 2616 ξῖιίειέἰὲῑέ

491 2566 641 2602 veri
690 2567 815 2601 sus
872 2567 907 2600 n
954 2565 1035 2610 ης
1104 2565 1133 2598 e
1190 2565 1288 2614 poe
1362 2565 1431 2598 mr
1472 2567 1491 2599 ι
1534 2563 1834 2614 mer-pungi
1966 2565 1996 2600 e
2073 2566 2124 2599 m
2167 2565 2221 2599 m
2334 2567 2362 2600 e
2401 2567 2534 2602 icoo.
2651 2569 2697 2600 r.

492 2619 562 2674 89
596 2621 799 2672 anxius
833 2619 992 2688 angit
1024 2617 1312 2669 retinuerat
1338 2615 1520 2668 Heius.
1551 2615 1789 2667 codicum
1812 2617 2039 2670 omnium
2064 2627 2118 2669 et
2151 2619 2288 2672 Pier.
2322 2629 2375 2669 et
2402 2636 2610 2670 suorum
2635 2636 2736 2670 uu-

490 2687 738 2740 ctoritate
764 2696 963 2739 motus:
998 2703 1102 2738 uno
1146 2687 1302 2740 Voss.
1342 2705 1447 2739 see.
1491 2695 1746 2753 excepto,
1795 2687 1880 2739 cni
1921 2687 2058 2740 adde
2097 2688 2260 2740 Goth.
2292 2697 2440 2751 tert„
2469 2688 2522 2743 in
2549 2688 2734 2758 quibus

492 2771 655 2829 urget
680 2757 964 2828 reperitur,
999 2755 1141 2824 quod
1169 2765 1299 2808 vett.
1318 2756 1440 2808 edd.
1469 2765 1707 2823 occupat,
1734 2773 1834 2807 nec
1853 2757 2013 2809 modo
2043 2762 2192 2810 Saec.
2210 2757 2356 2820 xvl,
2382 2757 2526 2827 quod
2555 2758 2734 2809 Heius.

488 2829 746 2896 putabat,
779 2843 957 2878 verum
986 2830 1131 2879 Saec.
1154 2827 1263 2878 XV
1286 2843 1525 2896 quoque,
1561 2836 1617 2875 ut
1641 2827 1770 2878 Ven.
1799 2823 1948 2891 1484,
1976 2825 2128 2889 1486,
2159 2824 2310 2892 1495,
2333 2827 2570 2879 Norimb.
2603 2827 2735 2882 1492

492 2907 611 2960 etc„
652 2896 809 2949 etiam
840 2896 962 2948 edd.
994 2914 1024 2947 e
1051 2913 1157 2950 rec.
1182 2895 1422 2963 Egnatii,
1457 2904 1514 2947 et
1541 2894 1776 2948 Iuntina
1797 2905 1898 2948 etc.
1963 2897 2170 2948 Laudat
2189 2897 2357 2946 Burm.
2379 2913 2480 2964 pro
2522 2897 2621 2948 hac
2645 2897 2732 2946 le-

487 2966 663 3020 ctione
685 2983 839 3018 unam
862 2964 1127 3018 Aldinam:
1164 2965 1367 3018 scilicet
1388 2982 1470 3034 pr.
1494 2975 1550 3016 et
1577 2981 1718 3027 sec.;
1750 2974 1808 3019 at
1832 2968 1986 3016 tertia
2009 2981 2042 3016 e
2063 2964 2315 3031 Naugerii
2349 2963 2734 3028 emendatione,

487 3043 547 3088 et
570 3053 703 3104 quae
734 3053 800 3088 ex
836 3053 897 3086 ea
932 3034 1159 3100 fluxere,
1206 3035 1365 3106 angit
1406 3035 1633 3096 hubent3
1682 3033 1821 3102 quod
1853 3029 2046 3086 iter-rim
2079 3033 2279 3102 expulit
2315 3030 2384 3086 Η.
2419 3034 2730 3102 Stephanus.

484 3107 726 3157 Praestat
748 3103 890 3156 haud
912 3103 1071 3156 dubie
1094 3103 1145 3156 b.
1174 3103 1215 3156 l.
1242 3116 1432 3175 urget:
1470 3113 1654 3172 estque
1676 3103 1822 3155 locus
1853 3103 2075 3171 exempli
2111 3101 2463 3154 memorabilis
2485 3099 2625 3156 inter
2650 3121 2729 3170 ea,

524 3173 673 3225 uibus
701 3173 957 3224 librorum
982 3174 1298 3243 optimorum
1322 3173 1406 3224 vel
1444 3173 1670 3224 omnium
1713 3188 1992 3224 consensus
2017 3183 2070 3223 et
2101 3172 2388 3223 auctoritas
2415 3171 2610 3223 criticis
2636 3191 2729 3226 ra·-

480 3242 749 3306 tnonibus,
793 3261 827 3294 a
858 3243 1111 3324 sermonis
1165 3243 1495 3325 proprietate
1545 3253 1599 3326 qt
1641 3241 1898 3310 elegantia
1949 3241 2168 3310 petitis,
2219 3242 2585 3311 posthabenda
2629 3251 2726 3296 est.

480 3323 1105 3435 ffimazfaaszzffi
1128 3311 2726 3452 sszssgflfflzzflx..‡30.5553..2‘2?gsffi222:1¹affligar

480 3450 676 3504 dinem.
745 3451 813 3502 Et
848 3461 995 3503 recte
1030 3454 1097 3507 ab
1130 3453 1421 3505 editoribus
1465 3451 1766 3502 defenditur
1803 3449 1937 3502 illud
1969 3454 2110 3521 apud
2148 3455 2455 3506 Ciceronem
2479 3453 2548 3504 de
2579 3456 2724 3504 Orat.

480 3521 523 3586 1,
554 3523 631 3573 1.:
684 3519 987 3586 „maximae
1036 3521 1249 3573 moles
1296 3521 1819 3574 molestiarum.“
1893 3523 2079 3594 Neque
2106 3525 2250 3576 iners
2302 3541 2417 3576 esse
2449 3523 2726 3592 epitheton

481 3591 685 3642 anxiae
715 3590 955 3642 subiecto
1001 3593 1162 3644 verbo
1203 3593 1389 3662 angio,
1438 3590 1599 3642 docet
1631 3589 1774 3642 idem
1811 3591 1995 3646 Cicero
2037 3595 2196 3648 Tusc.
2239 3593 2327 3658 1V‚
2357 3595 2466 3646 120:
2502 3591 2726 3658 „Differt

478 3659 763 3712 anxieta
780 3677 805 3710 s
841 3661 909 3711 ab
944 3677 975 3713 a
993 3677 1025 3712 n
1041 3677 1237 3730 gore3
1268 3677 1439 3730 neque
1464 3659 1600 3712 enim
1627 3677 1808 3713 omnes
1833 3663 1993 3728 anxii,
2025 3665 2117 3734 qui
2139 3674 2396 3731 anguntur
2423 3661 2726 3732 aliquando,

432 3749 441 3760 ·
477 3746 603 3794 nec,
640 3730 731 3798 qui
764 3730 934 3796 anxii,
968 3749 1175 3800 semper
1197 3731 1520 3799 anguntur-‘⁶
1589 3729 1826 3800 Denique
1851 3745 2035 3804 aperte
2063 3734 2291 3786 imitatus
2331 3742 2415 3784 est
2452 3732 2724 3800 Virgilius,

478 3797 523 3850 si
560 3815 665 3852 non
704 3801 859 3854 alium
894 3801 1241 3872 antiquiorem
1280 3812 1521 3870 poetam,
1567 3800 1898 3868 Lucretium,
1941 3805 2082 3872 apud
2121 3821 2276 3872 quem
2308 3801 2380 3854 ita
2426 3813 2594 3854 exstat
2635 3803 2722 3865 m,

480 3870 659 3922 1006.:
694 3873 900 3935 „Quem
931 3874 1169 3926 volucres
1206 3872 1439 3924 lacerant
1474 3879 1636 3942 atque
1684 3881 1830 3924 exest
1879 3871 2128 3926 anxius
2178 3874 2458 3939 angor.“
2509 3873 2612 3924 vid.
2645 3870 2722 3922 ibi

472 3938 750 4009 Forbiger.
818 3943 997 4014 Itaque
1022 3941 1267 3996 revocavi
1293 3943 1481 4013 angit,
1518 3940 1600 3993 cui
1625 3939 1842 3994 lectioni
1872 3944 1940 3994 ob
1967 3943 2200 3993 codicum
2225 3941 2591 3994 auctoritatem
2619 3960 2724 4011 pa-

476 4009 769 4064 trocinatur
788 4012 945 4064 etiam
971 4011 1185 4066 Iahnius
1210 4011 1279 4064 ad
1304 4013 1397 4076 VI,
1412 4011 1531 4066 310.
1579 4013 1648 4062 Et
1671 4011 1715 4062 si
1741 4013 2004 4080 antiquum
2025 4013 2146 4076 hoc,
2181 4022 2240 4066 ut
2259 4010 2486 4080 videtur,
2521 4015 2723 4066 anxius

474 4081 635 4152 angit
654 4117 671 4147 ,
703 4081 975 4151 praeclare
1012 4082 1071 4134 id
1096 4080 1341 4134 eonvenit
1383 4080 1632 4148 dignitati
1654 4080 1936 4151 loquentis.
1976 4083 2126 4150 Wr.)

474 4260 897 4338 appositionem
957 4255 1109 4314 dicta
1154 4265 1317 4336 puta.
1405 4255 1558 4332 (Sed
1641 4253 1870 4336 ἄκρον,
1926 4247 2090 4316 Iliad.
2131 4259 2182 4333 ξ,
2249 4264 2396 4326 292.
2481 4265 2550 4320 In
2609 4259 2718 4320 hoc

470 4343 604 4402 vide
620 4389 637 4418 ,
682 4363 835 4424 qnae
878 4342 1163 4421 disputavi
1189 4344 1251 4398 in
1279 4343 1352 4400 V.
1378 4343 1450 4400 L.
1479 4342 1558 4403 ad
1637 4345 1817 4424 igitur
1885 4362 2046 4403 sacra
2116 4343 2243 4405 fieri
2319 4349 2485 4406 solita
2551 4347 2718 4406 Matri

468 4449 553 4486 vs.
584 4433 691 4494 86.
741 4427 919 4504 W.)
1004 4429 1109 4490 86.
1155 4428 1223 4484 in
1264 4448 1403 4486 arce
1419 4470 1444 4499 ‚
1490 4427 1552 4486 in
1635 4429 1866 4488 Idaeae.
1909 4429 1986 4488 cf.
2015 4430 2092 4490 ad
2129 4453 2188 4491 v.
2219 4435 2322 4508 80,
2350 4435 2438 4492 uti
2461 4435 2588 4494 lovi
2615 4453 2719 4492 eo-

470 4513 685 4572 vertice
711 4511 883 4572 Idae:
930 4520 1077 4572 esset
1116 4507 1187 4574 τό
1232 4507 1552 4598 Γάργαρον
1637 4514 1776 4574 dem
1801 4517 1867 4574 in
1911 4519 2040 4578 loco
2081 4517 2250 4580 Iliad.
2289 4525 2358 4596 θ’,
2401 4519 2506 4585 48.
2593 4517 2716 4595 (—
