3009 5050
640 463 1257 544 AENEmos
1308 464 1516 540 ΜΒ.
1571 467 1663 562 X,
1699 464 2134 545 224-237

267 655 593 729 Aenea?
638 651 903 749 vigila,
952 665 1031 726 et
1058 649 1249 727 velis
1280 650 1590 754 inmitte
1617 651 2018 731 rudentes».

174 804 185 817 ·
265 759 434 832 Nos
480 779 789 854 sumuS,
829 755 1114 832 Idaeae
1148 778 1370 829 sacro
1405 753 1506 828 de
1553 758 1844 832 vertice
1881 756 2138 856 pinuS,

266 861 502 937 Nunc
546 858 807 960 pelagi
854 857 1272 960 Nymphae
1313 918 1336 956 ,
1410 856 1669 934 classis
1735 871 1888 938 tua.

1426 985 1580 1036 nos

2367 473 2518 548 469

2364 767 2516 837 230

2007 857 2374 936 Perfidus
2424 873 2516 937 ut

265 1063 747 1165 Praecipites
776 1061 995 1156 ferro
1019 1062 1360 1142 Rutulus
1393 1060 1877 1165 flammaque
1907 1064 2360 1165 premebat:

264 1168 665 1267 Rupimus
688 1169 982 1244 invitae
1018 1180 1153 1243 tua
1194 1165 1534 1261 vincula,
1586 1181 1829 1268 teque
1857 1192 2004 1268 per
2052 1192 2354 1269 aequor

270 1271 762 1365 Quaerimus,
814 1274 1037 1347 Hanc
1069 1272 1443 1348 Genetrix
1476 1268 1773 1366 ,faciem
1809 1270 2175 1346 miserata
2211 1268 2516 1368 refecit,

265 1375 370 1450 Et
432 1371 656 1450 dedit
717 1397 887 1454 esse
962 1372 1150 1450 deas
1179 1433 1201 1471 ‚
1288 1398 1736 1475 aevumque
1794 1374 2082 1471 agitare
2149 1374 2296 1450 sub
2363 1397 2516 1449 un-

1434 1475 1574 1556 dis.
2363 1487 2513 1558 235

266 1580 370 1652 At
457 1601 605 1654 uer
631 1580 1007 1655 Ascanius
1053 1602 1288 1654 muro
1321 1577 1714 1681 fossisque
1740 1590 2060 1655 tenetur

270 1603 467 1758 Tel}
494 1682 706 1758 inter
740 1682 1005 1759 media
1049 1694 1287 1783 atque
1317 1681 1720 1761 horrentis
1744 1687 1996 1760 Marte
2049 1683 2386 1761 Latinos,

376 1829 550 1898 230.
606 1841 859 1896 sumus
905 1810 1038 1900 Ins

404 1992 511 2046 229
562 2009 629 2044 ac
672 1995 856 2046 ventis
896 1994 981 2046 ed.
1032 2011 1115 2063 pr.
1148 1993 1319 2048 nux-m.

1438 1997 1555 2062 (-
1583 1995 1702 2050 230.
1734 1997 1865 2048 Post
1912 2012 2103 2047 eumue
2135 1993 2519 2064 inter-pungitur

269 2058 325 2112 in
358 2060 635 2126 medicem
686 2075 829 2114 recte
875 2065 1084 2133 utique!
1142 2064 1265 2118 Noe
1308 2083 1530 2130 sumus,
1575 2064 1614 2118 i.
1662 2083 1709 2116 e.
1755 2066 1893 2116 bene
1937 2063 2062 2116 illae
2097 2065 2198 2116 tibi
2252 2065 2521 2132 cognitam

264 2129 607 2184 Germanice:
665 2135 750 2186 W
752 2135 815 2184 ir
849 2133 1110 2198 sind’s,
1154 2134 1245 2186 die
1278 2135 1602 2187 Idaei-when
1631 2134 1896 2199 ,Fit-laten,
1941 2151 2046 2187 non
2085 2137 2213 2188 Wir
2261 2134 2388 2186 sind
2433 2135 2523 2185 die

266 2200 597 2252 Iddeicclaen
630 2201 893 2266 Fichtens
928 2201 1033 2254 vid.
1049 2204 1115 2265 Q.
1138 2205 1207 2256 V.
1220 2204 1462 2271 xv11,1.
1529 2203 1768 2256 Ceterum
1801 2201 2030 2271 menius
2065 2204 2132 2256 ud
2145 2205 2338 2272 Copam
2366 2219 2418 2270 p.
2435 2203 2518 2255 50.

266 2270 345 2318 sic
379 2269 683 2322 struendam
752 2272 1043 2323 orationem
1079 2273 1381 2326 contendit:
1433 2273 1556 2326 Noe
1594 2291 1782 2325 sumus
1809 2276 1980 2344 pinus
2016 2275 2085 2325 de
2127 2290 2288 2325 sacro
2319 2274 2524 2324 vertice

268 2338 503 2403 Idaeae,
550 2337 589 2390 i.
630 2357 677 2391 e.
720 2338 976 2411 Cybeles,
1036 2340 1219 2392 matris
1270 2343 1489 2406 idaeam
1555 2343 1846 2410 eodemque

268 2407 473 2468 Idaea,
510 2407 658 2458 alma
685 2427 893 2476 parens
928 2411 1117 2470 deuna
1152 2427 1251 2460 nee
1290 2427 1669 2480 repugnarem,
1703 2411 1803 2460 nisi
1837 2427 1869 2460 u

1398 2480 1497 2533 231
1535 2481 1654 2532 Nos
1701 2480 1887 2549 pelagi
1932 2481 2054 2531 Exc.
2089 2481 2260 2532 Burm.
2327 2479 2522 2529 Fervi-

271 2473 357 2527 cni
396 2475 749 2527 Idaea'recte
802 2478 1070 2545 adi-mgna.
1115 2479 1259 2546 Wr.)

271 2544 380 2593 due
417 2554 479 2592 ut
512 2560 616 2594 nos
639 2546 946 2597 emendabat
988 2548 1066 2597 10.

271 2612 377 2661 hoc
412 2610 538 2661 ferri
574 2622 786 2681 potest,
822 2627 873 2665 et
905 2614 1059 2667 illud.

272 2681 424 2731 vida-
494 2683 630 2731 Sane
669 2693 941 2749 utrumque
975 2684 1129 2735 bene.

1170 2548 1466 2680 diffiteri-ill,
1498 2617 1569 2669 24
1595 2618 1744 2668 vada
1767 2616 1984 2682 perfida
2020 2618 2252 2682 coniicit,
2284 2617 2372 2667 ubi
2390 2615 2524 2686 fir-

1246 2686 1351 2738 232
1371 2688 1720 2755 flammisque
1755 2684 1918 2740 Goth.
1951 2694 2072 2737 tert.
2137 2685 2359 2757 petebat
2391 2685 2524 2736 alter

2015 2359 2048 2392 ο
2093 2341 2231 2393 infra
2281 2358 2354 2392 vs.
2400 2341 2521 2394 252.

2053 2428 2116 2460 ue
2151 2426 2338 2460 nomen
2369 2419 2523 2473 esset,

1444 2560 1501 2598 ut
1537 2550 1635 2612 lX,
1667 2550 1756 2613 72,
1804 2560 1858 2598 et
1889 2564 2049 2615 saepe
2083 2548 2228 2599 alibi.
2297 2551 2432 2599 Sane
2468 2556 2525 2599 et

272 2748 464 2802 Hamb.
500 2766 601 2817 pro
638 2767 747 2803 var.
775 2750 915 2814 lect„
962 2752 1097 2803 alter
1132 2772 1161 2805 a
1198 2772 1271 2805 m.
1299 2772 1380 2822 pr.
1474 2754 1580 2807 233
1617 2755 1894 2823 Rupimus
1925 2753 2106 2805 Heius.
2155 2753 2364 2821 scripsit
2409 2770 2524 2803 eum

274 2816 672 2883 vetustioribus,
709 2822 863 2871 etiam
899 2820 1037 2873 Pier.
1071 2822 1227 2875 codd.
1260 2834 1433 2891 parte.
1500 2822 1607 2873 Alii
1641 2824 1976 2895 Rumpimus.
2078 2822 2181 2877 237
2216 2824 2292 2874 10.
2326 2820 2524 2875 Schra-

283 2888 399 2939 der.
436 2886 577 2940 coni.
607 2890 869 2941 ardentes
900 2893 1089 2942 Marte
1118 2894 1183 2945 L.
1252 2896 1323 2945 At
1353 2892 1461 2946 vid.
1494 2893 1627 2944 Not.

274 3027 574 3111 Διογενές.
683 3034 831 3095 229.
900 3030 1051 3090 velis
1108 3034 1359 3091 immitte

274 3116 553 3176 rudentes
570 3160 588 3191 ‚
649 3127 714 3174 ut
767 3118 897 3175 vela
950 3120 1221 3178 laxentur
1282 3117 1357 3178 ad

273 3212 517 3259 ventum
558 3202 990 3282 excipiendum.
1086 3207 1185 3265 Sic
1226 3226 1355 3285 sup.

276 3288 409 3345 vul
425 3332 443 3363 ‚
472 3290 597 3351 708
642 3290 791 3366 Ipsa
818 3288 1134 3348 videbatur
1167 3292 1359 3350 ventis

278 3376 489 3451 regina
524 3376 754 3431 vocatis
806 3375 877 3432 V
862 3374 959 3432 ela
997 3374 1143 3434 dare
1172 3388 1227 3433 et
1258 3376 1357 3434 la-

277 3478 383 3516 xos
432 3460 561 3515 iam
620 3460 863 3538 iamque
910 3462 1203 3520 inmittere
1232 3462 1357 3542 stt-

278 3565 402 3602 nes.
520 3546 621 3603 Sic
690 3547 1001 3603 itnmt'ttere
1060 3548 1331 3605 habenas
1332 3590 1357 3619 ,

262 3631 485 3708 siena,
515 3631 672 3689 alibi.
701 3632 776 3689 cf.
807 3652 935 3711 sup.
948 3634 1021 3706 V,
1056 3634 1197 3697 146.
1215 3632 1357 3697 147·

278 3718 401 3774 Nee
458 3726 656 3773 tamen
728 3719 1045 3773 immittere
1132 3739 1239 3797 per
1296 3738 1358 3776 se

283 3812 385 3857 aut
427 3811 511 3857 est
566 3812 666 3859 aut
709 3822 831 3861 esse
885 3813 1075 3882 potest
1130 3806 1360 3877 laxare3

284 3884 445 3967 quod
498 3888 639 3943 olim
696 3890 819 3967 ipse
874 3888 1185 3967 putabam,
1258 3887 1363 3947 sed

282 3981 369 4029 est
410 3974 695 4029 concitare
728 4016 745 4046 ‚
802 3976 1041 4032 incitare
1068 3993 1087 4049 τ,
1146 3986 1221 4049 et,
1263 3975 1365 4033 ubi

282 4057 413 4117 vela
458 4057 758 4131 laxantur,
800 4058 1073 4117 rudentes
1112 4078 1235 4117 non
1274 4060 1365 4116 la-

280 4152 497 4201 xantur
512 4185 531 4216 ,
573 4140 675 4199 sed
706 4143 1105 4203 intenduntur.
1136 4143 1261 4217 (--
1274 4147 1363 4202 De

282 4248 369 4287 vs.
400 4230 545 4290 230.
574 4226 693 4285 vid.
720 4229 793 4286 V.
831 4233 901 4287 Ι..
953 4230 1133 4307 IVr.)
1220 4234 1364 4294 231.

288 4312 575 4386 Perfidus
596 4354 621 4383 ,
692 4313 1181 4397 quandoquidem
1236 4316 1367 4371 foe-

287 4397 424 4457 dere
480 4401 601 4457 iam
656 4402 809 4457 inter
866 4404 1105 4459 Latinos
1156 4400 1369 4458 Troia-

283 4504 507 4567 nosque
580 4486 735 4544 facto
814 4488 1029 4546 bellum
1088 4495 1369 4547 moverat.

1442 3031 1571 3111 (—
1601 3038 1748 3099 232.
1792 3033 2163 3111 Praecipites
2176 3078 2192 3107 ,
2237 3050 2313 3091 an
2359 3032 2421 3089 in
2449 3032 2525 3090 li-

1441 3131 1565 3178 tore
1609 3130 1820 3179 stantes
1865 3118 2073 3179 adclivi
2113 3128 2172 3177 et
2199 3117 2275 3178 ad
2301 3118 2525 3197 praeci-

1439 3198 1749 3285 pitai'ldum
1789 3206 1945 3263 facili
1967 3200 2000 3263 ?
2069 3224 2146 3263 au
2205 3225 2281 3262 ex
2321 3214 2526 3260 natura

1441 3294 1684 3351 navium
1734 3289 2031 3370 epitheton
2069 3301 2344 3349 *sumtum
2377 3332 2393 3363 ‚
2453 3307 2524 3345 eo

1440 3378 1563 3434 fere
1603 3376 1782 3435 modo
1801 3421 1816 3451 ,
1862 3394 1980 3457 quo
2009 3378 2164 3433 canis
2207 3375 2526 3455 appellatur

1441 3464 1689 3541 latrans,
1759 3480 1944 3543 equus
2003 3464 2232 3541 sonipes
2247 3506 2262 3536 ,
2333 3462 2524 3518 asinus

1443 3548 1720 3606 auritulus
1751 3592 1770 3622 ,
1827 3566 2010 3625 agnus
2065 3548 2290 3623 laniger
2315 3589 2331 3620 ‚
2393 3564 2526 3604 aves

1442 3632 1734 3714 quaedam
1748 3643 2044 3712 praepetes
2061 3628 2093 3691 Ρ
2137 3632 2315 3709 W.)
2373 3630 2518 3695 234.

1442 3721 1636 3776 Hane
1694 3718 1980 3781 Genetrix
2009 3716 2250 3796 faciem
2295 3715 2524 3794 reficit,

1444 3805 1584 3862 feeit
1617 3850 1633 3879 ,
1705 3804 1953 3861 mutavit
1984 3820 2002 3859 ε
2071 3800 2220 3861 nihil
2259 3802 2524 3881 amplius.

1448 3888 1614 3947 dedit
1628 3932 1650 3959 ‚
1705 3889 1844 3947 feeit
1883 3899 1950 3946 ut
1965 3932 1982 3963 ,
2027 3886 2224 3951 ’ἔδωκε
2264 3890 2525 3961 Homer„

1448 3986 1514 4033 ut
1541 3977 1660 4032 iam
1687 3974 1824 4033 alibi
1851 3972 2124 4033 vidimus.
2208 3978 2354 4038 237.
2384 3972 2527 4029 hor—

1448 4071 1641 4117 rentes
1713 4060 1922 4117 Marte
1982 4060 2236 4116 Latinos
2260 4080 2286 4130 ;
2360 4068 2528 4115 erunt

1445 4147 1624 4223 igitur
1649 4142 1943 4219 horrendi,
1986 4146 2090 4225 qui
2113 4142 2415 4202 horrorem
2437 4142 2529 4197 fa-

1450 4232 1640 4305 ciunt,
1682 4232 1869 4305 bello,
1897 4249 2128 4309 pugnat,
2159 4231 2320 4287 cuius
2347 4226 2527 4303 signi-

1451 4316 1652 4375 ficatus
1693 4336 1792 4373 me
1823 4316 2160 4393 exemplum
2201 4316 2264 4369 in
2289 4312 2528 4368 Marone

1454 4400 1776 4460 desiderare
1802 4420 1975 4479 supra
1991 4398 2068 4456 ad
2088 4394 2394 4455 exordium
2405 4394 2529 4449 Ae-

1454 4486 1640 4547 neidis
1665 4488 1846 4545 fassus
1871 4504 2002 4543 sum
2017 4528 2033 4559 ‚
2065 4502 2200 4541 cum
2215 4480 2529 4536 hon-entia
