3009 5050
596 439 1219 517 AENEmos
1271 440 1486 517 ΜΒ.
1539 441 1668 537 xl,
1731 447 2162 520 194—-207
2341 451 2488 520 603

352 633 521 704 Nec
550 629 815 702 minus
852 640 931 702 et
964 627 1232 702 miseri
1280 626 1586 702 diversa
1617 629 1698 702 in
1731 642 1955 728 parte
1986 628 2237 704 Latini

250 733 721 806 Innumeras
754 744 1103 806 struxere
1142 755 1369 830 pyras
1404 768 1423 821 ς
1496 744 1576 806 et
1605 755 1938 831 corpora
1973 733 2259 832 partim

251 834 499 910 Multa
528 837 785 909 virum
810 847 1069 910 terrae
1098 833 1524 928 infodiunt,
1558 849 1984 935 avectaque
2015 831 2304 935 partim
2345 845 2492 914 205

254 938 668 1012 Finitimos
696 936 985 1012 tollunt
1026 940 1107 1012 in
1142 961 1409 1035 agn-m,
1462 938 1805 1038 urbique
1854 940 2314 1030 remittunt3

258 1043 581 1140 Cetera,
639 1038 1179 1143 confusaeque
1211 1042 1623 1139 ingentem
1653 1040 1912 1118 caedis
1955 1063 2346 1136 acervum,

363 1185 531 1258 204.
588 1201 853 1276 ernas,

1012 1189 1183 1260 207.
1233 1201 1610 1256 ACERVUM
1659 1185 1750 1258 N.

258 1386 507 1455 scriptum
542 1387 598 1438 in
630 1385 761 1439 libb.
795 1385 1058 1440 invenisse
1094 1403 1247 1456 quam
1295 1386 1640 1440 ardentibus:
1677 1385 1754 1439 aie
1795 1383 1950 1438 etiam
1991 1400 2168 1437 omnes
2201 1391 2331 1437 vett.
2360 1383 2500 1449 edd„

148 1513 153 1516 ,
256 1466 505 1524 quantum
570 1456 750 1508 video:
828 1475 927 1509 nec
976 1459 1203 1509 alterum
1248 1458 1393 1526 priua
1444 1457 1671 1510 occurrit
1727 1473 1881 1525 quam
1943 1455 2000 1505 in
2050 1456 2132 1528 ed.
2199 1455 2315 1506 Ald.
2375 1463 2500 1506 tert.

257 1527 375 1578 Hoc
406 1527 587 1582 Heius.
610 1526 853 1590 retinuit,
878 1525 1256 1596 fulgentibus,
1290 1535 1350 1578 ut
1382 1535 1544 1594 poeta
1579 1527 1748 1578 variet
1783 1542 2007 1588 vernum,
2044 1527 2133 1593 qui
2167 1523 2303 1574 idem
2341 1540 2502 1590 repe-

255 1597 391 1646 titur
424 1613 456 1646 a
490 1607 649 1664 poeta
680 1611 795 1664 sup.
834 1597 925 1659 1V,
971 1597 1089 1660 482,
1136 1595 1225 1646 ubi
1259 1611 1306 1647 ν.
1353 1598 1481 1647 Not.
1519 1597 1587 1647 ef.
1635 1597 1728 1658 VI,
1761 1595 1883 1648 798.
1933 1592 2029 1656 (ita
2079 1593 2238 1644 etiam
2273 1593 2322 1647 8.
2394 1593 2502 1644 Po-

256 1663 423 1716 tioree
458 1665 665 1716 codice·
700 1663 749 1717 ei
780 1663 905 1718 huie
937 1665 1151 1717 lectioni
1185 1665 1444 1729 faverent,
1477 1665 1800 1716 retinendam
1837 1673 1892 1714 et
1925 1663 2040 1732 ipse
2077 1662 2333 1723 dicerem;
2368 1675 2504 1713 nune

258 1731 414 1785 video
449 1734 649 1786 fontem
690 1734 801 1786 eius
851 1752 968 1786 esee
1002 1733 1289 1786 Palatinum
1308 1773 1325 1799 ,
1374 1751 1533 1803 saepe
1568 1733 1849 1786 deterioris
1889 1733 2178 1800 scripturae
2212 1743 2504 1792 anctorem3

258 1813 313 1853 et
335 1801 693 1872 fulgentibus
725 1803 1053 1872 glossematis
1088 1803 1317 1872 speciem
1349 1819 1477 1871 prae
1515 1821 1572 1856 ee
1607 1803 1728 1855 fert.
1797 1809 1874 1854 Ac
1904 1799 2030 1854 licet
2063 1801 2254 1852 crebro
2291 1797 2504 1852 eosdem

256 1889 439 1924 verane
476 1873 737 1942 paululum
772 1883 999 1924 mutatos
1032 1875 1230 1925 referat
1261 1872 1534 1940 Virgilius,
1582 1872 1688 1924 vid.
1725 1872 1904 1923 Heius.
1955 1871 2022 1923 ad
2059 1871 2154 1932 IX,
2189 1869 2328 1934 814„
2361 1868 2504 1920 vidi-

252 1959 370 1993 mus
404 1951 579 1994 tamen
616 1943 679 1994 V.
713 1943 775 1994 L.
811 1943 885 2006 X,
920 1944 1037 1998 871.
1073 1942 1267 1994 multoe
1303 1945 1459 1994 etiam
1496 1943 1608 1993 sine
1641 1941 1749 1992 ulla
1783 1939 2065 1993 mutatione
2100 1939 2290 2008 repeti.
2361 1939 2426 1989 Et
2459 1937 2506 1991 ei

252 2020 365 2064 tam
399 2028 581 2062 severe
607 2011 832 2063 tenenda
868 2022 980 2064 erat
1014 2011 1100 2063 lex
1132 2012 1239 2064 iata
1270 2013 1578 2073 Heineiana,
1615 2010 1932 2076 mirabimur,
1967 2011 2126 2079 quod,
2163 2027 2316 2079 quum
2351 2008 2506 2059 huius

253 2080 467 2149 quidem
502 2097 681 2132 vernus
714 2081 865 2150 prior
897 2081 1085 2133 saltem
1126 2099 1249 2149 pare
1283 2081 1351 2133 ab
1393 2084 1485 2144 1V,
1519 2079 1638 2134 482.
1675 2080 1916 2143 differat,
1964 2073 2052 2131 hic
2083 2080 2198 2148 ipae
2235 2080 2338 2144 VI,
2383 2079 2504 2132 798.

252 2167 325 2202 ne
353 2149 563 2201 literula
600 2151 809 2218 quidem
843 2149 1171 2218 discrepante
1204 2151 1407 2204 redeat.
1476 2151 1736 2202 Revocavi
1769 2151 1931 2218 igitur
1959 2147 2306 2210 ardentibuar,
2341 2165 2506 2214 repo-

252 2219 415 2272 eitum
450 2220 605 2270 etiam
639 2219 705 2272 ab
744 2219 943 2273 iahnio.
988 2221 1131 2286 Wr.)
1198 2221 1426 2292 Ineptum
1460 2217 1617 2270 codd.
1651 2221 1786 2272 Pier.

1921 2219 2024 2272 mii
2057 2220 2266 2270 dlveni
2303 2219 2506 2284 Hagen.

254 2291 319 2340 in
354 2288 505 2340 deest
536 2290 719 2340 Franc.
756 2299 813 2340 et
846 2289 1006 2341 Goth.
1040 2300 1162 2342 tert.
1250 2291 1355 2357 (—
1381 2291 1501 2342 204.
1547 2291 1670 2340 Non
1717 2287 1844 2340 eatis
1881 2287 2152 2339 commode
2199 2287 2286 2337 hic
2335 2289 2507 2337 inter-

258 2358 605 2426 pungebatur.
684 2358 909 2410 Primum
959 2359 1015 2409 in
1063 2359 1357 2408 universum
1409 2357 1512 2408 hoc
1559 2359 1726 2408 refert
1774 2367 1959 2424 poeta:
2007 2357 2225 2407 Latinos
2275 2365 2330 2406 et
2362 2357 2508 2422 ipsos

256 2444 421 2495 pyras
454 2425 731 2489 struxiaee3
766 2437 875 2476 tum
912 2426 1106 2478 variam
1140 2427 1281 2492 apud
1314 2427 1435 2477 illos
1468 2426 1703 2476 funerum
1737 2425 2156 2492 procurationem
2191 2441 2510 2475 commemo-

258 2506 371 2547 rat:
422 2495 511 2546 alii
544 2497 598 2546 iu
632 2493 751 2562 ipeo
796 2495 893 2547 illo
942 2511 1125 2564 campo
1171 2497 1473 2558 humantur,
1519 2493 1608 2545 alii
1639 2494 1974 2545 remittuntur
2023 2494 2077 2545 in
2114 2511 2256 2545 suam
2292 2493 2511 2561 quisque

260 2563 508 2634 patriam,
552 2564 662 2627 alii,
709 2566 851 2633 iique
886 2565 1051 2615 minue
1091 2564 1329 2625 nobiles,
1366 2573 1675 2615 cremantur.
1731 2563 1862 2613 Hinc
1881 2573 2120 2630 apparet,
2153 2580 2258 2613 non
2295 2580 2514 2626 comma,

264 2634 361 2686 sed
396 2633 683 2684 semicolon
704 2643 831 2703 poet
856 2650 1029 2701 pyrae
1057 2634 1357 2699 ponendum
1384 2649 1517 2682 esee.
1550 2635 1692 2698 Wr.)
1782 2631 1882 2684 205
1919 2645 2104 2682 terrae
2119 2630 2351 2700 sodium
2378 2632 2512 2683 Gud-

261 2703 893 2825 ῑζζοέὲτέτεκῑῗ
918 2702 1199 2822 1¹22?ss&
1250 2702 1463 2821 razzi,
1519 2694 2146 2821 “232353'2-fflss3.
2179 2702 2382 2819 aar
2407 2718 2513 2753 ⁸⁰⁰·

360 2791 387 2824 r
860 2806 873 2821 .
1200 2807 1215 2820 .
1502 2806 1520 2822 .
1717 2790 1734 2820 1
1877 2788 1902 2819 r
1927 2804 1941 2819 .
2372 2807 2386 2822 .
2468 2788 2512 2821 r.

264 2843 405 2893 hunc
439 2789 650 2893 versarii
680 2857 786 2892 nou
810 2840 1001 2891 habet:
1036 2856 1135 2891 nec
1160 2840 1321 2891 Goth.
1348 2847 1495 2899 tert..
1529 2849 1586 2891 at
1614 2788 1850 2906 ediluenti
1873 2856 1988 2888 eum
2015 2788 2515 2906 postponuntgLelid.

264 2910 469 2963 Zulich.
512 2922 565 2963 et
591 2910 750 2962 Goth.
783 2926 887 2961 aec.

988 2911 1091 2963 207
1131 2910 1339 2978 stragia
1376 2910 1550 2973 Rom„
1601 2909 1736 2976 (cum
1773 2910 1822 2962 8.
1867 2910 2012 2966 lVr.)
2049 2915 2306 2975 perpetua
2342 2906 2518 2958 varie-

265 2990 411 3043 tate3
446 2980 515 3031 cf.
549 2980 643 3031 inf.
676 2978 797 3033 384.
832 2995 947 3045 nup.
982 2980 1075 3040 Vl,
1109 2978 1231 3031 504.
1299 2978 1445 3045 (Post
1480 2996 1732 3030 acervum
1768 2976 1824 3028 in
1867 2976 2060 3028 Medic.
2103 2975 2518 3043 interpungitur3

264 3050 373 3101 hoc
416 3048 533 3118 ipae
585 3059 791 3101 secutus
826 3066 967 3115 sum,
1007 3048 1187 3099 deleto
1237 3057 1364 3117 post
1409 3050 1620 3101 honore
1662 3064 1737 3101 va.
1785 3064 1866 3114 sq.
1913 3054 2200 3109 commutem
2245 3044 2350 3097 vid.
2390 3046 2519 3099 Not.

264 3120 439 3189 noyn.
479 3120 622 3187 Wr.)

270 3298 497 3339 reram:
532 3277 607 3337 ad
638 3296 835 3337 sensus
854 3294 1109 3335 errorem
1134 3276 1355 3335 diomm

269 3377 577 3447 poetarum
603 3382 787 3437 more,
820 3382 886 3422 ac
914 3364 965 3421 si
990 3384 1095 3443 per
1120 3373 1357 3420 noctem

272 3452 503 3521 caelum
558 3452 990 3527 circumagatur
1054 3448 1126 3507 ab
1196 3449 1355 3507 occi-

272 3538 447 3598 dente
490 3556 687 3597 versus
731 3537 1035 3594 orientem.
1079 3534 1155 3593 ef.
1184 3554 1356 3615 supra

270 3628 517 3683 Excurs.
547 3626 604 3680 II
633 3621 707 3681 ad
736 3622 836 3679 lib.
864 3622 941 3679 Π.
994 3623 1145 3677 Rem
1172 3622 1358 3699 ipsam

277 3710 489 3769 eodem
514 3708 695 3767 modo
748 3708 1073 3786 expositam
1102 3705 1265 3764 vides
1291 3706 1361 3763 11.

276 3808 365 3873 ψ,
400 3792 542 3858 154.
572 3796 697 3858 226
726 3812 812 3873 sq·
845 3813 926 3867 ω,
956 3795 1081 3856 788
1110 3812 1197 3873 sq.
1259 3792 1363 3848 ln·-

276 3878 471 3939 terdiu
499 3882 735 3937 struitur
760 3896 964 3957 rogus:
1010 3896 1120 3936 nec
1152 3896 1364 3936 aecen-

280 3965 439 4025 ditur
463 3966 576 4023 nisi
600 3966 859 4043 vesperi:
905 3961 1067 4022 ardet
1109 3982 1215 4042 per
1249 3980 1364 4019 no-

280 4062 457 4111 ctem.
544 4052 743 4108 Altero
771 4048 898 4125 die,
940 4051 1036 4107 vel
1062 4050 1252 4121 tertio,
1301 4056 1365 4106 ut

280 4136 343 4196 h.
372 4139 503 4195 l..v.
531 4140 689 4209 210,
716 4136 819 4193 ubi
847 4136 975 4213 rogi
1001 4134 1361 4207 refrixerant,

280 4222 627 4302 legebantur
643 4223 881 4279 cineres.
902 4220 1163 4296 (coelum
1176 4218 1365 4277 stellis

280 4318 515 4388 aptum,
530 4304 649 4365 vid.
664 4309 800 4365 Not.
816 4305 889 4365 ad
902 4307 1000 4381 IV,
1015 4305 1161 4369 482.
1187 4302 1363 4385 W.)

368 4390 520 4459 204.
564 4392 711 4456 205.
782 4394 872 4449 De
914 4390 1193 4450 industria
1252 4388 1366 4449 hoc

280 4496 637 4540 memorasse
664 4474 895 4538 videtur
909 4522 927 4555 ,
982 4480 1263 4560 quoniam
1308 4478 1369 4534 in

1438 3276 1605 3339 Italia
1649 3292 1878 3353 semper
1921 3273 2162 3331 variavit
2205 3273 2520 3351 sepultura,

1437 3358 1617 3419 modo
1665 3360 2017 3417 crematione
2073 3356 2252 3417 modo
2307 3356 2522 3416 huma-

1438 3448 1599 3504 tione
1659 3446 1722 3502 in
1777 3464 1950 3505 usum
2000 3456 2268 3525 recepta:
2343 3462 2523 3526 quam

1438 3534 1562 3612 ipsa
1617 3533 1894 3589 silvarum
1949 3533 2115 3610 copia
2171 3530 2266 3589 vel
2323 3533 2524 3609 inopia

1438 3617 1684 3677 suadere
1729 3617 1946 3676 debuit.
2049 3617 2147 3691 Sic
2198 3615 2354 3694 apud
2401 3619 2527 3674 Ro-

1444 3722 1686 3762 manos:
1746 3705 1828 3761 sic
1859 3700 2016 3782 apud
2041 3704 2330 3760 Etruscos.
2377 3722 2522 3759 ave-

1447 3800 1548 3847 cta
1601 3786 1824 3846 tollunt
1839 3830 1864 3859 ,
1935 3798 2132 3846 ornate
2158 3832 2173 3861 ,
2235 3785 2524 3857 evehunt:

1445 3894 1528 3934 so.
1597 3876 1849 3933 sublatos
1905 3875 1966 3930 in
2021 3892 2274 3932 currum.
2371 3871 2527 3947 urbi,

1446 3964 1760 4019 Laurento.
1817 3958 2081 4039 (potiust
2127 3978 2266 4017 suae
2318 3978 2530 4041 quem-

1450 4066 1565 4128 que
1621 4048 1754 4104 urbi
1807 4049 2148 4119 remittunt3
2218 4045 2299 4103 sic
2357 4046 2532 4103 etiam

1449 4134 1618 4191 Serv.
1650 4133 1924 4191 Ceterum
1953 4133 2192 4191 observa
2210 4131 2530 4207 partim-

1441 4220 1832 4297 partimque
1849 4240 1874 4291 ;
1933 4218 2192 4276 similiter
2231 4215 2398 4291 Eleg.
2456 4211 2534 4269 ad

1446 4306 1674 4364 messal.
1714 4317 1800 4362 vt.
1860 4301 1998 4369 45.:
2096 4298 2535 4375 „Immoderata

1450 4392 1749 4471 pati-iam
1775 4388 2025 4468 frigora,
2067 4390 2342 4462 iamque
2374 4384 2536 4440 ealo-

1454 4480 1616 4537 res.“
1671 4468 1840 4555 Wr.)
1925 4475 2071 4537 207.
2117 4468 2356 4541 caedc05
2399 4486 2537 4527 cae-
