3009 5050
554 357 706 431 464

1050 352 1134 428 Ρ.
1186 348 1723 429 VIRGILII
1767 346 2331 426 MARONIS

552 538 756 616 Hinc
792 560 1117 638 quoque
1146 536 1623 637 quingentos
1657 537 1740 610 iu
1775 559 1860 613 se
1891 535 2331 612 Mezentius
2355 546 2647 626 armat3

560 645 781 736 Quos
812 651 1033 740 patre
1062 643 1376 716 Benaco
1405 640 1707 716 velatus
1743 637 2129 716 arundine
2163 639 2435 736 glauca

2649 645 2774 714 205

552 743 887 820 Mincius
929 741 1209 819 infesta
1254 742 1595 820 ducebat
1627 743 1720 844 in·
1745 767 2094 845 aequora
2119 743 2335 843 pinu.

688 932 795 988 2³4
829 933 939 985 Hic
969 932 1229 986 Montalb.
1283 951 1316 986 a
1356 953 1425 988 m.

550 1003 670 1058 763.
714 1005 858 1070 Wr.)
988 1067 991 1070 ἢ

550 1073 727 1124 nacho
776 1071 939 1126 Goth.
985 1083 1103 1126 tert.

551 1158 803 1212 aequore.

550 1300 759 1359 eadem
778 1297 925 1359 nihil
945 1301 1231 1381 pertinere
1248 1299 1323 1360 ad
1344 1302 1631 1380 interpre-

548 1385 727 1444 tanda
749 1398 955 1466 poetae
979 1388 1157 1446 verba
1172 1433 1189 1462 ,
1232 1397 1386 1446 recte
1414 1385 1630 1445 iudicat

550 1473 696 1530 otfr.
722 1474 984 1530 Mueller.
1028 1473 1091 1529 in
1117 1473 1264 1531 libro
1293 1473 1441 1531 infra
1470 1469 1628 1530 laud.

547 1558 678 1614 Vol.
692 1559 739 1615 Ι.
752 1576 812 1636 p.
827 1561 971 1622 382.
990 1568 1114 1615 not.
1133 1561 1233 1620 97.
1257 1557 1426 1634 Wr.)
1441 1559 1630 1639 Equi-

550 1640 687 1699 dem
713 1645 797 1699 sic
826 1643 1073 1720 accipio:
1116 1644 1357 1701 Mantua
1375 1687 1392 1719 ,
1420 1652 1627 1724 potens

548 1727 691 1786 olim
718 1729 895 1806 copiis
922 1727 1077 1802 urbs,
1106 1747 1255 1809 quae
1283 1739 1481 1786 tamen
1504 1747 1627 1788 non

547 1810 809 1870 eiusdem
860 1823 1023 1870 erant
1076 1815 1329 1892 generis,
1388 1811 1493 1872 sed
1551 1833 1630 1873 ex

542 1899 708 1955 triuis
722 1898 989 1976 gentibus
1011 1917 1077 1956 ac
1096 1900 1323 1979 populis
1340 1901 1453 1957 ΧΠ
1474 1919 1624 1958 con-

544 1984 789 2058 stabant,
804 2003 1053 2064 quorum
1084 1987 1346 2066 quaterni
1368 1985 1476 2043 sub
1504 2003 1624 2042 una

546 2079 721 2147 gente
752 2079 915 2127 erant
942 2067 1378 2150 comprehensi,
1410 2071 1620 2152 quibus

542 2155 645 2212 illa
710 2165 883 2234 eaput
939 2166 1090 2213 erat:
1163 2158 1364 2237 copiae
1421 2167 1620 2218 autem

544 2239 678 2297 illae
707 2250 869 2298 erant
895 2243 1189 2300 Etruscae.
1248 2241 1441 2320 (Vide,
1472 2262 1625 2324 quae

548 2335 842 2383 extremae
894 2324 1031 2385 huic
1069 2337 1245 2385 notae
1289 2326 1623 2388 adiecimus.

554 2409 721 2492 PVr.)
805 2410 1119 2472 Videamus
1148 2415 1410 2492 singula:
1458 2413 1626 2472 dives

541 2497 677 2556 avis
690 2542 707 2573 ,
764 2516 887 2557 non
928 2499 1261 2578 simpliciter
1303 2509 1416 2575 est,
1474 2519 1625 2582 quae

543 2584 759 2642 multos
818 2602 955 2643 avos
1008 2582 1217 2661 habet,
1278 2584 1414 2659 sed,
1472 2606 1626 2668 quae

546 2686 683 2727 avos
728 2669 911 2727 claros
954 2666 1155 2729 habuit
1172 2716 1189 2744 ‚
1234 2670 1484 2751 ideoque
1514 2673 1624 2730 ali-

546 2751 783 2835 quando
819 2766 1025 2834 potens
1069 2756 1204 2814 fuit.
1290 2756 1625 2816 Sollennior

1472 953 1554 1003 pr.
1605 934 1960 1001 (Maxentius
2004 931 2214 998 Medic„
2260 931 2364 985 vid.
2408 933 2477 984 V.
2515 930 2582 984 Ῑι.
2629 929 2694 984 ad
2725 929 2777 988 11,

960 1003 1061 1058 206
1094 1003 1235 1056 duce
1270 1009 1489 1056 Benaco
1517 1003 1712 1056 Zalich.
1741 1019 1842 1073 pro
1878 1021 1984 1054 var.
2019 1002 2141 1055 lect.
2217 1003 2438 1054 Venaeo
2473 1003 2632 1056 Rom.
2681 1003 2778 1049 130-

1272 1073 1375 1128 206
1422 1075 1733 1140 maenius,
1795 1073 2067 1126 blm-seius
2109 1073 2222 1124 bini
2273 1071 2467 1138 Goth„
2531 1069 2690 1122 iidem
2727 1070 2776 1120 in

1709 1299 2075 1382 monendum
2125 1307 2246 1358 erat
2301 1299 2570 1380 inprimis
2586 1343 2604 1374 ‚
2661 1313 2776 1355 cum

1711 1404 1871 1444 nunc
1926 1387 2027 1444 illa
2079 1396 2380 1464 tantopere
2451 1405 2487 1444 a
2559 1385 2776 1466 pristino

1711 1471 2018 1551 splendore
2048 1469 2395 1530 descivisset.
2481 1470 2777 1530 constabat

1711 1567 1910 1614 tamen
1939 1577 2150 1636 agmen
2197 1578 2230 1616 e
2263 1555 2500 1616 diversis
2530 1555 2772 1637 populis:

1711 1642 1821 1701 sed
1852 1663 1975 1701 non
2011 1662 2211 1722 genus
2243 1640 2527 1700 omnihus
2567 1659 2770 1698 unum:

1711 1727 1990 1786 omnibus·
2027 1747 2150 1788 non
2200 1725 2276 1787 ad
2305 1747 2452 1786 avos
2479 1737 2610 1786 erat
2645 1724 2774 1784 refe·

1709 1812 1989 1890 rendum,
2035 1812 2196 1897 quod
2221 1815 2398 1892 vulgo
2427 1813 2667 1885 faciunt,
2689 1805 2772 1868 sed

1709 1898 1785 1957 ad
1813 1919 2036 1978 agmen
2059 1943 2076 1968 ,
2119 1897 2280 1980 quod
2322 1901 2522 1958 Ocnus
2567 1895 2773 1956 adducit

1669 1987 1899 2064 .patriis
1941 1985 2014 2044 ab
2059 1988 2195 2045 oris.
2239 1981 2569 2061 (omnibus
2584 2027 2610 2055 ‚
2656 1989 2770 2062 puta

1702 2071 1796 2130 vel
1824 2071 1944 2130 avi
1961 2091 2006 2148 s,
2035 2071 2148 2146 vel,
2177 2068 2338 2151 quod
2351 2070 2770 2145 malim‚Man-

1699 2157 1959 2216 tuanis
2014 2167 2188 2239 atque
2235 2157 2334 2230 iis,
2396 2174 2654 2236 quorum
2689 2169 2770 2210 ca-

1705 2254 1817 2321 put
1840 2253 1962 2300 erat
1987 2245 2258 2316 Mantua3
2301 2261 2486 2321 quum
2524 2241 2768 2321 proximo

1708 2347 1880 2386 versu
1909 2325 1984 2386 ad
2011 2330 2314 2401 Mantuam
2340 2336 2567 2405 spectet
2579 2341 2769 2406 prono-

1708 2431 1848 2476 men
1879 2413 2006 2487 illi,
2047 2433 2278 2493 prorsus
2305 2413 2658 2470 inconcinna
2683 2429 2768 2467 ex-

1707 2499 1851 2558 sistit
1879 2501 2091 2575 oratio,
2117 2501 2168 2559 si
2193 2495 2470 2557 omnibus
2482 2496 2768 2577 adagmen

1688 2585 2028 2644 ·referimus.
2097 2587 2302 2666 Itaque
2333 2582 2448 2643 hoc
2477 2582 2671 2643 dicere
2695 2581 2766 2637 vi-

1665 2736 1675 2752 ·
1708 2668 1876 2729 detur
1902 2682 2105 2751 poeta:
2157 2670 2459 2728 Mantuani
2487 2672 2636 2728 olim
2659 2668 2767 2747 opi·-

1691 2756 1814 2833 2bus
1873 2756 2183 2831 florebant3
2231 2753 2336 2815 sed
2379 2774 2472 2814 eas
2519 2774 2662 2836 opes
2707 2768 2768 2808 ex

544 2849 603 2897 et
644 2841 871 2920 planior
899 2852 983 2899 est
1011 2842 1199 2901 forma
1225 2840 1504 2922 loquendi
1548 2842 1622 2901 de
1635 2889 1652 2899 ,
1665 2842 1884 2908 :tribus
1912 2843 2180 2921 gentibus
2195 2886 2212 2917 ,
2258 2843 2509 2914 Graecis,
2543 2845 2626 2899 ait
2645 2837 2766 2897 offr.

540 2927 777 3005 singulis
798 2922 1161 2987 hominibus:
1193 2928 1409 2985 statius
1425 2925 1619 2988 Theb.
1658 2910 1967 3007 E‘Mueuer.
1997 2928 2060 2985 in
2093 2928 2271 3003 libro,
2326 2930 2420 2986 cui
2447 2928 2766 3006 inscriptum:

541 3013 601 3084 1,
656 3014 781 3076 392
820 3010 1097 3071 Adrastus
1140 3014 1335 3071 Dives
1376 3015 1513 3071 avia
1565 3024 1624 3071 et
1651 3012 1826 3081 §Die
1857 3012 2194 3089 “Enna-er,
2250 3013 2382 3071 Vol.
2423 3014 2484 3087 1,
2541 3032 2608 3093 p.
2667 3008 2766 3073 137

540 3105 788 3175 utroque
816 3098 1019 3155 Iovem
1066 3096 1141 3155 de
1166 3098 1465 3177 sanguine
1498 3098 1664 3157 εἰη-ὃ
1701 3116 1810 3178 sq.,
1825 3100 2097 3171 Etruscis,
2127 3108 2202 3173 et,
2232 3110 2300 3157 ut
2325 3097 2614 3174 videatur,
2639 3096 2768 3154 Um-

539 3200 697 3239 cens.
790 3182 981 3264 Supra
1014 3184 1115 3242 lib.
1158 3184 1282 3259 vll,
1312 3183 1396 3248 56
1460 3184 1636 3261 Tur?
1699 3184 1834 3255 bris,
1877 3185 2221 3263 collegerat3
2251 3202 2500 3267 quarum
2521 3184 2766 3263 gentium

538 3286 655 3324 nas
688 3269 823 3325 avis
850 3270 1165 3348 amotisque
1168 3280 1387 3347 potem
1408 3265 1886 3350 eaddm““quum
1951 3280 2198 3352 quatuor
2268 3288 2536 3352 quaeque
2595 3283 2767 3349 popu-

534 3352 597 3411 vi
622 3372 737 3433 qua
758 3354 925 3412 dives
938 3377 964 3428 ;
1014 3365 1073 3413 et
1102 3356 1277 3416 Silius
1306 3356 1461 3430 XVI,
1488 3348 1784 3433 59333308
1827 3353 2364 3435 comprehenderet,
2395 3364 2646 3437 quatuor
2669 3368 2766 3431 po·

536 3437 781 3497 Burrus
808 3442 943 3497 avis
960 3438 1220 3516 pollens.

536 3524 850 3599 Scaevola,
894 3526 1031 3583 avis
1058 3524 1302 3602 pollens
1330 3546 1439 3583 nee
1466 3526 1614 3584 dex-
1632 3541 1646 3553 ·

536 3619 633 3667 tra
660 3609 951 3688 indignus
983 3630 1257 3669 avorum.
1335 3613 1614 3670 Attamen

535 3705 595 3752 et
638 3696 813 3753 Silius
844 3692 918 3753 de
944 3696 1200 3776 populo:
1260 3698 1423 3771 Osci,
1465 3716 1614 3775 quos

534 3777 700 3837 dives
725 3800 909 3856 opum
924 3822 948 3850 ,
992 3800 1140 3859 quos
1166 3782 1333 3841 dives
1358 3802 1616 3841 avorum

534 3862 603 3946 ,Ε
620 3874 736 3921 toto
762 3862 954 3922 dabat
978 3866 1068 3925 ad
1090 3864 1315 3925 bellum
1344 3868 1614 3946 Campa-

532 3948 640 4008 nia
681 3948 881 4028 tractu
916 3952 1080 4027 VIII,
1110 3953 1254 4019 523.
1338 3955 1445 4012 Est
1473 3972 1612 4034 ergo

532 4030 595 4092 h.
635 4034 677 4093 l.
720 4037 989 4111 Mantua,
1062 4047 1131 4096 ut
1174 4039 1324 4097 bene
1375 4040 1612 4099 Servius

532 4120 815 4201 explicat:
858 4120 1187 4180 mehr-ibus
1210 4134 1573 4202 praepotens
1584 4146 1614 4199 ;

532 4202 597 4266 h.
643 4228 696 4266 e.
738 4204 958 4265 habens
1008 4209 1253 4269 maiores
1312 4220 1613 4288 potentes3

532 4291 674 4375 quid
718 4300 915 4351 autem
941 4291 1055 4353 hoc
1083 4285 1242 4353 aliud
1272 4314 1466 4377 quam,
1495 4314 1612 4375 po-

532 4390 660 4441 tens
688 4380 851 4455 olim,
878 4380 1171 4440 maiorum
1197 4390 1417 4460 aetate;
1447 4380 1610 4465 quod

1314 3442 1465 3515 VIII,
1486 3444 1629 3516 382,
1653 3440 1863 3529 :pulos
1888 3444 2157 3516 Graecos,
2204 3440 2566 3522 totidemque
2603 3441 2768 3499 Etru·

1695 3546 1822 3586 scos
1863 3538 1922 3586 et
1963 3528 2267 3587 Umbricos
2315 3528 2490 3586 fixisse
2519 3521 2766 3584 censebi-

1695 3632 1848 3672 mus».
1933 3614 2049 3671 Per
2073 3623 2274 3693 gentes
2300 3610 2612 3693 algnificari
2646 3620 2705 3667 tr
2719 3606 2768 3662 i-

1696 3698 1860 3770 bus,
1890 3718 1995 3777 per
2021 3701 2266 3779 populos
2297 3693 2396 3779 δή
2413 3722 2455 3778 μ
2474 3719 2510 3760 o
2527 3718 2629 3771 υς,
2660 3704 2766 3751 sta-

1694 3785 1805 3843 tuit
1831 3782 2108 3843 Niebuhr.
2137 3785 2352 3842 Roem.
2401 3780 2621 3841 Gesck.
2649 3777 2765 3835 vol.

1692 3870 1742 3927 1.
1769 3889 1830 3948 p.
1863 3874 2009 3935 328.
2037 3876 2162 3927 not.
2192 3870 2338 3934 757.
2389 3866 2570 3943 W.)
2629 3866 2764 3922 Per-

1693 3955 1813 4033 git:
1855 3957 2128 4036 Namque
2155 3956 2394 4012 Mantua
2422 3953 2598 4011 trinas
2626 3968 2763 4029 gen·

1696 4050 1784 4098 tes
1813 4050 1872 4098 et
1899 4038 2200 4101 duodenos
2221 4038 2467 4120 populos
2496 4036 2763 4096 habebat:

1709 4124 1875 4184 Gens
1902 4124 2003 4183 illi
2025 4124 2243 4203 mplex
2269 4135 2383 4184 etc.
2430 4122 2600 4182 Gens
2625 4132 2764 4179 tam·

1697 4230 1878 4291 quam
1919 4213 2088 4269 latius
2129 4210 2237 4268 sub
2279 4228 2342 4269 se
2384 4210 2642 4268 continet
2666 4222 2764 4285 po-

1692 4298 1896 4376 pulos:
1941 4292 2100 4377 quod
2128 4306 2336 4354 notum
2367 4304 2478 4367 est,
2510 4288 2766 4376 quodque

1691 4384 1778 4443 Io.
1819 4384 1914 4441 Fr.
1971 4382 2230 4441 Gronov.
2275 4378 2351 4441 ad
2392 4380 2522 4440 Liv.
2563 4378 2640 4453 V,
2693 4369 2766 4439 34
