3009 5050
499 395 649 467 70⁴2
1088 383 2137 462 EXCURSUSI

495 581 725 640 Aelian.
753 581 831 638 H.
850 579 927 638 A.
955 581 1002 654 Ι,
1052 584 1109 653 1,
1152 578 1255 638 ubi
1281 599 1341 638 v.
1374 573 1719 636 Schneider.
1775 573 2018 636 Recedit
2047 577 2120 636 ab
2147 578 2272 638 aliis
2303 589 2506 638 auctor
2533 577 2610 638 de
2635 579 2756 640 mi·-

498 669 621 726 rab.
650 667 912 725 Auscult.
944 667 985 723 l.
1015 685 1088 738 c.,
1134 665 1236 747 qui
1264 685 1399 723 aves
1428 665 1681 722 extitisse
1710 664 1790 721 ait
1815 663 2104 724 Diomede
2132 663 2214 722 ab
2233 665 2480 740 Aenea,
2525 667 2628 747 qui
2651 687 2758 725 rex

496 752 611 810 ιᾘα
640 752 777 810 loca
808 747 1070 820 tenebat,
1112 769 1221 831 per
1255 749 1489 808 insidias
1520 749 1732 809 occiso.
1815 751 2016 808 Potest
2057 745 2186 812 tino*
2229 754 2346 813 τοῦ·
2385 708 2612 814 Αἷνέου
2663 754 2757 812 vi-

496 837 621 898 deri
648 836 1002 896 mutandum
1042 837 1107 893 in
1146 832 1271 898 ιῖπό
1312 839 1429 898 τοῦ
1457 831 1742 898 vaw:
1792 836 1874 894 sic
1904 838 2064 894 enim
2107 837 2250 895 olim
2275 839 2546 896 nonnulli
2571 837 2756 898 tradi-

496 923 719 983 derant.
760 945 829 984 -ν,
871 920 1073 983 Schol.
1121 919 1418 1002 Lycophr.
1465 921 1542 980 ad
1591 942 1649 982 v.
1692 925 1852 995 6033
1894 941 2040 980 nam
2081 925 2324 982 omnino
2375 921 2636 984 diversae
2679 924 2754 984 de

493 1008 792 1070 Diomedis
820 1019 1011 1068 morte
1052 1018 1243 1070 erant
1264 1011 1622 1066 narrationes
1639 1051 1658 1084 ,
1710 1019 1990 1067 monente
2036 1009 2396 1068 Strabonel.
2425 1030 2481 1069 c.
2511 1030 2572 1090 p.
2602 1009 2750 1076 436.

492 1097 585 1155 De
613 1098 815 1155 Aenea
858 1097 1114 1174 cogitare
1158 1113 1278 1152 non
1322 1096 1491 1152 licet.
1535 1113 1680 1152 nam
1716 1113 2092 1172 congressum
2122 1114 2261 1154 eum
2303 1115 2442 1155 cum
2467 1095 2754 1156 Diomede

493 1201 671 1242 nemo
696 1193 965 1244 veterum
991 1179 1247 1256 tradidit,
1291 1181 1579 1239 Pausania
1603 1189 1749 1238 teste
1775 1181 1879 1239 lib.
1907 1182 1954 1256 1,
2001 1185 2032 1245 1
2046 1186 2078 1246 1
2109 1181 2154 1240 f.

568 1351 573 1356 ⁴
664 1339 867 1397 Unum
894 1334 1085 1395 adhuc
1116 1355 1578 1396 commemorare
1605 1336 1782 1410 iuvat,
1827 1334 1988 1418 quod
2013 1337 2237 1395 Plinius
2265 1337 2368 1396 lib.
2403 1337 2540 1412 ΧΠ,
2573 1339 2612 1400 8
2639 1356 2752 1395 ιιο-

494 1425 635 1484 tavit
666 1423 773 1502 (ex
799 1421 1206 1503 Theophrasto
1236 1425 1311 1480 H.
1343 1423 1534 1480 Plant.
1562 1422 1662 1495 IV,
1706 1421 1795 1498 7),
1838 1425 2096 1508 primum
2127 1419 2460 1501 platanum
2497 1424 2560 1480 iu
2599 1419 2749 1482 hanc

492 1510 747 1570 insulam
783 1508 859 1568 ad
884 1507 1182 1568 Diomedis
1224 1509 1523 1568 tumulum
1565 1506 1896 1566 ornandum
1937 1503 2111 1568 {nisse
2138 1511 2466 1585 invectam,
2525 1507 2708 1567 inde
2689 1528 2750 1568 ιιι

494 1597 760 1657 Siciliam
806 1606 1255 1672 transgressam,
1298 1613 1444 1653 mox
1473 1594 1674 1652 Italiae
1719 1592 1998 1652 donatam
2039 1594 2115 1653 ad
2156 1595 2294 1652 alias
2335 1605 2516 1653 terras
2542 1615 2750 1674 perve-

490 1684 664 1741 nisse.
750 1683 1047 1752 Quantmn
1075 1690 1273 1739 tamen
1306 1701 1382 1739 ex
1409 1680 1733 1738 cichorella
1759 1681 2117 1759 intelligitur,
2149 1700 2224 1739 ex
2250 1680 2439 1740 insula
2467 1681 2565 1739 illa
2591 1701 2748 1741 nunc

493 1769 711 1825 extilat.
796 1769 931 1824 Fuit
958 1768 1157 1824 similis
1184 1766 1381 1824 fabula
1423 1764 1497 1824 de
1546 1775 1738 1844 myrto
1783 1767 2042 1845 primum
2082 1769 2145 1824 in
2173 1767 2478 1846 Elpenoris
2521 1769 2748 1826 tumulo

494 1862 685 1911 enata.
734 1851 855 1910 vid.
893 1853 1047 1910 Plin.
1089 1852 1219 1926 XV,
1264 1873 1311 1911 s.
1358 1856 1462 1916 36.
1511 1852 1586 1910 cf.
1629 1871 1758 1931 sup.
1785 1853 2032 1912 Excurs.
2081 1855 2110 1910 1
2151 1851 2226 1910 ad
2269 1852 2372 1911 lib.
2411 1854 2520 1912 vll
2556 1855 2666 1912 sub
2705 1853 2746 1913 f.

488 1939 637 1998 Late
688 1949 887 1995 autem
924 1936 1225 1996 Diomedis
1262 1955 1486 1996 nomen
1514 1956 1620 2016 per
1644 1938 1872 1995 ltaliam
1909 1939 2208 2018 pertinuit.
2247 1939 2402 1996 Nam
2427 1958 2552 1996 non
2579 1939 2747 2018 Arpis

490 2023 670 2084 modo
699 2021 805 2082 sed
830 2025 1154 2102 Metaponti
1181 2043 1248 2080 ac
1276 2021 1516 2082 Thuriis
1555 2042 1661 2102 pro
1700 2020 1880 2082 heroe
1923 2025 2110 2083 cultus
2151 2025 2352 2100 fertur,
2397 2023 2518 2084 vid.
2549 2023 2746 2086 Schol-

489 2108 733 2169 Pindari
782 2107 857 2166 ad
884 2111 1058 2166 Nem.
1088 2112 1179 2182 X,
1230 2112 1329 2173 12.
1414 2110 1684 2167 Plurium
1725 2108 1888 2168 idem
1927 2112 2164 2169 urbium
2193 2108 2422 2169 habitus
2465 2109 2744 2186 eonditor,

487 2206 557 2254 ut
580 2215 755 2276 supra
784 2204 1309 2254 commemoratum
1338 2205 1440 2253 est.
1527 2196 1605 2253 Et
1631 2207 1944 2254 monstrata
1984 2206 2209 2256 vetusta
2237 2195 2477 2255 donaria
2504 2198 2747 2257 Diome-

491 2280 579 2340 dis
609 2292 669 2339 et
694 2283 987 2340 sociorum
1015 2299 1180 2339 arma
1204 2282 1486 2340 Luceriae
1523 2283 1588 2340 in
1617 2283 1838 2361 templo
1867 2285 2198 2341 Minervae:
2240 2283 2454 2342 Strabo
2484 2284 2582 2357 vl,
2609 2302 2744 2363 pag.

490 2364 617 2432 484
650 2367 716 2432 G.
747 2379 805 2426 et
832 2377 1037 2426 auctor
1061 2369 1267 2426 Mirab.
1298 2369 1526 2426 Narrat.
1561 2372 1704 2442 117,
1749 2369 1852 2426 ubi
1885 2367 1974 2450 ῑερ
1977 2365 2046 2430 ὃν
2071 2363 2340 2448 Ἀθηνᾶς
2366 2361 2606 2474 Ἀχαΐας
2631 2381 2744 2445 est3

487 2450 652 2511 idem
677 2472 773 2535 ap.
801 2453 1031 2511 Aelian.
1076 2451 1151 2512 de
1194 2456 1270 2512 H.
1299 2453 1375 2512 A.
1403 2456 1510 2529 XI,
1558 2452 1598 2516 5
1627 2451 1698 2516 ἐν
1731 2457 1810 2537 τῇ
1847 2453 2090 2540 Δαυνία
2131 2450 2284 2529 vecie
2329 2457 2442 2534 τῆς
2479 2447 2746 2536 Ἀθηνᾶς

386 2592 399 2605 .
488 2542 600 2619 τῆς
643 2532 915 2613 Ἰλιάδος.
956 2552 1237 2620 perpetua
1278 2560 1475 2600 comes
1519 2540 1820 2599 Diomedis
1859 2544 2124 2601 Minerva
2165 2551 2233 2599 ut
2271 2541 2519 2622 Ulyssis3
2561 2542 2744 2601 facum

489 2644 727 2708 quoque
752 2627 851 2683 ille
880 2624 1023 2685 dens
1049 2646 1157 2706 per
1185 2625 1517 2686 Palladem.
1563 2624 1800 2685 Pmdar.
1840 2631 1913 2687 N.
1943 2631 2022 2701 X,
2058 2632 2157 2692 12.
2186 2638 2420 2708 torques
2449 2646 2658 2687 aureus
2683 2629 2745 2687 in

488 2713 713 2791 templo
740 2714 1007 2771 Dianae·
988 2732 1053 2770 ιιι
1080 2715 1367 2773 Peucetiis
1410 2713 1746 2773 servabatur
1780 2712 1920 2771 ibid.
1950 2714 2156 2771 Mirab.
2183 2716 2407 2771 Narrat.
2439 2732 2568 2793 cap.
2603 2718 2744 2778 120.

488 2796 661 2869 Quod
688 2817 826 2857 vero
854 2799 1043 2856 multo
1074 2800 1248 2857 etiam
1274 2802 1461 2877 magis
1488 2800 1713 2856 mireris
1731 2844 1748 2873 ,
1803 2799 1867 2857 in
1895 2801 2104 2858 intimo
2135 2800 2312 2859 Sinus
2335 2798 2623 2873 ¹Adriatici
2647 2820 2746 2858 re-

487 2902 651 2943 cessu
706 2888 859 2943 inter
896 2886 1149 2946 Venetos
1193 2882 1271 2943 ad
1310 2886 1632 2943 Timavum
1683 2884 1858 2943 fuisse
1897 2885 2144 2945 traditur
2177 2885 2386 2943 sanum
2425 2884 2742 2945 Diomedis.

485 2971 785 3029 wStrabo
813 2970 911 3029 lib.
943 2971 1013 3046 V,
1056 2992 1116 3050 Ρ.
1148 2973 1293 3034 328.
1323 2972 1469 3033 329.
1513 2971 1610 3045 VI,
1652 2989 1713 3048 Ρ.
1735 2968 1864 3036 485
1891 2974 1962 3047 Β,
2006 2970 2281 3053 aliudque
2305 2974 2458 3029 inter
2493 2972 2744 3031 Umbros

484 3058 639 3115 circa
666 3059 993 3131 Anconam,
1037 3066 1105 3114 ut
1130 3056 1349 3136 Scylax
1375 3066 1573 3114 narrat
1597 3057 1662 3113 in
1689 3058 1921 3136 Periplo
1949 3078 2009 3137 p.
2039 3062 2112 3133 63
2160 3056 2318 3137 apud
2345 3058 2497 3115 Plin.
2526 3060 2629 3132 ΠΙ,
2657 3062 2740 3121 20

485 3144 623 3203 urbs
652 3144 855 3222 Spina,
898 3141 973 3203 ad
1002 3144 1211 3201 ostium
1238 3140 1387 3199 Padi
1430 3142 1812 3221 Spineticum,
1857 3142 2102 3202 condita
2127 3164 2171 3200 a
2199 3142 2515 3201 Dcomede.
2583 3144 2740 3201 Alias

486 3226 562 3288 de
588 3228 874 3290 Diomede
900 3230 1257 3287 narrationes
1284 3246 1341 3287 v.
1374 3245 1467 3307 ap.
1500 3228 1694 3287 Strab-
1722 3228 1821 3301 VI,
1851 3248 1912 3307 p.
1941 3228 2087 3293 486.
2159 3230 2276 3287 vix
2301 3227 2578 3289 videtur·
2561 3250 2623 3287 ιιι
2651 3226 2740 3288 his

483 3312 631 3374 fides
658 3316 893 3373 Graecis
922 3334 1043 3373 esse
1070 3311 1372 3371 habenda:
1422 3316 1524 3395 qui
1539 3357 1555 3387 ‚
1603 3333 1750 3372 cum
1797 3311 2040 3373 heroem
2061 3314 2430 3394 indigetem
2412 3336 2476 3373 ιιι
2503 3317 2574 3374 iis
2600 3316 2740 3374 locis

484 3401 598 3458 coli
642 3399 933 3459 audissent
946 3444 963 3475 ,
1015 3401 1215 3458 forsan
1250 3418 1417 3458 more
1474 3419 1579 3457 suo
1621 3399 1972 3460 Diomedem
2013 3420 2151 3460 eum
2185 3404 2544 3481 interpretati
2585 3411 2736 3460 sunt.

480 3486 704 3544 Verum
734 3504 768 3543 a
795 3506 893 3543 me
922 3483 1067 3543 haec
1096 3504 1166 3543 eo
1194 3505 1353 3543 nunc
1384 3498 1937 3561 commemorantur,
1983 3498 2053 3545 ut
2079 3488 2451 3566 intelligatur,
2479 3488 2736 3547 fabulam

483 3569 557 3632 de
584 3569 883 3629 Diomedis
912 3573 975 3629 in
1004 3572 1169 3629 Italia
1210 3569 1441 3630 sedibus
1480 3571 1656 3630 fuisse
1693 3574 1828 3634 satis
1867 3574 2128 3632 nobilem
2171 3575 2323 3631 inter
2359 3584 2586 3634 ⁷veteres
2600 3619 2616 3649 ,
2673 3581 2737 3631 ut

480 3666 653 3736 poeta
683 3678 753 3715 ea
782 3658 868 3714 uti
894 3658 1177 3737 potuerit3
1218 3676 1393 3715 usum
1436 3668 1630 3717 autem
1679 3678 1801 3716 esse
1841 3678 1911 3718 ea
1952 3670 2188 3741 poetam
2229 3658 2305 3719 ad
2345 3662 2734 3720 narrationem

480 3741 820 3803 variandam
848 3753 907 3801 et
933 3742 1261 3802 ornandam
1292 3742 1758 3805 accommodate.
