3009 5050
468 429 621 502 636

951 423 1032 496 P.
1086 419 1626 498 VIRGILII
1677 419 2238 498 MARONIS

468 605 889 708 Extemplo
915 605 1207 682 turbati
1250 568 1534 700 animi,
1590 629 1962 682 concussa
2081 631 2126 682 e
2151 605 2365 704 volgi

467 714 799 787 Pectora
825 769 845 806 ,
904 723 983 786 et
1026 708 1391 786 adrectae
1430 709 1762 785 stimulis
1797 707 1958 785 hau
2043 708 2418 785 mollibus
2454 709 2639 788 irae.

464 820 705 890 Arma
734 837 977 888 manu
1006 812 1299 913 trepidi
1324 827 1702 913 poscunt;
1747 811 2019 888 fremit
2051 837 2263 887 arma
2295 814 2714 906 iuventus3

464 915 699 994 Flent
724 917 1003 994 maesti
1028 929 1543 1017 mussantque
1576 928 1860 1017 patres,

460 1123 839 1200 Dissensu
868 1122 1084 1199 vario
1120 1143 1451 1220 magnus
1500 1145 1586 1197 se
1621 1121 1832 1196 tollit
1869 1120 1966 1196 ad
2001 1145 2256 1199 auras:

1963 916 2110 990 Hic
2152 914 2516 1016 un'dique
2551 915 2711 991 cla-

1619 1043 1806 1094 mor

2548 1127 2704 1200 455

460 1225 695 1302 Haud
736 1251 995 1324 seem,
1048 1238 1285 1326 atque
1332 1222 1488 1300 alto
1539 1227 1619 1298 in
1649 1223 1832 1300 luco
1865 1249 2048 1300 cum
2097 1221 2312 1302 forte
2347 1237 2705 1302 catervae

462 1329 927 1406 Consedere
968 1329 1266 1425 avium,
1318 1329 1732 1429 piscosove
1767 1352 2003 1404 amne
2048 1328 2404 1404 Padusae

458 1435 667 1510 Dant
710 1435 1061 1510 sonitum
1091 1431 1303 1509 rauci
1338 1456 1488 1531 per
1529 1443 1794 1530 stagna
1831 1431 2189 1531 loquacia
2223 1431 2466 1529 cycni.

562 1577 734 1650 455.
790 1595 875 1648 m
924 1591 1177 1647 mass

593 1775 693 1830 451
730 1774 943 1830 turbati
971 1778 1151 1828 animo
1186 1776 1338 1828 Rom.
1387 1775 1730 1847 confusaque
1749 1773 1991 1827 Pan-has.

455 1843 625 1912 Bigot.
661 1856 714 1897 et
746 1847 909 1898 Goth.
939 1853 1062 1896 tert.
1130 1862 1297 1897 aures
1330 1844 1589 1898 Montalb.

2095 1773 2200 1830 452
2234 1793 2362 1840 non,
2395 1789 2516 1844 pro,
2551 1775 2704 1826 haud

1724 1845 1829 1898 453
1861 1861 2030 1896 manu
2062 1844 2243 1896 Heius.
2281 1862 2312 1897 e
2345 1844 2560 1911 seriptis
2587 1860 2697 1895 non

454 1923 561 1966 tam
593 1914 847 1998 reposuit,
882 1924 963 1966 est
996 1913 1131 1966 enim
1165 1914 1448 1965 communis
1484 1913 1605 1966 edd.
1637 1913 1832 1980 lectio,
1878 1931 2030 1984 quam
2073 1914 2251 1982 potius
2285 1914 2500 1978 vitium,
2549 1925 2696 1982 puto,

455 1982 699 2034 editionis
732 1983 861 2034 Dan.
897 1981 1099 2034 Heinsii
1135 1982 1347 2052 expulit,
1380 1983 1436 2034 in
1471 2000 1574 2050 qua
1608 1993 1690 2034 est
1723 2000 1932 2036 manus.
2001 1983 2145 2034 Idem
2179 1983 2313 2035 coni.
2350 1999 2548 2034 manus
2575 1995 2696 2034 sre-

443 2052 645 2123 pidae,
679 2053 837 2104 Voss.
870 2051 1007 2104 alter
1039 2063 1182 2102 metu
1218 2064 1287 2104 tr.
1350 2051 1606 2118 (Set-vius:
1654 2053 1908 2116 „Praeter
1940 2068 2122 2104 vocem
2157 2063 2356 2118 gestum
2395 2053 2557 2103 etiam
2593 2050 2696 2103 fla-

453 2121 672 2188 gitantis
708 2121 991 2190 expressit,
1039 2137 1139 2171 nec
1174 2129 1256 2171 est
1291 2119 1606 2189 superfluum
1639 2137 1836 2184 manu,
1887 2130 1947 2171 ut
1982 2121 2190 2190 quidam
2227 2121 2461 2173 volunt.“
2531 2139 2699 2172 manu

452 2199 609 2240 ornat
646 2197 878 2253 tantum
929 2198 983 2241 et
1014 2207 1156 2241 arma
1188 2189 1392 2240 scilicet
1436 2205 1588 2240 mann
1633 2198 1952 2252 tractantur3
2005 2189 2112 2242 vid.
2162 2193 2229 2241 V.
2274 2191 2336 2241 1..
2390 2191 2457 2241 ad
2494 2191 2592 2243 Ge.
2635 2191 2697 2254 ll,

449 2257 570 2312 247.
610 2261 757 2322 Wr.)

448 2325 581 2380 rich.
634 2329 777 2395 Wr.)
854 2330 947 2382 Sic
992 2327 1211 2379 Dorvill.
1289 2331 1444 2379 Teme
1489 2327 1653 2380 Goth.
1700 2345 1806 2379 sec.

840 2414 907 2450 ue
934 2399 1089 2449 vario
1141 2405 1269 2450 vett.
1316 2397 1435 2449 edd.
1477 2398 1621 2466 apud
1670 2397 1894 2449 Pieriam
1915 2437 1932 2456 .
1995 2397 2156 2465 idque
2197 2397 2464 2450 revocavit
2494 2397 2693 2448 Cunin—

447 2397 589 2450 tend.

896 2258 1002 2312 464
1034 2260 1181 2309 Hinc
1211 2258 1389 2328 plures
1426 2259 1608 2310 Heius.
1670 2260 1809 2326 (eum
1843 2261 1894 2314 7.
1947 2261 2027 2313 12.
2076 2258 2233 2328 idque
2283 2260 2481 2327 probat
2525 2259 2696 2310 Hein-

1943 2327 2046 2381 455
2081 2333 2340 2380 Discessu
2389 2338 2512 2380 tert.
2549 2329 2692 2380 Rot-

447 2465 622 2535 gham.
656 2415 837 2519 Ἥ
864 2466 1177 2518 Beramanni.
1213 2471 1293 2535 (at
1344 2466 1411 2518 cf.
1452 2467 1521 2518 V.
1559 2466 1615 2517 1..
1650 2465 1720 2518 ad
1755 2467 1794 2532 l,
1843 2467 1963 2520 333.
2019 2467 2164 2534 Wr.)
2245 2467 2322 2518 nd
2349 2451 2527 2519 ‘auras
2572 2467 2694 2518 Me-

447 2535 548 2588 dic.
596 2539 732 2605 (cum
767 2539 818 2592 7.
852 2536 923 2601 9.,
974 2535 1118 2605 quod
1151 2537 1421 2599 revocavi3
1482 2537 1590 2589 vid.
1627 2538 1693 2601 Q.
1727 2537 1794 2591 V.
1843 2537 1916 2601 X,
1955 2540 2002 2590 1.
2047 2536 2189 2597 17η)

452 2606 620 2658 Goth.
654 2616 776 2658 tert.
813 2614 871 2657 et
904 2606 1027 2658 Exe.
1051 2606 1221 2659 Burin.
1288 2624 1408 2658 cum
1427 2606 1622 2674 fronte
1657 2604 1790 2658 alter
1823 2606 2012 2658 Hamb.

2311 2536 2416 2591 456
2448 2540 2505 2589 in
2542 2537 2695 2589 abest

2117 2605 2221 2659 457
2257 2606 2548 2659 Considera
2577 2608 2693 2659 Hu-

446 2689 568 2745 gen.
604 2684 661 2727 et
702 2686 821 2727 tert.
856 2675 1075 2727 Mentel.
1122 2692 1237 2727 cum
1276 2676 1407 2742 Reg.
1476 2676 1628 2726 amni
1671 2676 1909 2729 Parthas.
1971 2677 2297 2746 piscosoque
2337 2675 2516 2740 plnres
2551 2676 2694 2757 apud

445 2746 617 2795 Burin.
678 2746 995 2816 piu-osma
1027 2744 1240 2798 Oudart.

1343 2744 1447 2798 458
1481 2746 1636 2797 nivei
1669 2746 1862 2797 Moret.
1913 2762 2001 2813 qu.
2048 2754 2106 2795 et
2149 2742 2366 2795 Vratisl.
2435 2744 2694 2813 quuaem

443 2814 651 2867 firmant
698 2812 1037 2867 vetustissimi
1084 2814 1237 2867 Rom.
1282 2812 1471 2866 Medic.
1523 2823 1580 2865 et
1625 2813 1694 2867 al.
1778 2814 2065 2884 loquenda
2112 2812 2196 2867 vel
2250 2814 2533 2883 loquentia
2567 2833 2689 2885 pars

440 2994 633 3072 parari
670 2994 860 3053 solent
899 3011 1009 3053 vss.
1038 2990 1184 3056 304.
1214 2990 1337 3057 305
1366 2992 1435 3049 11.
1462 3015 1520 3053 α.

442 3078 666 3137 Saltem
710 3081 905 3159 aliqua
946 3097 1023 3137 ex
1049 3088 1213 3156 parte
1240 3078 1524 3135 conveni-

440 3174 570 3221 rent
610 3164 680 3242 β,
723 3168 851 3230 786
880 3184 965 3244 sq.
994 3165 1120 3227 807
1148 3183 1237 3244 sq.
1337 3164 1522 3220 Prae·

438 3258 551 3307 stat
570 3268 809 3307 monere
824 3294 840 3324 ‚
870 3258 935 3309 ut
964 3258 1147 3307 artem
1174 3258 1381 3327 poetae
1410 3248 1522 3306 ob-

438 3345 628 3393 servet
650 3335 832 3394 lector
856 3337 923 3393 iu
946 3336 1283 3393 narrationis
1313 3331 1516 3393 ordine

436 3438 473 3476 a
498 3421 725 3499 vulgari
744 3432 943 3479 tenore
970 3438 1037 3477 ae
1055 3418 1307 3498 pedestri
1318 3438 1518 3477 rerum

434 3504 855 3565 narrandarum
910 3515 1195 3563 structura
1254 3515 1516 3563 avocato.

433 3592 587 3649 Nam
627 3590 951 3651 seeundum
976 3588 1129 3647 hanc
1157 3609 1247 3649 res
1281 3592 1362 3648 sic
1392 3600 1517 3648 erat

434 3675 818 3755 exponenda:
876 3677 1141 3733 Aeneam
1166 3677 1385 3733 interea
1414 3695 1518 3734 ca-

430 3763 558 3819 stris
584 3764 757 3821 motis
802 3760 1019 3840 duplici
1044 3763 1279 3839 agmine
1306 3759 1517 3820 adver-

429 3865 525 3904 sus
554 3848 759 3904 urbem
783 3849 1145 3905 Laurentum
1187 3848 1514 3923 incessisse3

428 3929 683 4010 pedestri
694 3952 800 4012 per
812 3932 987 3991 saltus
998 3934 1313 4006 montium,
1329 3951 1516 4014 eque-

429 4017 530 4076 stri
587 4038 693 4095 per
763 4016 1063 4097 planitiem
1133 4037 1510 4096 camporum3

428 4103 687 4161 nuntiari
729 4102 1064 4163 adventum.
1147 4105 1331 4162 Poeta
1370 4122 1510 4161 vero

430 4189 661 4268 singula
720 4190 959 4269 sing-ulis
1014 4189 1156 4247 loeis
1198 4187 1507 4247 commode

429 4272 675 4336 dicenda
700 4277 965 4337 servavit.
1008 4274 1155 4333 Vide
1182 4274 1287 4333 inf.
1306 4275 1501 4339 v.511

426 4380 557 4443 sqq.
586 4358 732 4427 522.
816 4360 963 4427 452.
1008 4372 1063 4417 et
1102 4368 1371 4421 affectae
1396 4362 1510 4418 sti-

426 4446 609 4507 mulis
651 4448 781 4506 ime
798 4470 817 4505 :
875 4445 948 4506 de
1004 4447 1213 4507 virtute
1266 4446 1505 4523 bellica,-

1605 2992 1926 3072 exasperati
1937 3001 2074 3049 sunt
2087 2991 2286 3050 animi.
2328 3000 2398 3049 ut
2413 2990 2519 3048 inf.
2537 2994 2688 3055 727.

1603 3082 1646 3142 7
1647 3082 1752 3143 28.
1796 3076 2165 3135 Tarchonem
2193 3079 2262 3134 in
2278 3074 2524 3153 praelia
2549 3096 2688 3133 sua·-

1603 3164 1752 3221 citat
1781 3174 1839 3219 et
1885 3161 2150 3221 ειίηηιίἰε
2192 3162 2369 3219 haud
2401 3159 2688 3219 mollibus

1601 3248 1798 3305 iniicit
1843 3250 1990 3306 iras.
2081 3250 2234 3307 Nam
2284 3250 2370 3305 ira
2427 3248 2686 3326 erigitur,

1601 3335 1871 3413 arrigitur
1897 3353 1967 3392 ao
1995 3334 2342 3407 stimulatur,
2371 3329 2434 3391 h.
2463 3352 2518 3391 e.
2547 3352 2686 3393 mo·

1599 3430 1786 3479 vetur.
1871 3421 1952 3477 Et
1977 3418 2260 3479 slimechte
2295 3418 2486 3476 dmm
2503 3460 2523 3487 ,
2581 3420 2684 3498 qui

1601 3503 1748 3563 adeo
1804 3516 2069 3586 penetrat
2099 3548 2117 3580 ,
2187 3504 2404 3563 infixus
2459 3501 2680 3563 haeret.

1581 3590 1802 3670 fremit
1839 3611 2048 3666 arma,
2089 3610 2198 3671 pro
2240 3590 2494 3669 vulgari:
2539 3607 2682 3645 cum

1598 3677 1836 3735 fremitu
1862 3678 2132 3755 postulat.
2217 3676 2400 3753 (Cum
2425 3670 2680 3754 trepida-

1597 3765 1760 3820 tione
1787 3782 1948 3821 arma
1961 3772 2240 3841 poscunt3
2271 3772 2329 3819 at
2357 3760 2502 3821 dum
2515 3780 2679 3819 arma

1597 3847 1792 3905 fremit
1850 3850 2118 3909 iuventus
2137 3892 2154 3923 ‚
2227 3857 2418 3927 patres
2475 3848 2680 3925 inopes

1598 3935 1820 3991 consilii
1859 3934 2002 3993 flent
2053 3944 2447 4013 mussantque.
2545 3935 2678 3990 Non

1598 4029 1684 4077 est
1709 4020 1884 4097 igitur
1910 4020 2178 4093 otiosum,
2197 4030 2264 4077 ut
2285 4019 2512 4096 opinari
2540 4038 2678 4097 pos-

1593 4106 1668 4163 sis
1685 4148 1702 4179 ,
1745 4106 1993 4163 alterum
2022 4101 2474 4164 hemistichium.
2563 4104 2676 4161 Ce-

1593 4200 1784 4248 terum
1819 4190 1954 4265 vid.
1992 4192 2064 4249 V.
2106 4193 2180 4249 1..
2229 4188 2442 4267 Wr.)
2527 4188 2676 4253 454-

1593 4287 1886 4334 mussant.
1963 4295 2092 4355 sup.
2138 4273 2263 4339 845
2320 4274 2431 4333 sed
2482 4273 2678 4333 dicm-

1591 4372 1884 4419 musaant.
1952 4363 2058 4421 Est
2081 4355 2150 4423 τὸ
2191 4354 2518 4440 ἐπιμύζειν.
2551 4377 2674 4422 στε-

1591 4440 1810 4520 νᾶζειν.
