3009 5050
475 470 624 572 2&
1025 410 2159 525 ExcURsUslv

475 654 712 735 antiquo
739 665 1008 707 sermone
1034 640 1325 722 praeclare
1367 634 1432 693 in
1459 630 1575 691 hoc
1600 631 1693 689 usi
1722 637 1915 702 erant,
1956 632 2027 683 ut
2036 620 2285 705 Ἔριδα,
2330 626 2547 706 Κῆρα,
2594 620 2729 688 Φό-

475 742 588 823 βον
603 782 620 813 ,
662 736 726 794 iu
761 734 883 792 acie
914 730 1344 789 constituerent.
1428 716 1679 779 Reddita
1720 714 1869 773 haec
1909 714 2035 792 ipsa
2064 720 2163 769 aut
2190 710 2400 769 similia
2428 712 2730 791 sculptoris

477 836 600 889 arte
623 824 862 881 fuerunt
899 820 963 876 iu
992 814 1220 895 Cypseli
1263 826 1396 867 arca
1435 801 1596 885 apud
1641 800 1993 861 Pausaniam
2006 843 2023 872 ,
2070 814 2223 878 quae
2262 798 2559 877 sigillatim
2587 800 2731 857 olim

478 909 796 971 accuratius
841 924 876 963 a
917 920 1016 961 me
1046 897 1306 979 exposita
1331 902 1499 953 sunt:
1544 889 1817 967 Virgilius
1864 902 2152 963 pugnam
2186 882 2473 941 navalem
2514 884 2731 943 substi-

476 998 590 1059 tuit
629 1004 688 1051 et
735 992 811 1051 ab
857 988 1127 1069 Apolline
1169 983 1410 1041 Actiaco
1449 978 1685 1059 propria
1712 990 1927 1038 ‚renim
1948 980 2296 1049 argumenta
2322 971 2527 1049 petivit
2552 990 2728 1031 verss.

595 1184 600 1191 ’
649 1200 805 1257 Cum
841 1192 906 1253 in
949 1190 1039 1251 his
1075 1187 1382 1266 Virgilium
1429 1182 1525 1241 vel
1566 1174 1879 1239 defendam
1913 1176 2012 1237 vel
2055 1193 2365 1235 excusem:
2428 1186 2514 1237 est
2549 1174 2729 1251 aliud,

479 1282 643 1367 quod
687 1284 760 1341 ab
803 1282 924 1339 aliis
963 1296 1086 1337 nou
1127 1268 1550 1353 reprehensum
1589 1262 1791 1339 video,
1848 1265 1972 1342 ipse
2002 1282 2174 1341 aegre
2200 1262 2344 1321 fero.
2427 1261 2499 1319 In
2526 1282 2731 1319 rerum

479 1372 697 1431 scilicet
739 1366 960 1425 dilectu
977 1404 1002 1435 ,
1050 1378 1193 1443 quas
1223 1360 1301 1437 ‘in
1343 1354 1529 1434 clipeo
1572 1351 1893 1429 exsctssptas
1934 1347 2097 1409 dedit
2112 1392 2129 1423 ,
2186 1358 2411 1407 certum
2444 1346 2729 1407 iudicium

479 1458 584 1517 vix
607 1464 884 1537 sequutus
910 1448 1097 1509 videri
1124 1453 1331 1525 potest.
1419 1437 1651 1499 Omissis
1680 1438 1841 1493 enim
1866 1436 2053 1495 multo
2084 1435 2416 1493 clarioribus
2444 1434 2605 1493 factis
2632 1435 2731 1492 in-

481 1543 669 1603 texuit
709 1536 990 1597 nonnulla
1006 1579 1024 1609 ,
1067 1551 1217 1613 quae
1261 1522 1561 1610 quomodo
1608 1522 1763 1581 inter
1798 1519 2115 1599 insigniora
2152 1522 2555 1579 Romanorum
2578 1520 2733 1578 facta

479 1627 588 1688 vel·
601 1626 720 1684 fata
759 1622 961 1681 resen-i
996 1608 1292 1700 potuerint
1327 1632 1449 1671 non
1477 1626 1781 1690 assequor:
1837 1616 1905 1665 ut
1932 1608 2077 1664 Meti
2102 1605 2337 1665 Fuffeffi
2362 1608 2731 1687 supplicium,

483 1711 641 1794 quod
671 1706 966 1791 quomodo
1014 1700 1344 1762 defendam-
1367 1715 1488 1755 non
1530 1694 1752 1769 habe03
1798 1694 2023 1751 etimnsi
2052 1691 2254 1753 dixero
2270 1737 2287 1766 ‚
2343 1694 2497 1751 Alba
2540 1690 2731 1750 diruta

479 1800 735 1857 Romam
769 1793 1018 1872 insignia
1056 1794 1474 1867 consequutam
1518 1800 1639 1841 esse
1678 1780 2040 1839 incrementa
2054 1822 2072 1854 ‚
2122 1788 2195 1839 et·
2219 1776 2560 1837 foeditatem
2596 1798 2731 1858 spe-

483 1883 692 1942 ctaculi
707 1926 724 1955 ‚
767 1878 844 1937 ad
883 1888 1149 1935 nostrum
1203 1868 1455 1931 sensum‘
1489 1866 1913 1925 intolerabilem
1928 1909 1944 1940 ,
1986 1866 2200 1944 asperis
2249 1875 2309 1922 et
2360 1863 2733 1943 gladiatoriae

483 1988 718 2049 pugnae
745 1964 992 2024 adsuetis
1019 1962 1424 2020 Romanorum
1449 1954 1657 2012 animis
1683 1952 1880 2011 minus
1928 1948 2227 2031 displicere
2252 1952 2527 2030 potuisse.
2611 1952 2732 2009 Re-

483 2054 770 2133 ligionum
817 2050 1085 2108 maiestas
1121 2060 1396 2103 excusare
1435 2040 1587 2099 forte
1628 2048 1819 2119 potest
1848 2038 2141 2097 Saliorum
2178 2034 2431 2115 tripudia
2445 2080 2462 2113 ,
2503 2038 2733 2117 Luper-

485 2155 692 2201 corum
747 2135 1185 2196 discursationes
1203 2174 1220 2205 ,
1272 2138 1674 2187 matronarum
1728 2142 2047 2204 pompam-3
2106 2124 2169 2180 in
2210 2119 2285 2181 iis
2318 2132 2520 2181 tamen
2558 2124 2733 2181 nimis

485 2244 676 2307 proese
713 2234 772 2281 et
815 2230 1058 2299 anguste
1100 2218 1424 2275 Homerum
1474 2212 1797 2271 aemulatus
1854 2229 1976 2269 ense
2023 2207 2280 2282 videtur,
2340 2210 2445 2291 qni
2505 2228 2565 2267 v.
2608 2208 2735 2273 590

437 2338 444 2345 ·
487 2308 734 2370 chorum
765 2306 1184 2386 elegantissime
1229 2300 1553 2359 effinxerat.
1637 2298 1923 2355 Anserem
1956 2296 2301 2354 volitantem
2346 2296 2397 2355 si
2438 2295 2735 2371 omisisset,

488 2398 818 2475 argumenti
846 2391 1132 2451 maiestati
1161 2386 1238 2447 ad
1263 2396 1531 2445 nostrum
1570 2402 1804 2443 sensum
1830 2383 2041 2441 melius
2069 2380 2464 2440 consuluisset.
2546 2382 2739 2438 inter-

485 2476 697 2562 cipitur
721 2498 894 2562 porro
923 2488 1076 2538 totus
1119 2473 1448 2555 argumenti
1491 2470 1745 2530 Romani
1786 2478 1956 2531 tenor
1990 2468 2161 2527 rebus
2206 2467 2404 2529 inferis
2430 2466 2737 2548 interposi-

485 2569 557 2628 tis
571 2613 590 2644 ‚
645 2571 752 2626 etsi
777 2564 948 2626 video
966 2609 983 2639 ‚
1029 2559 1172 2646 quid
1212 2561 1276 2618 in
1303 2557 1394 2618 his
1432 2559 1599 2641 sequi
1622 2557 1877 2638 potuerit
1902 2565 2095 2635 poeta.
2178 2553 2377 2613 Voluit
2402 2553 2551 2612 forte
2580 2553 2739 2610 Catia-

485 2653 642 2713 linae
697 2663 758 2714 et
811 2650 1043 2712 Catonis
1098 2647 1432 2706 meminisse
1447 2688 1464 2720 ,
1532 2659 1785 2725 quorum
1838 2641 2087 2700 alterum
2122 2639 2187 2698 in
2223 2639 2421 2698 inferis
2455 2639 2741 2708 scelerum

487 2759 703 2822 poenas
731 2741 892 2797 luere
921 2755 1028 2816 par
1056 2745 1138 2793 est
1168 2731 1438 2806 credere3
1480 2739 1541 2787 et
1568 2728 1829 2787 oratione
1871 2725 2041 2786 docte
2069 2726 2287 2784 variata
2314 2727 2445 2784 loca
2474 2718 2739 2784 comme-

489 2835 681 2886 morat
695 2870 711 2901 ,
753 2825 815 2883 in
859 2823 1068 2906 quibus
1107 2819 1193 2878 illi
1239 2817 1591 2876 detinentur.
1674 2815 1871 2872 Habet
1894 2813 2149 2892 speciem
2177 2813 2467 2894 aliquam,
2508 2832 2621 2870 nec
2648 2819 2743 2868 ta-

487 2931 628 2974 men
653 2911 910 2970 multum
937 2905 1299 2990 probabilem
1315 2947 1333 2978 ,
1375 2899 1489 2960 hoc
1503 2944 1522 2977 ‚
1564 2909 1633 2958 ut
1660 2897 1833 2974 dicas,
1880 2896 2158 2978 delegisse
2192 2907 2429 2978 poetam
2454 2916 2542 2972 ea,
2588 2916 2742 2978 quo-

485 3019 624 3058 rum
651 2997 755 3055 illo
783 3007 1052 3074 tempore
1079 2991 1248 3068 signa
1275 2989 1492 3068 passim
1538 2987 1762 3065 sculpta
1802 3004 1933 3044 aere
1972 2985 2068 3043 vel
2093 3003 2385 3042 marmore
2411 3002 2591 3062 opera
2616 2985 2743 3041 Ro-

488 3105 627 3146 mae
655 3083 1060 3143 cernebantur.
1143 3077 1233 3134 De
1260 3077 1446 3153 Lupa,
1492 3070 1567 3131 de
1596 3071 1827 3130 Sabinis
1854 3072 2046 3150 raptis,
2076 3069 2151 3130 de
2180 3071 2418 3144 Coclite,
2464 3065 2539 3130 de
2568 3068 2744 3126 Cloe-

489 3173 565 3230 lia·
579 3210 597 3245 ‚
653 3169 874 3226 Manlio
890 3209 906 3238 ,
967 3173 1027 3221 et
1067 3179 1269 3219 ansere
1315 3177 1523 3219 verum
1564 3155 1680 3218 hoc
1724 3177 1845 3216 esse
1885 3156 2036 3214 forte
2076 3166 2285 3236 potest.
2368 3156 2463 3212 Fit
2507 3173 2745 3236 quoque

487 3251 786 3338 probabile
803 3292 823 3326 ,
862 3249 1036 3308 fuisse
1073 3247 1326 3326 Augusti
1365 3255 1602 3324 tropaea
1656 3243 1719 3304 in
1750 3243 2037 3322 Capitolio
2054 3287 2073 3317 ,
2120 3261 2273 3326 quae
2298 3243 2601 3301 Actiacam
2625 3259 2743 3322 pu-

489 3357 674 3421 gnam
693 3337 1054 3405 exhiberent.

659 3475 880 3531 Inserta
925 3479 1009 3530 est
1036 3469 1276 3549 Virgilio
1303 3469 1366 3526 in
1407 3464 1703 3546 anglicum
1744 3483 2079 3524 sermonem
2107 3481 2142 3521 a
2166 3463 2463 3522 Wartono
2504 3459 2746 3542 aliisque

493 3577 768 3621 converso
821 3557 928 3616 sub
983 3557 1163 3615 Tom.
1205 3555 1289 3613 111
1331 3553 1512 3610 finem
1570 3549 1877 3632 disputatio
1932 3551 2164 3630 elegans
2218 3549 2344 3607 Viri
2384 3545 2540 3606 docti
2556 3590 2574 3622 ,
2626 3543 2739 3604 W‘.

501 3642 875 3705 Whitehead
883 3688 898 3716 ,
943 3661 1116 3724 super
1142 3639 1256 3700 hoc
1286 3640 1492 3719 clipe0‚
1534 3639 1598 3695 in
1629 3656 1747 3720 quo
1776 3637 1873 3696 ille
1904 3635 2235 3716 argumenti
2262 3633 2539 3694 dilectum
2564 3642 2624 3690 et
2650 3651 2748 3690 ra·-

493 3731 714 3790 tionem
733 3731 813 3787 ita
840 3738 1034 3788 tuetur
1050 3773 1065 3803 ‚
1109 3737 1175 3786 ut
1203 3726 1444 3786 civitatis
1471 3725 1772 3782 Romanae
1814 3733 2029 3781 statum
2068 3732 2125 3781 et
2168 3719 2566 3780 conditionem
2608 3715 2747 3776 inde

495 3817 567 3876 ab
596 3817 818 3896 origine
845 3833 950 3894 per
976 3814 1231 3896 singulas
1273 3821 1484 3870 aetates
1501 3854 1518 3885 ,
1560 3809 1853 3890 simulque
1895 3827 2196 3868 summum
2223 3824 2406 3888 opum
2433 3805 2749 3884 fastigium,

496 3921 614 3984 quo
653 3901 726 3960 ab
768 3901 1034 3980 Augusto
1077 3899 1175 3957 illa
1225 3896 1476 3956 adducta
1520 3906 1633 3970 est,
1676 3893 1923 3954 describi
1949 3894 2135 3970 dicat3
2184 3893 2405 3952 omissis
2434 3903 2633 3949 tamen
2659 3890 2747 3962 iis,

495 4005 649 4069 quae
695 3989 818 4046 iam
857 3988 993 4046 alibi
1031 3995 1204 4066 poeta
1246 3983 1539 4061 attigerat,
1587 4001 1645 4039 v.
1688 4001 1741 4039 c.
1782 3982 1935 4040 Aen.
1973 3981 2072 4055 VI,
2114 3977 2241 4043 756
2288 3998 2376 4059 sq.
2458 3979 2749 4056 Expressa

494 4073 691 4154 itaque
721 4093 842 4131 esse
871 4071 1028 4130 urbis
1055 4059 1368 4148 primordia
1385 4111 1402 4141 ‚
1447 4075 1637 4146 raptas
1668 4067 1911 4125 Sabinas
1924 4110 1940 4142 ,
1977 4061 2305 4146 foedusque
2332 4064 2557 4123 factum:
2570 4105 2588 4138 ,
2632 4079 2751 4142 quo

496 4155 741 4218 Curibus
767 4158 832 4215 in
861 4158 1068 4215 urbem
1092 4155 1335 4234 receptis
1363 4155 1790 4210 incrementum
1815 4153 1936 4210 iam
1962 4151 2244 4228 insignius
2274 4151 2463 4208 Roma
2494 4147 2746 4227 accepit:

495 4264 640 4304 mox
665 4242 914 4302 foederis
941 4240 1098 4318 rupti
1137 4257 1392 4318 poenam
1418 4239 1564 4296 Meti
1592 4239 1872 4317 supplicio
1900 4237 2215 4296 inflictam:
2258 4235 2591 4294 libertatem
2616 4251 2753 4314 par-

494 4340 621 4388 tam-
657 4329 889 4408 regibus
931 4325 1160 4382 eiectis:
1221 4324 1443 4382 bellum
1484 4323 1775 4384 Gallicum
1826 4334 1883 4380 et
1910 4323 2163 4380 Romam
2206 4331 2569 4400 reparatam3
2610 4317 2749 4376 reli-

495 4415 698 4492 giones
758 4431 864 4490 per
921 4409 1110 4468 Salios
1125 4451 1140 4481 ,
1209 4411 1504 4490 Lupercos
1522 4453 1540 4483 ‚
1602 4421 1663 4468 et
1716 4407 2029 4486 Matronas‘j
2072 4405 2389 4466 declaratas
2402 4423 2423 4464 τ
2494 4403 2757 4485 praemia

497 4508 556 4556 et
597 4515 815 4578 poenas
855 4491 1016 4572 apud
1063 4493 1308 4554 inferos:
1367 4494 1609 4555 tandem
1651 4496 1957 4556 Actiacam
1996 4493 2336 4569 victoriam,
2378 4507 2534 4576 quae
2572 4501 2759 4550 terra-
