3009 5050
519 399 673 476 416
1084 382 2196 466 EXCURSUSI*

1048 657 2022 752 EXGURSUS
2127 657 2240 743 Ι*

398 857 403 864 ’
520 837 895 896 Narrata
960 835 1049 894 de
1103 835 1375 894 Aenea
1432 845 1507 891 et
1558 831 1916 892 Anchise
1953 840 2148 888 ante
2204 827 2398 888 belli
2449 831 2779 888 Troiani

1454 947 1826 1014 tempora.

683 1111 815 1170 Lib.
843 1105 950 1185 IX,
980 1113 1125 1176 263.
1154 1107 1302 1175 264.
1356 1109 1529 1167 Bina
1571 1105 1727 1166 dabo
1767 1117 2015 1186 argento
2034 1105 2314 1187 perfecta
2339 1116 2532 1186 atque
2557 1123 2772 1183 aspera

516 1197 711 1278 etgrnis
752 1195 989 1254 Pocula
1002 1239 1029 1265 ,
1088 1197 1323 1254 devicta
1353 1197 1594 1275 genitor
1639 1213 1796 1272 quae
1833 1195 1988 1270 cepit
2022 1193 2278 1250 Arisba.
2367 1191 2468 1251 Ad
2515 1213 2613 1252 res
2644 1203 2770 1250 ante

516 1281 740 1342 bellum
768 1283 1096 1343 Troianum
1122 1293 1339 1362 gestas,
1384 1279 1648 1360 adeoque
1677 1278 1754 1338 ad
1780 1273 1854 1340 τὰ
1894 1275 2278 1358 προομηρικὰ
2319 1276 2435 1337 hoc
2477 1280 2766 1358 pertinere

512 1369 577 1427 in
618 1371 781 1426 Notis
817 1368 1104 1447 professus
1144 1386 1309 1442 sum3
1366 1385 1507 1425 nam
1525 1411 1540 1440 ,
1586 1362 1746 1446 quod
1786 1366 1848 1424 in
1895 1365 2097 1423 Servio
2129 1385 2206 1422 ex
2234 1365 2480 1423 obscuro
2529 1363 2766 1423 homine

446 1523 451 1531 ι
515 1457 746 1514 Abante
778 1451 841 1514 ἐν
879 1459 1005 1525 τοῖς
1044 1457 1336 1532 Τρωϊκοῖς
1378 1453 1619 1510 allatum
1659 1460 1743 1508 est
1789 1471 1822 1508 e
1865 1449 2074 1509 fabulis
2101 1449 2241 1508 inde
2271 1451 2342 1507 ab
2374 1449 2613 1509 excidio
2641 1469 2765 1507 me·-

513 1541 784 1612 moratis,
833 1548 1006 1617 poeta
1046 1541 1328 1618 respicere
1368 1557 1489 1596 non
1533 1537 1748 1617 potuit:
1805 1537 2020 1616 quippe
2065 1538 2170 1617 qui
2208 1537 2479 1594 Aeneam
2507 1538 2708 1595 statim
2733 1553 2761 1590 a

512 1637 682 1706 capta
710 1623 855 1681 urbe
886 1621 1176 1682 discedere
1202 1625 1364 1682 iussit
1389 1643 1499 1681 nec
1527 1625 1590 1680 in
1617 1621 1854 1680 Troade
1881 1641 2062 1681 novas
2090 1641 2179 1680 res
2215 1623 2429 1680 moliri.

681 1711 905 1768 Verum
948 1729 1143 1766 rerum
1172 1721 1306 1767 ante
1332 1709 1554 1767 bellum
1579 1709 1907 1766 Troianum
1949 1717 2244 1786 gestarum
2276 1709 2522 1766 omnino
2555 1707 2758 1765 obscu-

511 1797 633 1853 rior
674 1805 760 1853 est
800 1797 1116 1869 memoria,
1170 1815 1350 1877 quam
1392 1814 1623 1868 earum,
1682 1813 1832 1875 quae
1875 1795 2084 1860 urbem
2113 1804 2344 1872 captam
2383 1801 2756 1874 exceperunt.

510 1879 671 1940 Nihil
697 1881 846 1938 forte
890 1877 1341 1939 desideraremus
1360 1925 1375 1954 ,
1419 1882 1467 1938 si
1505 1881 1761 1938 Carmen
1803 1879 2094 1956 Cyprium
2121 1890 2477 1959 superesset:
2541 1878 2618 1937 de
2646 1895 2752 1958 quo

516 1964 634 2025 vid.
665 1964 741 2024 ad
767 1967 869 2023 lib.
896 1968 954 2021 Π
980 1967 1126 2028 Exc.
1157 1968 1203 2039 1,
1233 1987 1291 2045 p.
1324 1969 1469 2030 309.
1555 1967 1760 2045 Neque
1788 1967 1964 2044 igitur
1991 1964 2229 2043 indigne
2256 1965 2551 2040 feremus,
2595 1966 2643 2024 si
2688 1961 2754 2020 de

510 2062 678 2131 capta
708 2051 779 2108 ab
807 2048 1063 2109 Anchise
1090 2052 1297 2109 Arisba
1320 2049 1467 2108 nihil
1496 2048 1732 2109 aliunde
1758 2051 2039 2126 innotuit3
2069 2049 2215 2108 adeo
2243 2061 2312 2109 ut
2339 2049 2596 2110 dubitari
2613 2067 2751 2130 quo-

510 2157 627 2218 que
654 2137 865 2216 possit,
909 2137 1055 2194 sitne
1082 2136 1329 2196 Troadis
1358 2155 1435 2194 an
1460 2137 1634 2196 Lesbi
1661 2136 1798 2194 urbs
1825 2135 1940 2196 hoc
1969 2137 2098 2195 loco
2127 2136 2530 2215 intelligenda.
2587 2137 2751 2194 Misso

506 2223 708 2281 tamen
748 2220 863 2291 hoc
880 2266 895 2296 ,
940 2221 1416 2305 quandoquidem
1454 2223 1638 2282 semel
1676 2225 1740 2279 in
1781 2219 1935 2280 hanc
1985 2224 2388 2302 quaestionem
2425 2221 2746 2286 incidimus,

507 2327 619 2388 age
659 2305 961 2366 videamus
1014 2309 1123 2366 alia
1142 2353 1160 2384 ,
1220 2329 1371 2392 quae
1414 2306 1489 2367 de
1529 2311 1732 2367 Aenea
1771 2319 1828 2366 et
1867 2306 2122 2366 Anchise
2167 2299 2300 2366 ante
2345 2309 2486 2366 belli
2515 2304 2749 2368 'I'miani

508 2404 804 2474 tempora,
837 2413 986 2473 quae
1014 2397 1303 2471 Homerus
1330 2396 1533 2474 attigit,
1561 2405 1790 2452 narrata
1818 2393 1965 2454 forte
1992 2397 2228 2474 reperiri
2257 2407 2532 2474 possunt:
2567 2393 2748 2453 absol-

504 2477 708 2539 vemus
734 2481 815 2538 sic
845 2497 1084 2541 omnem
1111 2501 1308 2541 rerum
1333 2483 1570 2540 Aeneae
1598 2481 1943 2539 memoriam
1983 2481 2045 2537 in
2085 2478 2176 2539 his
2219 2481 2578 2541 Excursibus
2621 2497 2746 2561 pas-

504 2568 617 2625 sim
646 2566 983 2645 expositam.

675 2652 753 2709 Ut
778 2654 955 2731 igitur
983 2653 1249 2713 omittam
1277 2654 1373 2713 illa
1390 2700 1407 2731 ,
1446 2674 1598 2737 quae
1627 2652 1701 2713 de
1727 2650 2014 2713 Anchisae
2055 2654 2228 2733 stirpe
2258 2672 2292 2711 a
2325 2652 2604 2712 Dardano
2649 2668 2743 2730 per

504 2738 746 2813 Troem,
775 2739 1139 2815 Assaracum,
1186 2742 1389 2823 Capyn
1420 2740 1593 2799 ducta
1622 2739 1780 2817 (vid.
1809 2742 1957 2799 Exc.
1985 2740 2064 2797 VI
2093 2738 2168 2797 ad
2194 2740 2295 2798 lib.
2323 2742 2473 2817 111),
2519 2753 2650 2798 tum
2678 2732 2743 2792 de

385 2817 400 2840 ⁸
501 2824 738 2882 Aeneae
776 2827 1062 2885 natalibus
1103 2847 1178 2885 ex
1214 2824 1455 2889 Veneris
1500 2837 1558 2885 et
1601 2824 1888 2884 Anchisae
1918 2845 2226 2904 congressu
2253 2826 2385 2885 satis
2412 2837 2558 2885 nota
2585 2830 2738 2881 sunt:

500 2907 620 2969 vid.
663 2907 827 2969 Iliad.
868 2934 909 2971 υ
927 2959 943 2986 ,
974 2911 1099 2975 214
1129 2932 1214 2993 sq.
1234 2956 1251 2986 ,
1292 2913 1490 2994 ibique
1534 2910 1732 2971 Schol.
1765 2932 1839 2969 ex
1865 2913 2135 2970 Acusilao
2155 2956 2171 2985 ,
2215 2912 2434 2991 Hymn.
2463 2914 2529 2970 in
2555 2910 2740 2969 Vene-

498 3014 655 3071 rem,
698 3006 757 3055 et
784 2998 938 3054 conf.
968 2996 1239 3075 Apollod.
1266 3000 1365 3071 111,
1403 3002 1515 3071 12,
1547 3003 1587 3062 2
1630 3017 1766 3056 cum
1803 2999 1998 3099 N‘ssfis’
2044 3008 2102 3055 et
2147 2995 2553 3061 Meziriac..ad
2583 2989 2736 3055 Ovid.

498 3081 737 3140 Heroid.
767 3084 836 3139 P.
865 3082 939 3155 11,
968 3103 1029 3160 p.
1065 3082 1217 3157 1423
1274 3084 1746 3141 commemorabo
1789 3084 2038 3164 rehqua,
2081 3086 2294 3163 partim
2317 3086 2515 3143 minus
2559 3081 2735 3149 obvia,

494 3169 711 3245 partim
738 3165 813 3224 ad
839 3166 1223 3246 Virgiliamun
1254 3188 1486 3229 carmen
1517 3170 1752 3249 propius
1780 3170 2111 3247 spectantia.

667 3252 930 3311 Aeneam
987 3254 1314 3310 Dw'anum
1358 3254 1710 3334 appellatum
1727 3300 1743 3329 ,
1801 3256 2017 3313 Troiae
2061 3273 2294 3337 quoque
2323 3254 2570 3312 domum
2601 3247 2734 3309 An„-

498 3335 701 3393 chisae
738 3338 1045 3395 incoluisse
1084 3340 1186 3397 lib.
1230 3342 1306 3415 11,
1343 3342 1472 3404 299
1521 3339 1866 3399 audivimus.
1949 3342 2040 3399 Eo
2080 3352 2281 3398 tamen
2321 3361 2444 3400 non
2485 3341 2598 3398 nisi
2635 3334 2733 3394 sub

496 3422 635 3479 beni
661 3424 906 3481 Troiani
932 3433 1163 3503 tempus
1206 3424 1501 3485 devenisse
1528 3425 1818 3506 putandus
1848 3436 1962 3485 est:
2012 3424 2386 3485 Dardanum
2411 3427 2618 3485 urbem
2643 3420 2733 3478 ille

496 3508 729 3565 tenebat
771 3504 930 3567 haud
970 3509 1146 3589 longe
1192 3513 1264 3569 ab
1293 3514 1398 3569 Ilio
1428 3510 1718 3585 dissitam3
1759 3510 2081 3571 Dardanios
2111 3531 2346 3595 quoque
2389 3510 2730 3576 adduxeram

493 3590 659 3650 Iliad.
691 3594 750 3672 β,
782 3596 927 3659 819.
956 3595 1032 3653 cf.
1060 3616 1187 3675 sup.
1216 3598 1364 3655 Exc.
1392 3598 1560 3655 XVII
1587 3595 1662 3656 ad
1687 3599 1791 3656 lib.
1817 3601 1893 3656 Π.
2122 3609 2138 3625 “

662 3680 889 3735 Natales
916 3690 1115 3738 tamen
1145 3684 1267 3741 eius
1297 3681 1372 3742 ad
1399 3693 1668 3743 montem
1692 3683 1861 3742 Idam
1876 3728 1892 3759 ,
1938 3686 2040 3766 qui
2074 3684 2416 3741 imminebat
2443 3684 2600 3755 urbi,
2641 3696 2730 3735 re·

412 3763 423 3772 “
460 3762 783 3838 ,.1“ει·ιιῑιῒιιι’;
830 3767 1044 3845 quippe
1072 3766 1351 3827 Anchises
1381 3787 1415 3826 a
1444 3770 1669 3827 Venere
1694 3772 1759 3827 in
1784 3780 1985 3828 monte
2011 3768 2148 3843 Ida,
2177 3788 2316 3827 cum
2345 3762 2729 3843 armenta'pfl·

489 3859 693 3923 sceret,
738 3860 962 3909 amatus
994 3863 1106 3912 est:
1150 3863 1219 3911 ut
1243 3855 1338 3911 vel
1368 3874 1445 3912 ex
1470 3852 1636 3913 Iliad.
1668 3857 1726 3935 β,
1753 3859 1871 3921 821
1905 3857 2271 3914 memineris:
2317 3865 2375 3913 et
2399 3875 2476 3913 ex
2503 3844 2725 3912 Hesiod-

494 3934 567 3995 Θ.
616 3937 1089 4011 1007-1009,
1132 3938 1435 4019 multoque
1475 3942 1664 4019 magis
1707 3960 1784 3999 ex
1813 3943 2050 4021 Hymno
2079 3943 2425 4000 Homerico:
2469 3942 2581 3999 nisi
2606 3952 2726 3994 car-

488 4019 665 4077 minis
692 4022 883 4097 potius
912 4025 1061 4102 epici
1086 4024 1481 4102 fragmentum
1506 4024 1655 4084 illud
1681 4038 1784 4102 est,
1827 4047 1898 4085 ea
1923 4037 2106 4106 parte,
2138 4045 2253 4107 qua
2283 4025 2502 4096 deficit,
2530 4017 2722 4105 hymni

489 4105 747 4163 clausula
789 4109 1121 4186 suppletum
1165 4105 1256 4189 ἢ).
1340 4109 1523 4169 Addit
1569 4113 1732 4170 Maro
1749 4156 1766 4188 ,
1813 4112 1890 4171 ad
1931 4113 2296 4172 Simoentem
2322 4114 2586 4191 genitum
2613 4120 2722 4165 esse

626 4294 671 4361 ³)
691 4295 867 4349 Docte
898 4295 965 4347 de
992 4310 1059 4347 eo
1084 4311 1151 4347 nu
1192 4312 1252 4347 er
1274 4295 1410 4363 egit,
1446 4294 1662 4363 eiusque
1683 4314 1798 4348 cum
1824 4304 2182 4365 argumentum
2211 4296 2488 4349 constituit
2513 4304 2620 4346 tum
2642 4286 2720 4339 fa·

486 4362 663 4417 bulam
687 4364 968 4417 illustravit
998 4314 1279 4417 Grodgeck
1306 4375 1485 4417 noster
1503 4365 1560 4417 in
1587 4366 1928 4417 commentat.
1958 4367 2026 4417 de
2051 4366 2206 4418 Hom.
2234 4366 2422 4434 Hyan.
2449 4364 2550 4416 rel.
2569 4382 2622 4445 p.
2643 4356 2718 4411 4⁰·

485 4434 547 4485 In
574 4434 779 4487 diversa
806 4434 950 4500 abit,
987 4445 1045 4488 ut
1074 4435 1241 4500 solet,
1276 4434 1425 4504 llgen
1453 4433 1536 4487 vir
1554 4434 1782 4500 doctm3
1819 4452 1974 4505 qu·-
2001 4433 2192 4487 iterum
2222 4436 2476 4487 deserunt
2501 4432 2606 4486 alin.
