3009 5050
457 481 462 485 ,
513 412 660 483 218
977 405 1060 481 P.
1114 373 1652 481 VIRGiLII
1716 398 2276 480 MARoMs

505 586 1018 688 Exquiritque
1061 588 1437 691 auditque
1493 590 1751 666 virum
1791 600 2320 664 monumenta
2362 586 2745 687 priorum.

509 693 720 764 Tum
749 706 886 767 r'ex
913 693 1362 785 Euandru5‚
1413 696 1824 771 Romanae
1858 691 2227 769 conditor
2254 698 2486 769 arcis:

503 794 720 869 Haec
773 818 1105 873 nemora
1171 796 1592 895 indigenae
1658 797 1961 974 {again
1979 793 2555 896 Nymphaeque
2621 807 2744 869 te-

507 1001 887 1101 Gensque
921 1000 1180 1079 virum
1209 1005 1509 1081 truncis
1541 1014 1619 1080 et
1646 922 1848 1079 ddro
1880 960 2177 1078 ro’bore
2206 1012 2419 1077 nata:
2588 1009 2738 1079 315

505 1102 698 1198 Quis
732 1128 1002 1207 neque
1039 1130 1222 1184 mos
1281 1132 1553 1211 neque
1606 1105 1861 1183 cultus
1918 1119 2132 1198 erat3
2204 1128 2354 1179 nec
2411 1104 2740 1201 iungere

1642 1222 1931 1303 tauros,

500 1314 659 1386 Aut
687 1334 1149 1413 conponere
1183 1336 1378 1413 opes
1401 1324 1725 1409 norant,
1780 1326 1914 1388 aut
1940 1334 2267 1412 parcere
2295 1321 2555 1412 parto:

504 1413 668 1489 Sed
693 1416 891 1489 rami
926 1428 1163 1516 atque
1195 1440 1424 1516 asper
1449 1418 1661 1493 victu
1688 1429 2016 1492 venatus
2048 1414 2326 1493 alebat.

635 1618 740 1673 312
772 1638 876 1690 que
907 1623 1060 1674 abest
1091 1630 1217 1691 post
1249 1642 1315 1675 ex
1351 1624 1485 1675 uir-it
1514 1622 1570 1675 in
1592 1624 1709 1677 Ald.
1739 1642 1823 1693 pr.
1891 1625 2233 1692 animumque
2258 1622 2439 1673 virum
2462 1618 2628 1673 Goth.
2656 1636 2737 1688 pr.

497 1685 600 1740 315
635 1700 690 1738 et
725 1702 888 1771 rupto
923 1690 1116 1743 robore
1151 1701 1275 1743 tert.

1358 1694 1555 1745 ottend.
1608 1696 1681 1761 (et
1714 1698 1857 1747 Serv.
1892 1693 2078 1745 Dresd.
2150 1688 2440 1743 Admodum
2474 1704 2739 1740 memora-

496 1753 660 1806 bilem
689 1756 968 1811 lechonem
1002 1763 1128 1812 nati
1156 1777 1256 1829 pro
1291 1774 1430 1813 nata
1463 1763 1767 1831 suppeditat
1799 1764 1937 1815 idem
1972 1766 2115 1813 Serv.
2152 1760 2366 1820 Dresd.;
2418 1758 2601 1811 eadem
2636 1766 2736 1826 ge-

496 1823 636 1875 neris
671 1842 732 1877 ac
783 1828 984 1879 numeri
1021 1830 1222 1898 synesis
1272 1840 1441 1882 exstat
1489 1835 1577 1896 Vl,
1613 1834 1765 1886 660ae
1810 1832 1945 1897 „Hic
1988 1848 2220 1883 manus
2270 1829 2338 1879 ob
2373 1827 2596 1897 patriam
2632 1844 2737 1893 pu-

495 1892 703 1960 gnando
737 1895 950 1949 vulnera
985 1899 1239 1965 pani.“
1303 1900 1438 1951 adde
1471 1902 1561 1959 vl,
1598 1902 1721 1955 580.
1760 1920 1836 1971 sq.
1906 1902 2013 1955 Sed
2045 1899 2285 1953 cohibuit
2324 1915 2408 1949 me
2443 1908 2736 1949 ceterorum

495 1962 732 2015 codicum
767 1968 1060 2019 reverentia
1093 1986 1126 2020 a
1161 1969 1490 2037 corrigendo.
1528 1972 1673 2037 Wr.)
1756 1971 1860 2025 316
1890 1988 2069 2039 neque
2098 1972 2329 2041 iungere
2360 1968 2563 2035 aliquot
2600 1966 2733 2019 pier.

495 2031 598 2087 317
629 2034 784 2085 haud
816 2036 984 2088 Burm.
1055 2056 1154 2089 nec
1185 2042 1329 2091 Serv.
1381 2038 1449 2090 ad
1483 2043 1611 2092 Aen.
1646 2042 1686 2106 Ι,
1734 2040 1853 2095 374.
1924 2052 1979 2091 et
2002 2056 2235 2120 parcere
2284 2036 2418 2088 alter
2452 2036 2734 2103 Hamburg.

485 2104 674 2171 parcis
704 2104 850 2156 Leid.
920 2119 1082 2177 rapto
1096 2107 1306 2172 Medic„
1342 2109 1438 2159 sed
1471 2107 1526 2159 in
1564 2108 1737 2161 litura.
1776 2108 1942 2177 (nulla
1973 2108 2177 2159 videtur
2212 2124 2327 2158 esse
2361 2106 2548 2159 litura:
2580 2114 2736 2156 terna

493 2182 713 2236 puncta,
761 2191 894 2241 quae
941 2174 996 2225 in
1033 2193 1096 2227 eo
1132 2176 1250 2229 cod.
1294 2195 1452 2247 supra
1500 2177 1683 2231 literas
1716 2184 1773 2229 R
1808 2187 1863 2229 et
1896 2180 1949 2229 P
1976 2186 2266 2245 apparent,
2317 2174 2735 2242 transponendus

490 2256 610 2359 ἕως
657 2242 954 2311 siguificare
1001 2245 1263 2298 videntur.
1333 2249 1481 2315 Wr.)

545 2326 672 2363 eins.

1580 2259 1828 2319 gnorunt
1870 2246 2087 2299 Mentel.
2139 2264 2221 2315 pr.
2305 2240 2614 2313 ἀρχαϊκῶς,
2658 2244 2735 2295 ait

823 2313 928 2367 318
966 2316 1146 2366 victus
1183 2329 1419 2369 venatus
1459 2318 1745 2378 Montalb.;
1806 2334 1905 2383 per
1945 2315 2359 2385 appositionem,
2424 2314 2500 2366 nit
2554 2312 2730 2365 Heius.

492 2378 674 2448 (idque
707 2383 942 2449 praefert
973 2384 1185 2438 Wakef.
1220 2387 1289 2439 ad
1320 2387 1473 2440 Lucr.
1507 2390 1601 2453 IV,
1635 2387 1755 2443 634.
1796 2386 1941 2456 Wr.)
1985 2403 2149 2457 asper
2172 2385 2327 2437 cultu
2350 2384 2563 2437 Oudart.
2611 2383 2732 2445 ale?

489 2446 626 2503 bant
656 2453 790 2507 Ven.
826 2462 882 2504 ct
915 2453 1132 2507 nou-vill.

574 2629 700 2695 314
727 2651 856 2713 sqq.
897 2633 1182 2712 Egregius
1213 2634 1406 2707 locus,
1449 2651 1568 2714 quo

487 2718 757 2798 antiquus
783 2719 984 2778 Italiae
1012 2729 1190 2778 status
1213 2718 1569 2778 describitur.

487 2823 547 2861 v.
573 2805 818 2864 Excurs.
861 2807 916 2863 11
955 2803 1029 2864 ad
1067 2803 1130 2863 h.
1173 2805 1274 2864 lib.
1329 2805 1569 2884 indige-

486 2909 604 2948 nae
659 2891 867 2948 Fauni
927 2890 1370 2970 Nymphaeque
1445 2911 1568 2948 non

485 2975 664 3034 modo
721 2970 995 3056 ἐγχώριοι
1023 3019 1042 3051 ,
1109 2975 1212 3034 sed
1267 2987 1326 3032 et
1382 2968 1565 3036 αὐτό-

484 3066 736 3140 χθονες,
779 3055 1155 3139 αὐθιγενεῖς,
1201 3060 1416 3116 scilicet
1455 3056 1564 3114 de-

480 3147 784 3222 signantur
827 3146 1000 3202 Genii
1037 3145 1321 3201 locorum.
1407 3143 1563 3200 Sua-

479 3230 629 3286 viter
673 3240 870 3286 autem
923 3238 1096 3307 poeta
1151 3229 1359 3287 extulit
1406 3224 1560 3286 hoc:

478 3315 638 3372 Loca
666 3315 817 3372 circa
845 3315 1110 3372 Tiberim
1135 3315 1277 3373 olim
1313 3315 1566 3373 vastities

481 3399 777 3482 obtinebat
803 3401 1108 3474 silvarum,
1151 3421 1258 3481 per
1285 3421 1428 3481 quas
1455 3401 1565 3458 feri

479 3482 744 3543 homines
789 3486 1148 3566 palabantur.
1235 3487 1465 3542 truncis
1505 3496 1566 3542 et

477 3569 630 3628 duro
655 3569 862 3629 robore
901 3583 1051 3629 nata
1077 3590 1184 3652 pro
1212 3575 1430 3631 truncis
1457 3591 1562 3630 ro-

475 3656 706 3716 borum.
791 3661 970 3734 Nata‚
1031 3669 1099 3716 ut
1137 3659 1433 3737 probabile
1473 3657 1557 3732 fit,

475 3743 756 3824 loquendi
803 3756 862 3802 et
911 3744 1174 3824 fingendi
1230 3745 1420 3804 forma
1481 3764 1560 3802 ex

473 3847 640 3890 nore
683 3833 998 3910 agrestium
1039 3831 1348 3890 homiuum
1389 3843 1561 3890 trun-

475 3933 572 3996 cos
603 3917 873 3976 arborum
899 3915 1282 3978 inhabitandi.
1307 3939 1369 3976 v.
1391 3918 1559 3976 Serv.

467 4002 548 4062 ‘of-
580 4003 730 4061 Stat.
759 4005 840 4062 IV
870 4001 1063 4062 Theb.
1109 4007 1192 4069 27
1195 4007 1236 4068 6
1273 4021 1408 4084 sqq.
1454 4003 1561 4062 etsi

471 4107 595 4147 non
623 4089 770 4148 adeo
797 4091 1034 4148 subtiles
1059 4093 1124 4148 in
1151 4088 1239 4147 his
1279 4088 1563 4170 loquendi

471 4175 672 4234 formis
697 4176 860 4234 fuere
887 4179 1060 4256 prisci
1088 4175 1386 4249 homines3
1413 4195 1557 4234 nam

472 4263 650 4320 etiam
705 4283 739 4319 e
785 4266 938 4322 saxis
987 4271 1156 4324 natos
1207 4261 1440 4336 dixere3
1495 4271 1557 4320 et

467 4349 621 4410 inu-a
646 4368 864 4428 paucos
893 4367 1110 4409 versus.
1131 4347 1288 4430 apud
1315 4344 1553 4407 Hesiod.

471 4433 542 4492 Ο.
587 4445 646 4496 et
685 4437 759 4494 D.
809 4435 932 4502 143
962 4455 1050 4518 sq.
1095 4446 1179 4494 est
1217 4431 1392 4517 γένος
1438 4427 1554 4497 ἆν-

1653 2627 1929 2715 θρόπων
1981 2625 2289 2714 χάλκειον,
2364 2629 2433 2694 ἐκ
2498 2631 2729 2708 μελιᾶν,

1652 2713 2001 2800 ἀδάμαντος
2022 2717 2160 2798 ἔχον
2180 2711 2407 2796 θυμόν.
2472 2717 2553 2772 At
2580 2733 2731 2796 quae

1650 2825 1795 2864 mox
1819 2809 2029 2865 iterum
2060 2823 2135 2861 ex
2162 2822 2293 2860 aere
2313 2809 2728 2874 memorantur,

1647 2910 1760 2950 vss.
1796 2891 1935 2955 150.
1988 2889 2127 2960 151,
2170 2888 2243 2943 ab
2286 2886 2731 2963 interpolatione

1646 2975 1905 3053 profecta
1923 2993 2042 3032 esse
2060 2970 2347 3028 videntur.
2406 2973 2553 3032 316.
2572 2987 2728 3040 mos,

1646 3069 1870 3118 certum
1890 3060 2040 3116 vitae
2060 3058 2401 3129 institutum,
2423 3054 2523 3110 lex
2544 3073 2729 3134 quae-

1648 3141 1787 3201 dam
1813 3141 2081 3214 vivendi3
2122 3134 2373 3220 τεθμὸς·
2433 3141 2727 3219 praeclare

1649 3239 1847 3286 autem
1872 3229 2069 3285 mitior
2102 3227 2257 3284 vitae
2300 3228 2488 3284 cultus
2530 3224 2727 3286 decla-

1650 3324 1809 3373 ratur
1862 3312 1986 3372 his:
2064 3331 2410 3390 componere
2462 3332 2602 3389 opes
2670 3324 2728 3370 et

1635 3420 1891 3480 parcere
1935 3408 2120 3477 parto
2136 3441 2163 3469 ,
2236 3395 2303 3462 τὸ
2372 3397 2723 3479 συγκομίζε-

1647 3493 1799 3550 σθαι
1854 3486 1959 3550 καὶ
2026 3477 2459 3566 ταμιεύεσθαι,
2516 3487 2723 3566 quibus

1643 3575 1795 3633 feros
1846 3571 2113 3632 homines
2173 3572 2523 3631 assuefacere
2570 3569 2724 3628 diffi-

1644 3663 1927 3720 cillimum
1958 3669 2063 3718 est.
2138 3657 2453 3717 Conferant
2481 3659 2723 3715 erectio-

1640 3751 1718 3806 ris
1782 3743 1994 3806 indolis
2058 3747 2295 3804 iuvenes
2349 3745 2723 3802 Lucretianos

1640 3852 1839 3893 versus
1866 3834 1967 3892 lib.
1997 3833 2069 3906 V,
2110 3831 2231 3896 951
2264 3849 2392 3912 sqq.
2430 3832 2493 3888 in
2537 3831 2722 3910 iisque

1644 3921 1791 3986 956.
1850 3923 1997 3984 318.
2026 3919 2188 3974 rami
2211 3915 2273 3974 h.
2301 3917 2521 3974 fructus
2550 3916 2721 3973 arbo-

1642 4027 1797 4065 rum.
1879 4007 2063 4063 Porro
2102 4005 2268 4082 iung.
2310 4021 2489 4078 asper
2530 4004 2719 4072 victu,

1640 4111 1767 4152 non
1794 4089 2003 4150 alebat
2038 4093 2221 4148 νίοιιι.
2312 4090 2419 4146 Est
2457 4097 2719 4160 venatus,

1640 4181 1745 4262 qui
1775 4195 2043 4258 asperum
2086 4177 2307 4234 victum
2348 4175 2615 4253 praebet,
2658 4171 2719 4232 h.

1640 4283 1763 4323 non
1805 4265 1917 4322 nisi
1960 4262 2159 4322 labore
2202 4270 2259 4319 et
2306 4260 2573 4318 molestia
2612 4278 2721 4338 pa-

1636 4349 1906 4412 randum.

1724 4439 1869 4500 319.
1913 4432 2203 4514 Antiquus
2237 4429 2474 4519 mythus
2504 4430 2577 4489 de
2604 4431 2720 4490 Sa·-
