3009 5050
493 397 598 472 96

495 583 680 656 Non
713 572 900 672 fuit,
955 584 1284 673 excepto
1314 569 1725 648 Laurentis
1756 593 1850 644 co
1954 591 2097 643 ore
2133 567 2401 646 Turni.

495 685 831 770 LauSUS‚
887 701 930 754 e
992 701 1188 752 uum
1225 674 1619 771 domitor,

983 391 1066 464 P.
1118 384 1647 464 VIRGILII
1694 381 2249 466 MARONIS

1686 671 1897 748 debe
1932 671 2293 770 latorque
2362 577 2747 766 serargssg

498 779 734 860 Ducit
757 778 946 877 Agyl
983 783 1108 856 ina
1131 777 1679 880 nequidquam
1714 801 1809 852 ex
1833 773 2037 850 urbe
2064 786 2380 850 secutos

497 883 716 964 Mille
751 884 996 977 viros3
1044 883 1360 980 dignm,
1411 880 1680 982 patriis
1712 879 1849 980 qui
1876 875 2161 954 laetior
2190 889 2396 952 esset
2428 919 2435 926 ·

501 985 864 1086 Imperiis
883 1047 904 1080 ‚
952 1000 1034 1061 et
1059 988 1184 1062 cui
1206 997 1428 1085 pater
1455 981 1674 1060 haud
1698 981 2141 1058 Mezentius
2172 993 2394 1058 esset.

605 1095 796 1166 Post
877 1087 1028 1164 hos
1100 1089 1490 1186 insignem
1558 1085 1825 1188 palma
1898 1107 2049 1186 per
2120 1083 2472 1182 gramina
2566 1105 2747 1158 cur-

1656 1212 1841 1264 rum

2591 1195 2747 1264 655

641 1347 743 1402 652
771 1349 864 1400 Est
883 1341 1128 1416 Ἄγυλλα.
1196 1345 1456 1418 Agellina
1489 1342 1745 1397 nonnulli.
1797 1341 2039 1412 Agelina
2070 1343 2255 1393 Franc.
2292 1351 2349 1391 et
2382 1339 2601 1394 non-vill.
2632 1358 2752 1392 cum

507 1417 668 1470 Goth.
719 1417 812 1470 alt.
887 1419 1154 1488 Agallina
1200 1417 1473 1468 Maronem
1517 1414 1727 1466 dedisse
1778 1409 2059 1464 arbitratur
2106 1410 2368 1462 Heinsius.

929 1503 1027 1556 pro
1063 1503 1172 1538 var.
1204 1485 1331 1536 lect.
1363 1502 1427 1534 ex
1461 1483 1946 1554 interpretmnento.

505 1505 611 1540 sec.
646 1488 894 1538 Rottend.

506 1555 608 1610 654
644 1557 741 1607 sed
775 1557 868 1608 cui
897 1555 1047 1606 Leid.

2506 1409 2611 1464 663
2644 1429 2754 1480 quo

2014 1483 2194 1552 patris
2229 1479 2449 1533 Dorvill.
2494 1497 2525 1532 a
2556 1497 2626 1530 m.
2667 1497 2751 1550 pr.

1185 1553 1286 1608 655
1319 1555 1589 1624 insignem
1610 1552 1775 1622 sama
1808 1551 2040 1603 Macrob.
2074 1554 2187 1602 Sat.
2226 1551 2293 1614 V,
2330 1547 2413 1612 15,
2460 1565 2565 1600 non
2600 1547 2755 1600 inno-

507 1624 642 1676 lenti
673 1625 947 1678 varietate.
1007 1643 1119 1695 per
1151 1642 1242 1694 gr.
1277 1623 1476 1674 circum
1512 1625 1719 1690 Menug.
1766 1636 1847 1689 pr.
1910 1638 2017 1690 per
2052 1620 2275 1689 agmina
2307 1620 2467 1671 Witt.
2500 1635 2533 1670 n
2565 1635 2633 1670 m.
2668 1635 2753 1688 pr.

510 1767 752 1822 Homer.
804 1765 1065 1824 conversi
1119 1761 1286 1822 Iliad.
1341 1763 1400 1843 β,
1461 1761 1589 1828 485

508 1869 632 1993 ἓξὲξ
663 1849 1152 2000 ῶῗὲἕωιῗνᾛ
1169 1851 1298 1993 ‘¹22³’
1341 1849 1591 1992 most-‘131‘

509 2021 624 2080 xv
649 2022 790 2078 Met.
813 1977 955 2084 6⁰22.
981 1981 1124 2084 ἐπε».
1153 1954 1358 2092 augg
1369 1976 1590 2099 samaj

513 2117 572 2164 et
601 2104 826 2164 doctius
837 2105 1060 2182 famae
1089 2125 1266 2162 aura.

597 2190 722 2255 647
737 2224 824 2236 —-
839 2191 987 2254 654.
1033 2189 1201 2260 Quod
1237 2190 1593 2248 Mezentium

510 2277 760 2355 Agyllae
797 2277 1203 2333 Lucumonem
1229 2279 1380 2334 inter
1407 2276 1593 2333 socios

511 2363 856 2420 Latinorum
882 2371 1169 2419 memorat
1185 2405 1202 2435 ‚
1247 2363 1318 2418 ab
1354 2363 1591 2440 antiqua

511 2447 672 2505 sama
712 2457 1009 2504 mutuatus
1053 2457 1158 2504 est.
1225 2464 1284 2505 v.
1323 2447 1472 2504 Exc.
1518 2443 1593 2504 ad

513 2534 616 2593 lib.
631 2534 777 2606 vm,
807 2536 954 2597 478.
1025 2531 1340 2611 {lym-henin
1366 2531 1450 2591 ab
1477 2534 1597 2589 orie

516 2620 858 2677 Mezentius
881 2659 904 2688 ,
961 2616 1239 2677 oriundus
1297 2638 1374 2675 ex
1415 2620 1597 2675 Etru-

514 2708 618 2763 ria.
703 2704 908 2761 Pulsus
939 2704 1096 2761 enim
1123 2704 1304 2761 Caere
1345 2724 1438 2783 ap.
1469 2706 1595 2760 Ru-

513 2790 666 2848 tulos
693 2800 834 2847 tunc
861 2790 1086 2867 agebat.
1127 2788 1247 2849 vid.
1291 2788 1397 2848 inf.
1440 2790 1593 2863 Vm,

517 2874 662 2941 492.
704 2874 852 2940 493.
909 2885 1230 2933 contemtor
1269 2872 1478 2933 ᾱίνιῖηι
1521 2894 1598 2932 ex

487 2962 671 3035 'fama
714 2964 980 3041 antiqua:
1040 2980 1220 3041 quam
1258 2980 1293 3017 e
1337 2962 1595 3019 Meci-ob.

514 3048 616 3119 111,
649 3046 709 3109 5.
753 3066 812 3103 v.
841 3046 945 3102 inf.
973 3048 1219 3103 Excurs.
1241 3047 1326 3101 111
1351 3044 1426 3102 ad
1443 3046 1595 3102 vm.

514 3130 765 3189 Lamus
780 3170 802 3197 ‚
847 3150 962 3207 quo
979 3130 1258 3207 pulcrior
1295 3150 1358 3187 α.
1449 3131 1597 3187 Imi-

515 3216 797 3272 tationem
851 3216 1146 3274 Homerici
1201 3216 1360 3273 Nirei
1424 3216 1598 3273 multi

515 3309 791 3357 notanmt
847 3298 1010 3356 Iliad.
1057 3302 1120 3379 β,
1175 3304 1323 3366 673.
1365 3301 1490 3366 674
1540 3310 1599 3358 et

519 3385 770 3442 similem
811 3385 1008 3441 locum
1069 3383 1144 3443 de
1181 3388 1438 3465 Euryalo
1485 3385 1597 3445 Od.

517 3475 587 3545 θ,
621 3472 764 3533 116.
797 3473 918 3533 117
952 3480 1010 3527 et
1037 3468 1112 3527 de
1137 3470 1430 3545 Aloidisz,
1451 3476 1601 3535 809.

519 3574 760 3632 corpore
804 3556 996 3611 Tarni
1031 3574 1138 3634 pro
1183 3556 1382 3612 Ἰὶινηο
1391 3598 1417 3625 ,
1459 3566 1601 3613 nota

520 3660 596 3697 ex
625 3642 855 3699 Graecis
885 3641 1091 3698 forma.
1135 3641 1290 3698 conf.
1331 3660 1459 3721 sup.
1501 3642 1599 3715 VI,

517 3730 622 3791 22.
708 3725 874 3784 Idem
900 3728 1120 3784 Lausus
1150 3746 1369 3804 equam
1403 3726 1601 3784 domi-

521 3822 616 3867 tor·
637 3853 664 3881 ,
729 3806 1070 3890 ἱππόδαμος
1085 3854 1104 3883 ,
1161 3810 1601 3891 debellatorque

501 3896 792 3977 serarum
809 3918 828 3954 :
865 3894 1026 3978 quod
1054 3899 1363 3955 Homerico
1395 3916 1603 3957 exem-

519 3980 618 4061 plo
659 3984 721 4039 in
773 3982 945 4040 laude
1001 3984 1109 4040 viri
1165 3984 1326 4041 fortis
1385 3986 1599 4063 posuit.

519 4065 638 4127 vid.
667 4066 830 4125 Iliad.
851 4088 896 4144 ε,
915 4066 997 4132 49
1019 4086 1139 4149 seq.
1227 4070 1370 4133 652.
1387 4068 1600 4147 Agyl-

522 4150 621 4211 lae
647 4172 750 4225 seu
787 4154 970 4211 Caere
995 4152 1364 4233 tyrannidem
1392 4165 1603 4211 tenue-

521 4250 628 4297 rat.
675 4235 794 4297 vid.
831 4238 936 4297 inf.
966 4240 1116 4313 vm,
1148 4237 1270 4304 481
1303 4259 1432 4321 sqq.
1491 4258 1601 4297 ne-

521 4326 850 4403 quicquam
892 4326 1136 4403 iungam
1185 4344 1323 4383 cum
1378 4344 1602 4403 sequu—

523 4419 612 4469 tos
623 4450 651 4479 ,
692 4411 792 4491 qui
821 4411 876 4467 ei
902 4412 964 4467 in
989 4430 1188 4491 pugna
1215 4408 1444 4472 cadenti
1469 4410 1603 4469 fm-

1670 1771 1789 1820 stra
1816 1769 1979 1818 erant
2007 1757 2279 1818 adfuturi.
2364 1761 2511 1825 653·
2528 1757 2755 1837 dignm

1662 1847 1888 1925 patriis
1914 1848 2023 1924 qui
2054 1845 2265 1902 laetior
2284 1855 2429 1902 esset
2446 1845 2751 1923 Imperiis,

1676 1941 1909 2006 ornate,
1955 1930 2197 2008 dignus,
2239 1932 2340 2012 qui
2376 1931 2615 1988 meliore
2643 1949 2755 2009 pa-

1675 2029 1763 2076 tre
1808 2014 2118 2096 gauderete,
2166 2012 2243 2073 ad
2282 2027 2511 2094 patrem
2554 2027 2754 2074 autem

1677 2101 2089 2162 declarandum
2118 2102 2371 2177 imperia
2408 2121 2532 2158 non
2560 2104 2757 2159 minus

1672 2190 1869 2248 valent
1885 2233 1900 2262 ‚
1936 2205 2115 2268 quam
2141 2188 2205 2242 in
2232 2186 2351 2244 filio
2381 2185 2745 2265 obsequium,

1677 2275 2029 2353 comparant
2056 2273 2435 2329 Homericum
2477 2271 2549 2330 de
2588 2273 2756 2329 Peri-

1674 2357 1849 2440 pheta
1876 2356 2188 2438 Eurysthei
2213 2357 2365 2414 filio:
2422 2361 2546 2420 Τοῦ·
2565 2349 2757 2440 γένετ’

1676 2445 1744 2508 ἐκ
1790 2439 2019 2526 πατρὸς
2060 2437 2219 2504 πολΰ
2278 2444 2552 2521 χείρονος
2610 2438 2753 2514 υἱός

1676 2523 1944 2680 insigem
1988 2529 2281 2603 παντοίας
2332 2521 2549 2611 ἀρετάς
2589 2528 2755 2588 Iliad.

1678 2640 1731 2692 o,
1764 2622 1802 2680 6
1854 2621 1909 2678 1.
2174 2628 2189 2643 ·

1762 2701 1885 2767 655
1910 2720 2036 2781 sqq.
2065 2700 2427 2758 Aventinum
2452 2711 2756 2782 tamquam

1676 2806 1867 2845 unum
1896 2806 1972 2845 ex
2001 2784 2270 2844 heroibus
2298 2787 2621 2844 Homericis
2660 2788 2760 2843 in-

1680 2873 1841 2931 ducit
1867 2890 2007 2929 cum
2050 2890 2223 2929 curru
2241 2916 2256 2945 ,
2300 2890 2417 2952 quo
2456 2874 2759 2931 victoriam

1680 2958 1831 3017 ludis
1858 2958 2047 3016 curuli
2074 2960 2385 3041 certamine
2416 2958 2759 3017 obtinuerat.

1679 3042 1953 3101 Eundem
1983 3040 2219 3103 exhibet
2258 3045 2568 3123 clipeatum
2610 3062 2759 3101 vers.

1684 3128 1829 3200 657,
1862 3125 2021 3209 quod
2048 3130 2184 3186 ferri
2209 3140 2435 3209 potest3
2478 3127 2581 3188 sed
2620 3146 2762 3188 cum

1679 3214 1873 3293 paullo
1903 3224 2033 3292 post
2058 3233 2118 3272 v.
2142 3218 2266 3279 666
2298 3214 2551 3273 eundem
2578 3216 2762 3273 leonis

1680 3301 1903 3357 exuviis
1931 3297 2203 3356 indutum
2228 3298 2498 3359 incedere
2545 3308 2759 3374 narrat,

1680 3386 1744 3441 in
1775 3403 1843 3442 eo
1888 3385 2073 3443 fateor
2110 3404 2211 3441 me
2260 3397 2465 3465 poetae
2508 3386 2763 3466 diligen-

1680 3472 1825 3529 fiam
1896 3480 1955 3527 et
2034 3468 2318 3529 iudicium
2396 3470 2763 3545 desiderare3

1682 3574 1823 3613 nam
1896 3553 2253 3615 diversorum
2320 3560 2475 3617 vitae
2538 3560 2765 3639 priscae

1684 3652 2018 3721 temporum
2061 3642 2171 3701 fuit
2195 3690 2211 3718 ‚
2271 3646 2465 3725 spoliis
2507 3645 2765 3703 ferarum

1682 3738 1905 3785 teottnn
1944 3748 2094 3803 esse,
2140 3741 2199 3788 et
2243 3728 2320 3787 de⁴
2355 3750 2527 3788 curru
2568 3746 2765 3787 erma—-

1684 3824 1813 3871 tum
1868 3833 2151 3893 pugnare.
2264 3813 2438 3885 Quod
2504 3818 2764 3895 primum

1686 3918 1870 3957 curru
1898 3910 2131 3957 vectum
2168 3896 2251 3975 (v.
2284 3900 2437 3978 655)
2465 3920 2611 3958 mox
2651 3919 2765 3977 pe—

1684 3982 1867 4041 ditem
1893 3985 2163 4043 incedere
2187 3983 2325 4045 facit
2355 3984 2439 4061 (v.
2471 3985 2624 4065 664)
2640 4028 2657 4059 ,
2700 3986 2765 4041 in

1682 4066 1797 4127 hoc
1852 4088 2079 4127 morem
2150 4071 2597 4128 Homericorum
2653 4068 2767 4127 he-

1684 4172 1857 4211 roum
1882 4156 2046 4235 sequi
2073 4156 2293 4232 potuit,
2338 4156 2439 4239 qui
2466 4174 2588 4215 non
2614 4172 2767 4228 raro,

1686 4240 1897 4317 exiguo
1984 4240 2283 4297 intervallo
2383 4242 2772 4325 subsequente

1686 4344 1889 4399 curru,
1934 4322 2155 4403 pedites
2178 4322 2481 4386 incedunt.
2564 4330 2775 4385 Aven-

1684 4410 1876 4468 tinum
1902 4412 1966 4468 in
2020 4410 2313 4473 nonnullis
2357 4413 2535 4491 signis
2578 4432 2779 4492 agno-
