3009 5050
381 534 394 549 Ι
452 449 604 524 684
936 446 1020 519 P.
1072 443 1614 524 VIRGILII
1662 442 2222 520 MARONIS

448 637 633 710 Non
676 629 941 724 dedit3
996 631 1241 732 inque
1284 643 1522 707 notos
1551 654 1834 706 vocem
1863 643 2175 706 vertere
2215 627 2642 731 procellae.

450 737 662 834 Ergo
690 794 713 832 ‚
824 745 916 810 ut
966 733 1201 810 missa
1260 741 1506 811 manu
1575 735 1927 810 sonitum
1988 732 2213 810 dedit
2275 733 2493 810 hasta
2545 757 2698 834 per

1611 862 1857 934 auraS‚

454 945 945 1021 Convertere
982 940 1291 1020 animos
1320 941 1515 1014 acris
1547 939 1984 1041 oculosque
2023 938 2283 1016 tulere
2543 949 2696 1018 800

454 1045 734 1124 Cuncti
780 1043 880 1120 ad
913 1044 1271 1142 reginam
1305 1042 1594 1148 Volsci.
1698 1043 1912 1121 Nihil
1939 1031 2102 1145 ipssa
2131 1068 2281 1119 nec
2315 1067 2548 1118 aurae

448 1154 617 1228 Nec
646 1149 951 1224 sonitus
979 1171 1334 1246 memor,
1388 1160 1522 1223 aut
1555 1149 1943 1223 venientis
1975 1147 2070 1224 ab
2109 1146 2431 1222 aethere
2469 1142 2642 1224 teliz

450 1256 689 1329 Hasta
720 1251 867 1328 sub
910 1265 1295 1328 exsertam
1341 1250 1603 1327 donec
1629 1249 1932 1352 perlata
1966 1249 2342 1353 papillam

449 1357 753 1452 Haesit,
804 1357 1409 1454 virgineumque
1440 1355 1596 1431 alte
1624 1349 1824 1430 bibit
1859 1368 2025 1430 acta
2066 1377 2460 1432 cruorem.

453 1463 964 1538 Concurrunt
1006 1457 1367 1561 trepidae
1410 1459 1778 1554 comite5‚
1835 1458 2405 1561 dominamque
2453 1481 2697 1532 ruen-

1614 1574 1783 1638 tem
2545 1570 2694 1641 805

554 1677 727 1746 801.
778 1690 1039 1756 NEQUE

586 1873 691 1928 798
718 1873 838 1925 Nee
871 1873 927 1924 d.
963 1872 1125 1926 Goth.
1156 1890 1240 1940 pr.
1380 1875 1481 1928 799
1518 1871 1612 1928 ubi
1641 1893 1710 1927 m.
1745 1873 1934 1928 Medic.
1997 1873 2300 1944 (repetitum
2335 1871 2439 1924 hoe
2472 1869 2696 1934 aliunde,

450 1951 511 1993 nt
542 1959 607 1994 ex
644 1943 733 2004 IV,
765 1942 917 2004 4745
950 1941 1053 1994 vid.
1089 1943 1157 1994 V.
1192 1943 1255 1995 1..
1290 1943 1358 1995 ad
1392 1961 1467 1995 vn.
1502 1944 1590 1997 93.
1631 1947 1786 2012 Wr.)
1906 1945 2010 1998 800
2044 1946 2230 1996 oculos
2265 1958 2421 1995 acret
2454 1957 2696 1992 ammes-

450 2029 555 2082 que
588 2010 738 2062 Leid.
806 2013 1019 2064 animae
1050 2011 1269 2063 alacres
1298 2011 1514 2064 Vratial.
1586 2017 1916 2065 Convertere
1947 2017 2158 2066 animos
2191 2017 2363 2074 acies,
2399 2011 2452 2062 h.
2494 2009 2696 2076 copiae,

448 2090 583 2131 vett.
620 2080 764 2143 edd„
799 2089 858 2130 nt
891 2082 1025 2132 Ven.
1063 2077 1213 2133 1484.
1251 2081 1401 2136 1486.
1438 2080 1572 2136 1495
1608 2092 1665 2135 et
1697 2099 1830 2152 sqq..
1895 2082 2054 2134 etiam
2089 2082 2379 2150 Egnatiana
2427 2079 2694 2138 recensi03

447 2148 575 2201 item
616 2149 874 2209 Nerium..
908 2149 1048 2218 qnod
1084 2149 1349 2200 Heia-ium
1382 2151 1580 2219 fngiaae
1615 2151 1794 2204 miror.
1862 2153 2181 2204 Burmannus
2213 2160 2412 2203 tantum
2445 2149 2551 2200 hoe
2577 2155 2696 2198 nio-

447 2218 592 2270 nuit:
629 2220 812 2281 „acies
838 2217 1018 2286 legere
1050 2218 1184 2269 alios
1218 2219 1296 2272 ait
1327 2219 1549 2272 Cerda.“
1616 2223 1763 2285 Quae
1802 2222 1968 2289 prima
2007 2239 2164 2274 acres
2197 2221 2417 2282 habeat,
2453 2218 2591 2287 apud
2615 2232 2698 2266 me

446 2287 636 2341 Aldina
670 2289 836 2356 prima
872 2299 952 2341 eet
984 2305 1099 2340 enm
1134 2297 1258 2342 cett.
1398 2291 1498 2344 801
1539 2291 1696 2343 Nuzi}
1729 2292 1831 2343 illa
1866 2291 2069 2358 aliquot
2103 2289 2358 2353 Pierinni,
2421 2289 2560 2340 unde
2593 2286 2694 2336 Ca-

448 2367 629 2409 troena
666 2368 923 2410 mutuatu·
966 2365 1077 2420 eat,
1130 2367 1185 2408 et
1220 2376 1299 2428 pr.
1336 2359 1546 2425 Menag.
1595 2361 1706 2425 (nil
1735 2365 1881 2413 Serv.
1923 2361 2141 2422 Dread.;
2175 2360 2282 2413 vid.
2319 2360 2385 2411 V.
2421 2359 2481 2410 1..
2522 2356 2588 2408 ad
2623 2356 2696 2419 X,

448 2427 535 2480 54.
569 2428 723 2492 Wr.)
792 2446 967 2498 neque
1002 2426 1179 2478 Heius.
1217 2445 1247 2479 e
1283 2428 1417 2480 libb.
1448 2447 1548 2499 pro
1583 2447 1698 2481 nee.
1751 2441 1874 2489 (nee
1909 2431 2095 2481 Medic.
2119 2435 2264 2482 Serv.
2289 2428 2474 2479 Dread.
2512 2428 2563 2480 8.
2595 2427 2696 2487 11„

448 2497 591 2567 quod
625 2495 857 2558 restitnig
892 2497 995 2549 vid.
1034 2499 1101 2562 Q.
1140 2499 1204 2554 V.
1240 2499 1472 2561 ΧΧΧΙΙ,
1511 2501 1594 2553 11.
1635 2501 1780 2567 Wr.)
1862 2500 2098 2553 Tandem
2132 2517 2334 2561 auras,
2381 2513 2516 2567 quae
2550 2503 2694 2546 vetes

447 2566 663 2620 secundi
700 2585 848 2620 casua
886 2568 1055 2619 forma
1088 2567 1208 2633 fuit,
1242 2578 1301 2619 nt
1335 2572 1522 2633 Maia,
1559 2572 1766 2633 Maiae,
1797 2582 1961 2639 pater
1983 2570 2250 2641 familiae,
2283 2569 2490 2635 legerat
2513 2572 2694 2631 Asper,

450 2646 506 2689 et
541 2654 653 2689 eam
689 2636 950 2705 antiquam
998 2637 1279 2689 lectionem
1331 2656 1446 2691 esee
1494 2637 1704 2691 Servius
1741 2650 1981 2693 testatur.
2048 2639 2197 2691 Adde
2231 2639 2487 2707 Pompon.
2521 2636 2694 2687 Sabin.

446 2706 508 2757 In
541 2706 791 2759 Pieriania
828 2719 998 2758 tamen
1034 2724 1095 2758 ea
1133 2708 1286 2760 codd.
1324 2725 1430 2760 non
1482 2708 1818 2773 occurrebat,
1871 2726 1967 2761 nee
2001 2709 2055 2759 in
2093 2707 2418 2769 Heinsianis,
2454 2715 2693 2773 praeter-

448 2792 601 2843 quam
636 2775 691 2827 in
727 2794 807 2847 pr.
844 2778 1034 2829 Mor-et.
1068 2776 1238 2828 altero
1290 2778 1567 2845 Menagio,
1613 2779 1925 2847 venetoque
1977 2778 2184 2845 (quibua
2220 2778 2358 2829 adde
2390 2774 2610 2829 Dorvill.
2643 2786 2696 2825 et

448 2845 611 2898 Goth.
646 2864 745 2917 pr..
780 2845 869 2914 qni
904 2856 1027 2896 aunt
1059 2846 1198 2897 inter
1230 2845 1656 2913 recentissimos),
1701 2857 1810 2899 tum
1859 2849 1913 2898 in
1947 2848 2116 2899 tribua
2151 2848 2268 2899 aliia
2317 2864 2418 2914 pro
2467 2846 2571 2897 div.
2608 2843 2694 2895 le·—

446 2915 644 2967 ctione:
682 2932 851 2983 eoque
883 2914 1151 2967 alludebat
1186 2916 1341 2979 Gud„
1372 2917 1425 2968 in
1464 2932 1566 2985 qno
1603 2934 1762 2968 aura.
1831 2920 1889 2968 In
1927 2918 2164 2968 Mediceo
2193 2920 2348 2987 auria
2384 2933 2499 2967 ease
2525 2916 2692 2964 Burm-

447 2995 623 3036 notat:
667 2985 807 3053 qnod
842 3004 871 3036 a
904 2984 1161 3053 Fogginio
1199 2986 1525 3037 observatum
1561 3001 1666 3036 non
1703 2996 1801 3039 eet.
1869 2988 2036 3037 Etiam
2072 2996 2200 3038 vett.
2239 2986 2358 3037 edd.
2393 3002 2568 3037 auras
2594 2984 2692 3035 ha-

447 3054 591 3117 bent,
628 3065 687 3106 nt
724 3054 935 3105 Mediol.
972 3056 1104 3107 Ven.
1142 3054 1291 3108 1484.
1329 3052 1463 3109 1486
1498 3065 1554 3106 et
1585 3054 1652 3106 al.
1688 3073 1803 3106 cum
1839 3058 2048 3123 Egnat.;
2084 3054 2305 3124 primurn
2339 3063 2589 3105 mutatum
2611 3052 2692 3103 vi·-

446 3124 549 3175 deo
584 3126 638 3175 in
680 3124 829 3175 Aldd.
866 3142 947 3193 pr.
984 3134 1041 3175 et
1072 3124 1169 3178 rel.
1206 3126 1373 3191 (Haec
1406 3124 1626 3193 genitivi
1654 3126 1974 3189 terminatio,
2025 3125 2069 3176 ai
2117 3125 2294 3176 tritum
2342 3122 2474 3175 iilud
2516 3122 2692 3193 sami-

447 3193 557 3245 lias
592 3192 879 3261 exceperis,
912 3204 1113 3246 mature
1149 3194 1220 3245 ita
1255 3194 1453 3245 abolita
1488 3194 1720 3257 videtur,
1765 3205 1825 3245 ut
1861 3212 1929 3246 ne
1963 3195 2236 3247 Lucu-etin·
2273 3193 2482 3261 qnidam
2517 3192 2596 3244 uti
2631 3208 2692 3243 ea

446 3262 515 3313 ait
549 3278 719 3314 anana.
789 3264 923 3314 Tum
958 3263 1103 3331 ipsa,
1138 3263 1191 3314 ni
1226 3262 1416 3323 fallor.
1452 3263 1714 3316 sententia
1753 3282 1866 3315 eam
1902 3265 2158 3327 excludit,
2211 3263 2406 3333 qnippe
2443 3261 2524 3315 cni
2559 3260 2692 3314 alie-

444 3348 562 3381 nam
598 3332 665 3383 ab
700 3332 754 3384 h.
790 3331 828 3384 1.
864 3332 1169 3400 gravitatem
1204 3332 1445 3385 conciliet
1479 3332 1612 3385 haec
1644 3333 1829 3385 forma.
1880 3334 2047 3397 Adde,
2082 3351 2215 3402 qnae
2249 3332 2512 3403 disputavi
2543 3336 2606 3396 Q.
2623 3331 2687 3382 V.

446 3402 598 3467 xvi,
630 3402 682 3457 3.
727 3402 871 3466 Wr.)
932 3420 1108 3473 neque
1130 3416 1264 3453 ame
1294 3403 1456 3454 Goth.
1484 3412 1610 3455 tert.
1649 3406 1856 3467 (sonim
1890 3403 2099 3463 Medic„
2129 3402 2224 3453 aed
2259 3402 2610 3471 auperacripta
2633 3418 2690 3464 σε

444 3468 585 3523 idem
620 3484 682 3523 ae
714 3490 765 3525 ν.
812 3472 958 3538 Wr.)
1064 3472 1168 3524 802
1202 3472 1425 3523 aethere
1455 3472 1599 3524 coeli
1633 3472 1797 3524 Goth.
1827 3482 1952 3525 tert.
2055 3472 2156 3527 803
2191 3474 2373 3523 Hasta
2401 3478 2507 3541 per
2531 3472 2687 3525 Goth.

445 3550 569 3593 tert.
642 3554 921 3613 expertam
974 3540 1122 3591 Rom.
1203 3555 1449 3593 exortam
1495 3542 1658 3593 Goth.
1707 3560 1788 3611 pr.
1866 3542 2130 3613 perlapsa
2179 3542 2338 3593 Goth.
2387 3560 2490 3594 aee.
2571 3558 2688 3595 ma·-

444 3612 649 3663 millam
682 3628 787 3663 aee.
819 3609 1070 3661 Rottend.
1210 3608 1312 3663 805
1342 3612 1584 3663 comitem
1629 3612 1682 3663 d.
1718 3612 1764 3662 H
1770 3628 1922 3680 agen.
1989 3610 2270 3663 cadentem
2301 3610 2452 3665 Leid.

442 3785 609 3845 Iliad.
638 3810 704 3861 π,
734 3784 858 3853 249
886 3786 1013 3867 sq'q.
1055 3790 1267 3846 Mente
1292 3782 1529 3871 γνώμῃ,
1615 3810 1844 3849 scuram
1891 3792 2192 3849 notionem
2231 3808 2483 3869 magnae
2509 3788 2693 3847 alicu-

445 3872 683 3930 consilio
702 3916 717 3945 ,
785 3870 1017 3931 decreto
1066 3873 1282 3949 animm
1366 3878 1530 3937 nullo
1613 3879 1702 3936 ius
1733 3889 1790 3935 et
1817 3878 2144 3955 praeclarae
2173 3878 2276 3935 rei.

442 3968 639 4015 tamen
676 3960 842 4037 signo
874 3957 1181 4019 declarato.
1240 3964 1385 4025 797.
1403 3982 1533 4039 pa—
1700 3966 1847 4026 799.
1875 3965 2126 4042 Egregie
2161 3964 2390 4019 animus
2419 3960 2690 4019 Camillae

444 4045 564 4101 tria
590 4042 745 4101 alta.
838 4044 1062 4102 Omans
1111 4044 1405 4125 epitheton
1436 4068 1534 4105 sa·-
1614 4050 2032 4128 imperterritus
2088 4046 2428 4107 describitur
2445 4066 2464 4105 :
2509 4044 2690 4124 inpri-

444 4132 515 4189 tis
556 4130 827 4211 frequens
848 4174 863 4203 ,
936 4128 999 4187 h.
1044 4132 1229 4205 clara,
1298 4134 1526 4191 nobilis.
1609 4136 1721 4191 mis
1751 4154 1860 4192 vss.
1891 4138 2034 4199 801.
2067 4138 2212 4199 802.
2283 4136 2350 4191 In
2379 4132 2504 4199 804
2535 4130 2692 4189 hasta

442 4215 744 4275 Interdum
788 4214 873 4274 ad·
902 4217 1079 4274 situm
1120 4218 1363 4277 refertur
1378 4264 1395 4292 ,
1437 4228 1529 4275 et-
1610 4219 1738 4277 alte
1777 4230 1921 4277 acta
1951 4218 2101 4277 bibit
2139 4238 2408 4276 cmm-em.
2425 4264 2441 4294 ,
2467 4220 2691 4275 Home-

441 4302 563 4359 iam
592 4301 667 4362 ad
692 4322 998 4361 murorum
1021 4322 1089 4361 ac
1118 4304 1364 4362 turrium
1395 4304 1530 4361 alti-
1614 4308 1802 4363 ricum
1833 4302 2178 4382 λιλαιομένη
2207 4300 2387 4385 χροὸς
2419 4294 2562 4365 ἆσαι
2585 4320 2691 4361 ex-

441 4387 732 4449 tudinem.
816 4386 937 4448 Sed
966 4390 1027 4447 in
1057 4390 1264 4447 talibus
1302 4386 1544 4469 epithe-·
1616 4392 1796 4472 primi
1820 4393 1942 4448 iam
1967 4391 2296 4449 Macrobius
2325 4391 2422 4465 vl,
2455 4393 2493 4451 6
2522 4398 2692 4467 puta-

443 4474 514 4533 tis
542 4476 675 4534 satis
706 4484 792 4535 est
807 4518 824 4550 ,
870 4477 1066 4535 animo
1093 4475 1386 4535 obversari
1418 4476 1530 4535 ob-
1616 4478 1732 4537 vit:
1773 4474 1932 4559 quod
1957 4486 2155 4535 tamen
2181 4476 2378 4557 paullo
2407 4474 2694 4534 diversum
