3009 5050
18 1071 29 1102 -

34 1067 45 1099 0-

18 1125 44 2026 -r-u08-uassu-'2u-nm
20 1050 22 1063 “

18 3120 31 3154 “
21 3052 28 3083 “·
18 2981 30 3012 -
18 2911 33 2946 “
20 2864 30 2878 ‘0
18 2773 27 2804 Ψ·
18 2699 35 2734 “
21 2630 32 2661 -t
18 2556 33 2594 u
18 2488 33 2521 U.
21 2419 32 2448 ⁸·-
23 2366 30 2378 ιι

20 4033 24 4060 .-
20 3977 22 3992 -
18 3821 25 3930 ι-ψν-
18 3751 27 3780 -v-
18 3681 27 3712 vv
18 3265 32 3642 ““ῌιὴ“ν““ι

704 397 1339 475 AENEmos
1370 377 1591 476 Lm
1636 402 1727 496 X,
1761 407 2198 481 sos—817

2395 411 2600 492 553.

315 583 703 678 Sustinet,
784 597 865 661 et
912 587 1259 684 Lausum
1306 577 1725 686 increpitat
1751 645 1774 685 ,
1840 590 2260 690 Lausoque
2303 591 2558 666 mina-

1468 702 1630 768 tura
2405 703 2556 774 810

315 791 499 884 Quo
528 791 919 868 moriture
946 791 1109 866 ruis
1127 851 1149 888 ‚
1201 793 1664 894 maioraque
1689 792 1986 870 viribus
2019 795 2312 874 audes?

314 892 539 968 Fallit
568 906 648 970 te
680 895 1085 970 incautum
1119 896 1367 996 pietas
1399 909 1555 974 tua.
1653 901 1822 972 Nec
1849 897 2110 972 minus
2137 898 2272 976 ille

306 993 659 1077 Exsultat
686 998 1061 1092 demens3
1114 1022 1391 1076 saevae
1446 1001 1766 1099 iamque
1799 998 2023 1076 altius
2048 1002 2208 1076 irae

313 1098 711 1177 Dardanio
740 1107 1071 1200 surgunt
1098 1099 1441 1197 ductori,
1498 1115 2007 1201 extremaque
2025 1106 2297 1179 ‘Lauso

314 1207 605 1280 Parcae
668 1202 806 1281 fila
872 1205 1187 1306 legunt:
1265 1205 1618 1282 validum
1686 1229 2038 1305 namque
2119 1207 2350 1306 exigit
2413 1231 2556 1284 en-

1468 1333 1644 1384 sem
2407 1321 2554 1389 815

316 1411 471 1485 Per
496 1409 860 1486 medium
894 1414 1203 1486 Aeneas
1232 1411 1646 1509 iuvenem,
1697 1423 2123 1512 totumque
2151 1410 2557 1506 recondit3

316 1514 660 1589 Transiit
690 1527 771 1591 et
800 1538 1163 1615 parmam
1195 1539 1472 1591 mucro
1492 1576 1516 1613 ‚
1569 1514 1771 1594 levia
1805 1537 2022 1591 arma
2057 1515 2408 1614 minaciS‚

314 1723 574 1776 sententia
604 1721 717 1774 inte
785 1719 1031 1774 unctione
1047 1758 1064 1788 ,
1098 1723 1443 1775 revocandum
1478 1723 1687 1793 putavi3
1721 1733 1775 1774 et
1801 1718 1908 1773 hoc
1940 1719 2112 1774 solum
2147 1722 2390 1774 convenit
2424 1739 2558 1774 cou-

311 1788 544 1844 iunctivo
590 1791 737 1844 consi
762 1789 863 1842 'um
897 1790 1150 1843 indicenti
1186 1792 1437 1856 detorto-23
1494 1811 1732 1856 omnem,
1777 1793 1918 1861 quod
1967 1808 2104 1842 nuuc
2137 1791 2293 1843 etiam
2330 1809 2360 1842 e
2395 1793 2557 1844 Puris.

311 1861 365 1916 2·
399 1859 452 1915 3.
490 1869 735 1913 enotutur
750 1897 769 1924 ,
801 1860 849 1911 si
882 1859 1179 1928 scripsisset
1212 1862 1464 1929 Virgilius
1478 1899 1495 1924 ,
1550 1863 1778 1914 detonat
1821 1860 2130 1912 indicativus
2163 1859 2556 1929 requirebatur3

312 1947 429 1980 num
463 1927 656 1982 nubem
694 1947 955 1982 omnem
991 1932 1231 1983 sustinet
1263 1931 1543 1998 siguificat:
1595 1929 1821 1982 sustinet
1851 1929 1957 1982 hoc
1988 1930 2368 1982 incommodum
2394 1947 2558 2000 usque

311 1998 380 2050 etl
414 1998 605 2066 finem,
640 1999 761 2052 dum
796 1999 1109 2052 detonat.
1152 2001 1297 2067 Wr.)

312 2069 373 2122 in
409 2080 625 2120 tantum
650 2088 711 2142 p.
745 2079 787 2122 t.
821 2085 923 2120 nec
957 2069 1125 2121 unius
1168 2069 1273 2122 illa
1308 2069 1542 2122 Exultat
1575 2070 1753 2137 inepte
1789 2071 1970 2121 Franc.

1437 2001 1543 2055 812
1589 2000 1773 2052 Fallet
1815 1999 1951 2051 oud.
1980 2015 2013 2050 u
2045 2017 2114 2050 m.
2149 2018 2231 2068 pr.
2297 1999 2470 2051 Fallit
2503 2012 2560 2051 σε

2109 2069 2213 2122 818
2247 2068 2556 2120 Exsultans

310 2137 499 2190 Medic.
532 2156 565 2191 a
600 2157 667 2192 m.
707 2156 812 2190 sec.
850 2138 956 2204 (est
988 2154 1051 2190 ea
1084 2138 1250 2190 altera
1283 2138 1446 2192 lectio
1484 2139 1676 2190 Medic.
1719 2141 1862 2202 Wr.)
1911 2139 2035 2188 Mox
2107 2155 2176 2190 ue
2200 2138 2348 2190 abest
2372 2135 2556 2190 Franc’.

311 2207 412 2262 815
446 2208 659 2277 iamque
693 2207 855 2260 Goth.
890 2223 995 2260 sec.

1134 2209 1238 2263 817
1292 2209 1564 2261 Transilc'e
1610 2208 1731 2260 edd.
1783 2216 1914 2261 vett.
1963 2224 2064 2276 epu
2139 2206 2274 2259 Pier.
2312 2215 2367 2257 et
2400 2207 2557 2259 codd.

310 2291 465 2343 pern
502 2277 577 2343 (in
614 2277 801 2346 quibus
834 2276 889 2330 2.
923 2276 975 2330 7.
1008 2278 1061 2330 9.
1100 2279 1183 2331 10.
1224 2281 1370 2344 Wr.)
1404 2278 1501 2328 sed
1537 2277 1686 2330 Rom.
1723 2276 1965 2344 0blong-,
2013 2285 2125 2326 tum
2149 2275 2339 2327 Medic.
2376 2287 2430 2328 et
2464 2277 2558 2328 alii

312 2345 493 2396 Heius.
536 2347 782 2398 Transiit
792 2383 809 2410 ,

865 2347 1011 2412 quod
1053 2346 1249 2398 lectum
1299 2347 1423 2398 inde
1460 2363 1491 2397 a
1522 2343 1807 2412 Naugerio.
1877 2344 2095 2396 Heinsio
2131 2353 2306 2396 tamen
2341 2345 2559 2397 alterum

313 2430 371 2464 se
405 2413 685 2481 probabat,
720 2414 841 2483 quie
874 2415 977 2465 ium
1009 2432 1059 2467 ν.
1107 2413 1210 2469 785
1256 2422 1617 2482 praecesserat
1661 2415 1730 2466 de
1775 2415 1984 2466 hustet-
2013 2416 2258 2466 Transiit
2289 2416 2560 2466 intextum

314 2483 497 2535 tauris
547 2499 699 2553 opus.
768 2484 822 2535 N
824 2499 895 2535 on
941 2483 1214 2536 assentiar.
1291 2484 1538 2537 Transii»
1569 2483 1786 2552 proprie
1836 2483 2058 2545 dictum3
2113 2491 2168 2533 et
2215 2483 2291 2536 sic
2337 2481 2558 2551 διῆλθε,

313 2560 370 2601 ut
389 2550 579 2619 passim
614 2552 754 2619 apud
792 2553 1090 2605 Homerum.
1158 2552 1338 2604 media
1371 2570 1530 2604 arma
1561 2553 1731 2616 Rom„
1763 2554 1932 2603 minus
1966 2552 2120 2604 bene.
2154 2555 2416 2605 minantis
2435 2552 2560 2621 qui-

312 2620 433 2673 dam
464 2619 601 2673 Pier.
637 2628 695 2671 et
728 2622 883 2685 Ven„
917 2622 1013 2673 sed
1047 2623 1200 2673 Rom.
1234 2622 1458 2685 minaci,
1490 2620 1594 2671 hoc
1629 2620 1712 2671 ele
1748 2622 1946 2677 sntiuu
1981 2632 2042 2671 ut
2077 2618 2217 2671 solet
2251 2630 2411 2689 poete
2438 2632 2560 2673 ter-

312 2687 439 2741 tium
474 2706 573 2757 pro
608 2689 838 2741 secundo
874 2707 996 2741 casu
1029 2705 1260 2756 ponere:
1301 2699 1359 2741 et
1388 2690 1656 2757 recepisse
1689 2688 1710 2739 i
1778 2690 1935 2741 video
1969 2688 2386 2757 cuninghnmum.
2455 2692 2562 2743 Ce-

312 2770 481 2812 terum
512 2759 569 2811 in
602 2758 687 2811 ed.
722 2761 894 2810 Burm.
929 2768 1044 2811 erut
1077 2756 1405 2809 distinctum:

1475 2759 1724 2810 Transiit
1767 2770 1824 2810 ee
1863 2776 2110 2839 pur-mam
2157 2774 2342 2810 mucro
2356 2797 2372 2822 ,
2419 2759 2564 2813 levia

311 2845 498 2891 arma,
538 2828 781 2880 minacis.
849 2827 1062 2880 Scilicet
1106 2826 1337 2879 Servium
1384 2836 1632 2896 sequutus
1669 2836 1778 2893 est,
1835 2843 1924 2897 qm
1971 2842 2247 2897 perperam
2281 2826 2333 2879 h.
2369 2826 2408 2879 l.
2439 2845 2564 2879 mo-

312 2906 433 2949 net:
476 2896 693 2949 minacis
731 2909 913 2949 autem
944 2915 1057 2949 non
1093 2898 1295 2961 Lausi,
1338 2897 1438 2948 sed
1484 2901 1724 2949 Aeneae.
1790 2896 1950 2947 immo
1985 2911 2115 2946 vero
2151 2894 2333 2957 Lausi,
2400 2896 2564 2963 cuius,

313 2984 429 3021 cum
469 2976 579 3021 tam
612 2964 883 3021 minaciter
912 2966 970 3019 in
1004 2971 1237 3021 Aeneam
1266 2965 1634 3019 insurrexisset
1647 3004 1668 3033 ,
1709 2965 1863 3019 nimis
1896 2964 2034 3019 levia
2057 2964 2200 3017 haud
2231 2964 2390 3017 dubie
2417 2983 2561 3019 arms

312 3145 529 3224 accipe.
599 3144 763 3201 Bene
794 3142 960 3202 Serv.
1003 3142 1394 3218 „Bellantium

310 3230 602 3310 impetum
644 3229 887 3288 sustinet
902 3274 922 3305 ,
967 3226 1155 3289 donec
1199 3227 1395 3287 defer-

310 3316 503 3375 beut.“
536 3315 691 3375 conf.
723 3314 929 3373 Cet-du.

396 3404 527 3466 810
576 3420 723 3483 sqq..
790 3402 870 3459 Ut
920 3401 1261 3480 ingenium,
1312 3400 1393 3459 sic

312 3488 495 3544 oratio
524 3485 760 3544 Aeneae
789 3484 1013 3557 diversa
1041 3487 1114 3544 ab
1146 3505 1215 3543 ea
1230 3530 1247 3560 ‚
1280 3504 1396 3567 qua

311 3572 485 3630 simili
512 3572 575 3629 iu
605 3590 917 3651 congressu
946 3590 1085 3630 cum
1130 3570 1395 3629 Pallante

314 3658 580 3715 utebatur
621 3658 861 3717 Turnus
903 3654 1099 3737 paullo
1151 3659 1251 3716 ille
1301 3657 1395 3715 fe·-

314 3743 503 3801 rooior
518 3785 537 3816 ,
603 3762 777 3824 supra
819 3741 947 3807 442
993 3762 1083 3823 sq.
1131 3740 1257 3805 490
1304 3760 1395 3822 sq.

313 3826 343 3903 (
354 3829 637 3885 moriture
662 3848 769 3909 pro
800 3828 1125 3887 moritum
1140 3868 1163 3896 ,
1206 3826 1310 3885 cfr.
1321 3827 1396 3886 V.

310 3916 383 3972 L.
412 3909 489 3971 ad
514 3912 622 3985 lx,
646 3911 793 3979 485.
836 3933 974 3973 cum
1013 3915 1087 3988 Π,
1116 3912 1263 3979 611.
1288 3914 1397 3988 lx,

311 3995 463 4065 554·
530 3998 611 4055 Et
650 3995 725 4057 de
780 4009 905 4059 totu
978 3998 1399 4077 compositione

312 4083 487 4143 huius
504 4084 779 4142 orationis
790 4082 909 4144 vid.
927 4084 1399 4159 o.v.xxxl1[1,

309 4170 375 4235 4.
454 4166 647 4247 W.)
756 4167 901 4235 814.
956 4170 1103 4236 815.
1163 4170 1401 4227 Parcae

292 4254 427 4330 fila
454 4254 685 4332 legunt.
770 4256 1121 4335 „Proprium
1138 4300 1157 4331 ,
1210 4256 1399 4337 inquit

315 4341 555 4401 Servius
571 4382 589 4415 ,
654 4339 843 4398 fuerat
858 4382 875 4415 ,
914 4350 1207 4419 rumpunt
1226 4364 1245 4399 .·
1304 4353 1398 4400 ta-

312 4444 453 4485 men
504 4423 716 4506 legunt
770 4437 872 4485 aut
913 4428 1192 4509 eolligunt
1210 4470 1227 4503 ,
1297 4438 1398 4487 aut

1476 3152 1760 3222 rumpunt
1776 3186 1794 3219 ‚
1853 3153 1956 3203 aut
1998 3142 2176 3201 etiam
2199 3144 2561 3203 transeunt.“

1475 3230 1674 3287 Prima
1703 3230 1855 3287 bene
1883 3228 2032 3288 dixit
2049 3272 2066 3305 ,
2121 3237 2311 3286 cetera
2345 3227 2562 3287 minus.

1476 3316 1781 3393 Leguntur
1795 3359 1812 3391 ,
1869 3323 2013 3395 puto
2031 3359 2047 3389 ,
2103 3316 2258 3371 inter
2297 3309 2562 3371 nendum

1476 3398 1606 3476 fila,
1662 3398 1806 3458 dum
1848 3402 1912 3458 in
1952 3400 2150 3459 fissum
2191 3398 2562 3477 colliguntur,

1478 3484 1544 3545 h.
1573 3484 1719 3545 dum
1756 3486 1892 3545 lana
1936 3506 1970 3544 e
2001 3488 2129 3545 colo
2159 3486 2222 3543 iu
2249 3483 2418 3543 filum
2446 3483 2563 3543 du-

1479 3582 1575 3631 cta
1601 3574 1668 3629 in
1693 3572 1824 3631 suso
1853 3572 2226 3651 glomer-amr.
2312 3568 2486 3641 Quod
2511 3572 2562 3630 si

1476 3659 1674 3739 itaque
1719 3657 1936 3716 Parcae
1960 3656 2092 3731 fila
2129 3666 2390 3714 extr-enta
2448 3653 2566 3715 du-

1478 3752 1622 3803 cunt
1638 3786 1657 3817 ,
1683 3753 1828 3802 nent
1845 3787 1862 3817 ,
1893 3742 2070 3801 etiam
2091 3762 2160 3800 ea
2187 3741 2382 3822 legere
2407 3753 2563 3803 recte

1480 3826 1754 3889 dicuntur
1768 3871 1787 3903 ‚
1831 3829 2122 3909 colligere,
2148 3838 2216 3887 ut
2240 3847 2422 3908 penso
2452 3829 2564 3887 ab-

1478 3914 1668 3973 soluto
1697 3932 1766 3972 ea
1793 3925 2088 3994 rumpent.
2173 3910 2416 3997 (Itaque
2459 3934 2564 3973 es·-

1482 4010 1676 4058 trema
1721 3998 1938 4079 legunt
1972 4002 2056 4059 ita
2093 4000 2362 4059 iunctum
2379 4044 2396 4073 ‚
2439 4018 2564 4059 non

1486 4084 1698 4165 legunt
1729 4087 1922 4145 solum
1945 4106 2052 4166 per
2087 4106 2168 4160 se,
2209 4086 2495 4165 sig-nificat
2520 4088 2561 4143 i.

1485 4192 1544 4251 q.
1573 4182 1888 4249 rumpunt.
1926 4170 2104 4249 Wr.)
2162 4175 2310 4235 817.
2325 4170 2568 4227 transiit

1483 4267 1540 4313 et
1586 4277 1878 4336 parmam
1917 4290 2004 4303 --
2071 4254 2341 4315 describit
2404 4273 2562 4313 nunc

1479 4345 1625 4401 tanti
1680 4344 1932 4403 vulneris
1977 4339 2232 4401 ’modum
2284 4338 2562 4398 disertius.

1480 4428 1740 4487 minacis
1756 4475 1773 4505 ‚
1843 4447 1986 4509 pro,
2057 4428 2178 4485 eius
2233 4444 2312 4485 sc.
2369 4425 2560 4483 Lausi.
