3009 5050
76 1733 78 1742 -
76 1669 78 1698 --
76 1577 80 1632 .-.
75 1490 80 1529 —
75 1403 80 1440 --
75 1317 82 1352 —
75 1213 82 1268 —-
75 1123 84 1182 .-
75 1055 84 1094 u·—
75 705 86 1008 --—-·—·—”
75 599 86 662 -

781 389 966 482 All)
1071 381 1725 473 LIBRUM
1828 387 1999 464 VII
2365 397 2519 468 149⁴

256 591 401 640 tuna
429 579 532 638 vix
557 597 734 649 unam
766 589 824 637 et
849 574 1092 636 alteram
1118 579 1328 640 veteris
1354 579 1553 636 Italiae
1582 579 1935 656 religionum
1970 579 2505 658 interpretationem

255 667 540 739 servavit3
599 667 706 722 etsi
759 675 894 722 sunt
955 666 1018 722 in
1071 665 1144 722 iis
1181 665 1530 738 nonnullae,
1585 663 1792 744 quibus
1835 667 2157 743 priscorum
2194 663 2506 726 hominum

255 769 448 810 senno
489 751 837 830 symbolicus
881 751 1114 828 egregie
1150 751 1483 808 illustratur.
1570 750 1669 808 Sic
1712 750 1957 807 Vulcani
1972 794 1989 824 ,
2051 751 2153 832 qui
2204 751 2354 829 ignis
2400 763 2501 826 est,

253 857 407 896 uxor
435 835 588 915 apud
615 835 870 893 Macrob.
902 837 1030 894 Sat.
1055 838 1101 908 1,
1147 839 1226 901 12
1273 833 1462 892 editur
1504 836 1689 892 Maia
1706 876 1731 904 ,
1772 832 1888 894 hoo
1929 845 2013 893 est
2059 836 2273 910 Terra,
2316 837 2505 896 Mater

255 941 502 1000 magua,
543 919 646 980 sed
685 941 823 978 cum
849 923 1090 978 notione
1131 931 1362 978 auctus:
1415 919 1577 977 unde
1619 919 1824 978 eadem
1866 921 2135 977 Male-sta
2178 918 2331 980 dicta
2370 921 2501 981 fuit.

253 1006 428 1085 Apud
485 1007 850 1066 Tusculanos
903 1007 1120 1066 Elaias
1180 1016 1302 1068 erat
1352 997 1604 1084 Iupiter.'
1674 1003 1901 1064 Eadem
1954 1025 2091 1066 cum
2134 1007 2287 1063 Maia
2346 995 2507 1084 Ops,¹

253 1092 436 1150 Bona
477 1092 620 1148 Dea
638 1133 662 1161 ,
737 1093 960 1148 Fauna
973 1133 1002 1162 ,
1075 1091 1280 1148 Fatua
1295 1133 1320 1160 ‚
1377 1088 1612 1148 habitat
1679 1090 1801 1168 vid,
1841 1091 2099 1170 Macrob.
2143 1088 2285 1149 ibid.
2350 1093 2421 1150 V
2407 1113 2503 1148 er—

251 1178 451 1235 tumni
490 1188 548 1234 et
597 1177 908 1234 Pomonae
959 1167 1158 1236 fabula
1199 1195 1276 1236 ex
1315 1177 1440 1255 ipso
1479 1177 1724 1234 nomine
1762 1177 1958 1234 lucem
1998 1173 2204 1233 habet:
2264 1193 2398 1234 eam
2440 1198 2501 1236 v.

250 1262 406 1343 apud
435 1261 714 1322 Ovidium
741 1274 800 1320 et
825 1265 1088 1342 Propert.
1105 1263 1216 1335 N,
1245 1265 1308 1324 2.

419 1379 541 1438 Sed
567 1383 632 1436 in
661 1379 750 1439 his
780 1381 988 1439 fabulis
1011 1399 1230 1460 magna
1268 1379 1416 1438 sacta
1464 1399 1585 1441 esse
1627 1378 1857 1439 videtur
1896 1380 2249 1460 perturbatio
2262 1423 2278 1454 ,
2339 1399 2497 1457 qua-

249 1477 386 1522 tuor
407 1468 770 1544 potissimum
786 1509 801 1538 ‚
831 1468 880 1524 si
909 1475 1062 1524 recte
1089 1465 1283 1524 iudico
1296 1510 1313 1540 ,
1343 1465 1557 1523 modis.
1648 1467 1929 1524 Primum
1948 1507 1970 1535 ,
2000 1485 2137 1523 cum
2151 1511 2168 1538 ,
2197 1465 2499 1523 communi

248 1553 386 1609 licet
413 1553 588 1630 stirpe
618 1551 874 1625 oriundi,
916 1549 1122 1610 diversi
1149 1562 1348 1608 tamen
1378 1561 1436 1608 et
1461 1571 1567 1630 per
1594 1553 1775 1610 varias
1801 1552 2000 1609 Italiae
2025 1561 2213 1630 partes
2241 1549 2495 1628 dispersi,

250 1637 454 1718 populi
481 1639 742 1716 propr10s
773 1639 1016 1719 quisque
1083 1633 1329 1694 uosdam
1357 1655 1488 1694 suos
1526 1634 1807 1694 haberent
1846 1634 2108 1716 mythos:
2170 1634 2243 1695 ad
2281 1636 2499 1693 Abori-

247 1724 413 1800 gines
439 1741 544 1780 seu
570 1723 805 1780 Latinos
835 1741 935 1781 eos
961 1731 984 1780 t
1125 1742 1188 1783 re
1215 1724 1399 1780 serior
1422 1724 1613 1801 coepit
1653 1733 1837 1796 aetas,
1878 1723 2275 1801 inprimisque,
2299 1741 2332 1778 e
2371 1723 2497 1779 Ro-

245 1808 436 1864 manis
479 1810 734 1888 quisquis
786 1821 1006 1866 veteres
1061 1807 1326 1866 historias
1384 1810 1813 1886 conscripserat.
1897 1805 2193 1865 Videndus
2244 1809 2305 1862 in
2342 1803 2495 1864 hanc

247 1913 376 1950 rem
403 1895 666 1971 inprimis
697 1893 861 1952 Sext.
890 1894 1089 1951 Aurel.
1133 1895 1358 1965 Victort,
1411 1891 1545 1951 add.
1587 1894 1747 1951 locus
1790 1894 2045 1951 Tzetzae
2084 1890 2159 1949 ad
2200 1887 2494 1971 Lycophr.

251 1981 435 2052 1232,
465 1997 644 2059 quem
676 1977 752 2037 ad
777 1981 1030 2038 Dionem
1055 1981 1296 2038 retraxit
1320 1979 1599 2044 Valesius.
1683 1981 1769 2035 lta
1812 1977 2033 2035 factum
2076 1978 2145 2034 ab
2188 1979 2256 2034 iis
2274 2022 2289 2052 ,
2350 1995 2495 2057 quos

246 2064 514 2144 Virgilius
545 2065 658 2122 alio
685 2065 816 2124 loco
844 2068 1120 2146 sequitur.
1205 2065 1390 2138 Nam,
1443 2062 1602 2144 quod
1628 2061 1808 2121 modo
1839 2083 1975 2120 eum
2012 2061 2261 2119 vidimus
2301 2063 2495 2118 Latini

243 2151 492 2208 maiores
521 2149 693 2209 edere
721 2153 1018 2226 Faunum,
1065 2151 1276 2208 Picum
1305 2160 1362 2207 et
1391 2148 1713 2206 Saturnum
1741 2159 2007 2222 atavum,
2050 2146 2111 2205 id
2140 2147 2335 2226 paullo
2363 2157 2494 2224 post

242 2253 302 2294 v·
363 2239 484 2298 177
523 2255 650 2317 sqq.
707 2236 935 2296 deserit.
1019 2238 1090 2294 In
1130 2237 1324 2294 Latini
1365 2237 1557 2312 regia:
1627 2233 1791 2310 Quin
1832 2235 2013 2290 etiam
2052 2243 2315 2290 veterum
2353 2229 2493 2308 effi—

235 2321 374 2398 giea
431 2339 502 2376 ex
555 2321 764 2378 ordine
811 2339 1066 2394 avorum
1120 2320 1406 2398 Antiqua
1449 2339 1520 2376 ex
1567 2319 1779 2391 θεὼ-0,·
1848 2317 2163 2396 Italusque
2196 2325 2493 2396 paterque

252 2401 524 2462 Sabinus
559 2407 847 2466 Wtisator
864 2449 885 2476 ‚
929 2425 1183 2465 curvam
1209 2423 1457 2464 servans
1492 2402 1605 2461 sub
1652 2405 1920 2482 imagine
1941 2402 2183 2482 fille-em
2196 2443 2221 2472 ,
2271 2401 2491 2459 Samr-

243 2509 478 2568 quue
505 2511 680 2548 senex
717 2493 976 2570 Ianique
1005 2489 1300 2569 ‘bifrontis
1335 2492 1537 2568 imago
1590 2489 1660 2548 V
1647 2488 1895 2546 estibulo
1942 2486 2289 2547 adstabant.
2380 2487 2491 2545 Hic

252 2572 522 2631 Sabinus
566 2574 645 2633 ad
697 2578 942 2635 Sabinos
968 2622 986 2649 ,
1039 2579 1142 2657 qui
1179 2578 1330 2633 inter
1367 2578 1778 2635 vetustissimos
1820 2594 1895 2632 ex
1940 2575 2267 2632 Ausonibus
2309 2572 2489 2646 fuere,

241 2655 581 2718 referendus
621 2671 706 2718 est
720 2705 736 2733 ,
795 2662 982 2739 gentis
1027 2679 1062 2717 a
1101 2660 1397 2717 nonnullis
1413 2704 1429 2733 ,
1486 2670 1553 2715 ut
1596 2679 1632 2716 a
1676 2662 1894 2717 Catone
1908 2704 1925 2733 ,
1986 2670 2185 2717 auctor
2232 2655 2492 2733 habitus3

243 2747 352 2803 etsi
381 2746 480 2803 alii
507 2745 672 2802 aliter
699 2744 774 2803 de
801 2746 1003 2824 populi
1033 2747 1255 2821 origine
1283 2754 1340 2799 et
1366 2746 1607 2800 nomiae
1635 2748 1882 2821 argutati
1910 2754 2063 2801 sunt.
2138 2744 2311 2801 Silius
2338 2744 2490 2818 Vm,

240 2828 370 2895 424
421 2824 654 2886 Sabum
685 2841 876 2889 vocat.
935 2830 1088 2888 conf.
1131 2831 1420 2910 Pompon.
1470 2828 1611 2885 Sub.
1641 2826 1715 2883 ad
1744 2826 1805 2885 h.
1834 2829 1875 2885 l.
1902 2828 2028 2901 VII,
2064 2831 2206 2890 178.
2294 2826 2493 2883 Italus

239 2926 442 2975 autem
471 2914 546 2972 ad
577 2917 876 2983 Oenotrios
903 2924 1122 2995 spectat
1139 2959 1154 2987 ,
1211 2933 1356 2995 quos
1383 2914 1691 2971 Ausonum
1718 2910 1880 2970 sedes
1918 2913 1981 2969 in
2026 2922 2286 2968 extrema
2328 2912 2491 2967 Italia

242 3017 556 3080 occupasse
586 3012 677 3075 et,
723 2999 882 3083 quod
910 3000 1206 3080 probabile
1237 3010 1348 3071 est,
1389 3018 1528 3057 cum
1570 2996 1777 3055 iisdem
1815 2998 2142 3076 promiscue
2188 2993 2489 3069 habitasse,

240 3106 414 3167 supra
443 3086 714 3145 vidimus.
799 3089 1066 3167 Namque
1093 3088 1158 3143 in
1199 3082 1289 3143 his
1337 3085 1477 3143 locis
1524 3086 1781 3163 primum
1820 3085 2019 3141 Italiae
2063 3101 2280 3139 nomen
2322 3079 2491 3139 audi-

239 3184 371 3231 tum
411 3184 530 3247 est,
583 3174 708 3231 sive
749 3174 822 3230 ab
861 3174 1006 3231 Italo
1035 3188 1173 3249 rege
1197 3173 1321 3229 slve
1349 3170 1420 3228 ab
1452 3172 1564 3228 alia
1602 3189 1800 3229 caussa
1842 3168 2105 3228 ductum.
2161 3166 2315 3225 conf.
2360 3168 2491 3223 Ex-

241 3278 394 3317 curs.
445 3260 592 3321 xxl
633 3256 709 3317 ad
749 3253 850 3317 lib.
897 3261 943 3317 Ι.
1026 3259 1239 3315 Italum
1298 3258 1603 3315 Oenotrios
1624 3301 1641 3331 ,
1701 3257 1802 3336 qui
1868 3253 2105 3333 dispersi
2154 3250 2491 3311 habitabant

241 3338 572 3421 (νομάδας)
593 3388 610 3415 ,
667 3343 742 3401 ad
791 3345 1200 3423 agriculturam
1255 3340 1595 3414 adduxisse,
1656 3341 1812 3419 leges
1861 3342 2147 3418 scripsisse
2196 3350 2281 3411 et,
2340 3340 2491 3395 inter

241 3430 385 3502 alia,
416 3428 678 3487 sodalitia
707 3432 1088 3509 conviviaque
1133 3428 1367 3509 publica
1410 3425 1741 3503 (συσσίτια)
1786 3425 1861 3483 ad
1900 3444 2072 3485 suum
2110 3444 2296 3505 usque
2336 3434 2490 3481 tem-

238 3534 350 3594 pus
377 3516 740 3595 frequentata
769 3516 1124 3573 constituisse
1152 3523 1346 3572 narrat
1372 3513 1706 3571 Aristoteles
1736 3508 1809 3569 de
1838 3515 1984 3591 Rep.
2012 3511 2137 3582 VII,
2186 3515 2285 3583 10,
2332 3507 2490 3589 quod

237 3602 450 3658 frustra
493 3612 778 3658 conantur
804 3600 880 3658 ad
909 3599 1231 3660 Saturnum
1269 3618 1560 3657 revocare.
1646 3596 1863 3669 Quidni
1906 3596 2187 3656 Oenotriis
2226 3612 2355 3653 suas
2396 3595 2489 3651 fa-

241 3684 404 3744 bulas
435 3682 862 3767 relinquimus?

413 3820 638 3879 Altera
687 3818 1031 3902 mythorum
1067 3821 1411 3881 Latinorum
1449 3816 1991 3897 interpolandorum
2034 3818 2177 3874 ratio
2226 3816 2298 3872 ab
2347 3814 2491 3871 alle·-

238 3909 451 3989 goriois
478 3909 896 3965 narrationibus
924 3908 1216 3986 profecta,
1259 3924 1400 3987 quas
1444 3906 1509 3961 in
1548 3902 1914 3961 historiarum
1958 3900 2223 3959 ordinem
2274 3910 2331 3957 et
2372 3918 2490 3955 nu-

237 4009 478 4051 merum
503 3996 740 4051 seriores
768 3994 1116 4051 retulerunt:
1149 3990 1308 4070 quod
1335 3988 1496 4048 idem
1520 3990 1673 4047 inter
1700 3990 1951 4047 Graecos
1980 3998 2036 4044 et
2066 4005 2267 4043 omnes
2296 3986 2492 4041 omni-

237 4099 320 4137 no
351 4089 638 4138 terrarum
674 4081 917 4159 populos
961 4078 1185 4135 factum
1231 4096 1354 4133 esse
1402 4072 1583 4132 modo
1623 4078 1686 4131 iu
1724 4074 1919 4132 multis
1958 4070 2137 4130 modo
2186 4072 2248 4126 in
2290 4070 2489 4147 paucis

235 4164 618 4230 manifestum
647 4175 750 4221 est.
835 4167 920 4222 lta
950 4162 1270 4233 Saturnus,
1300 4162 1563 4238 Faunus,
1604 4161 1808 4230 Ianus,
1850 4160 2001 4215 inter
2025 4157 2219 4215 Latini
2243 4156 2490 4211 maiores

239 4252 408 4308 relati
435 4260 570 4307 sunt
589 4293 608 4321 ‚
653 4251 754 4329 qui
780 4261 978 4306 tamen
1007 4246 1324 4326 symbolica
1369 4246 1607 4303 fuerunt
1648 4246 1889 4301 nomina
1930 4261 1997 4299 ac
2037 4243 2201 4318 signa
2220 4282 2235 4310 ,
2283 4237 2489 4315 quibus

236 4336 428 4395 varias
457 4352 548 4391 res
574 4331 837 4413 physicas
869 4345 926 4391 et
966 4330 1182 4391 ethicas
1225 4328 1549 4388 declarabat
1590 4339 1753 4387 vetus
1789 4328 1981 4401 ltalia3
2026 4335 2093 4383 ut
2132 4326 2395 4381 Excursu
2438 4321 2491 4378 V

233 4419 588 4481 videbimus.
