3009 5050
524 428 675 501 708
1005 417 1680 499 P.V1RG1L11
1743 415 2304 495 MARONIS

526 612 855 695 pugnacula
881 613 1265 694 proximaque
1295 608 1600 670 aedificia
1583 630 1784 691 ignem
1811 609 2044 669 coniicit
2069 644 2158 655 -—
2181 610 2327 677 592.
2409 609 2500 667 Ibi
2539 610 2772 685 Amata,

528 720 665 759 cum
707 701 983 757 Turnum
1024 700 1283 757 occisum
1327 698 1733 772 arbitraretur,
1791 695 2002 755 doloris
2044 694 2405 777 impatientia
2441 696 2654 776 laqueo
2681 696 2776 752 vi·—

526 796 649 844 tam
676 784 803 841 finit
830 816 913 826 -—
946 788 1090 847 613.
1178 784 1280 841 His
1324 784 1494 841 rebus
1535 784 1742 841 ἸἸιι-ιιο
1779 802 1886 861 per
1935 783 2145 841 Sacem
2186 783 2493 857 nuntiam,
2536 800 2674 840 cum
2702 800 2774 839 eo

526 890 653 927 rem
704 868 1000 927 redactam
1053 868 1303 941 videret,
1362 878 1432 926 ut
1470 868 1580 927 sibi
1619 870 1939 926 necessario
1985 866 2386 925 dimicandum
2427 877 2600 941 esset,
2663 867 2776 925 nisi

526 956 749 1035 perpeti
788 954 989 1013 mallet
1028 956 1318 1015 sociorum
1360 954 1597 1027 urbem,
1637 974 1702 1013 ae
1729 956 2099 1033 inspiciente,
2142 956 2206 1011 in
2235 951 2492 1011 hostium
2517 962 2778 1031 potesta-

528 1050 651 1099 tem
690 1041 990 1118 pervenire
1004 1081 1022 1112 ,
1078 1041 1231 1100 ultro
1274 1041 1540 1099 Aeneam
1573 1059 1661 1113 ‘ex
1703 1040 2050 1121 praescripto
2092 1038 2340 1098 foederis
2383 1036 2458 1097 ad
2485 1039 2778 1117 singulare

530 1136 819 1184 certamen
856 1134 1132 1205 provocat
1157 1158 1244 1169 —
1273 1128 1420 1190 696.
1504 1127 1594 1183 Ea
1631 1144 1832 1205 pugna
1871 1127 2134 1205 superior
2171 1126 2430 1199 Aeneas,
2473 1143 2612 1183 cum
2637 1124 2778 1183 vinti

526 1210 705 1270 hostis
741 1210 1007 1290 precibus
1046 1211 1167 1268 iam
1206 1229 1394 1291 paene
1430 1208 1507 1269 ad
1551 1209 2006 1270 misericordiam
2047 1210 2409 1285 flecteretur,
2466 1218 2776 1290 conspecto

452 1366 461 1373 ,
526 1300 592 1355 in
616 1295 873 1355 humens
900 1298 1021 1355 eius
1050 1296 1271 1369 balteo,
1314 1314 1494 1376 quem
1524 1298 1710 1355 occiso
1738 1296 1988 1355 Pallanti
2015 1298 2253 1357 Turnus
2283 1294 2640 1370 detraxerat,
2680 1314 2778 1353 re-

528 1392 703 1463 pente
742 1382 829 1442 ira
876 1400 1151 1443 accensus
1190 1378 1385 1489 gladio
1428 1400 1536 1463 per
1573 1392 1776 1463 pectus
1822 1381 2030 1443 adacto
2075 1402 2214 1441 eum
2255 1382 2376 1443 vita
2429 1382 2638 1463 spoliat
2689 1412 2778 1427 --

530 1466 605 1528 ad
632 1466 735 1529 fin.

1444 1680 1668 1689 c———u-
1675 1683 1713 1690 ο-
1726 1683 1750 1689 —

1772 1683 1860 1690 ‘—

532 1872 893 1999 Turnus
920 1934 1011 1997 ut
1051 1918 1428 1999 infractos
1455 1922 1790 2001 adverso
1823 1928 2078 2001 Marte
2109 1922 2430 2001 Latinos

528 2023 930 2105 Defecisse
967 2024 1223 2122 videt,
1277 2050 1416 2102 sua
1458 2051 1675 2103 nunc
1717 2026 2110 2129 promissa
2154 2025 2490 2128 reposci,

615 2221 767 2281 Tela
791 2221 912 2279 iam
939 2218 1171 2279 detexta
1184 2264 1202 2295 ,
1246 2230 1305 2281 et
1328 2222 1501 2281 rebus
1529 2220 1608 2281 ad

529 2309 908 2369 novissimum
924 2316 1291 2365 momentum
1312 2306 1605 2367 adductis:

531 2414 669 2454 cum
694 2412 894 2475 pugna
917 2392 1095 2451 altero
1124 2391 1219 2453 die
1247 2394 1608 2474 expectanda

530 2481 604 2542 ait
620 2524 637 2556 ‚
680 2498 797 2562 qua
846 2480 1121 2538 Turnum
1163 2499 1287 2539 esse
1338 2500 1608 2541 casurum

530 2568 701 2626 facile
754 2566 995 2647 quilibet
1047 2565 1377 2644 praevidet:
1450 2585 1608 2626 nova

530 2663 731 2712 tamen
775 2671 971 2710 rerum
1012 2663 1312 2711 momenta
1340 2655 1615 2712 excitavit

530 2748 705 2819 poeta
715 2739 1068 2818 variavitque
1076 2740 1467 2798 narrationem
1492 2740 1615 2797 mi-

532 2824 711 2885 rifice.
792 2825 1035 2902 Pugnae
1060 2825 1359 2906 utriusque
1389 2825 1616 2882 exerci-

532 2921 625 2968 tus
652 2909 1011 2969 substituitur
1024 2919 1315 2968 certamen
1329 2913 1479 2970 inter
1490 2911 1615 2968 Ae·-

532 3015 709 3054 neam
738 3005 797 3052 et
808 2997 1083 3053 Turnum
1108 2996 1420 3074 singulare.
1458 2997 1616 3054 Foe-

534 3080 683 3140 deris
714 3079 1071 3139 conditiones
1106 3082 1301 3160 ipsmn
1334 3079 1612 3140 Aeneidis

534 3177 945 3245 argumentum
977 3184 1044 3223 ac
1072 3163 1255 3224 finem
1292 3170 1612 3242 continent,

534 3262 601 3310 ut
630 3251 916 3309 Troiani
898 3271 962 3308 ιιι
987 3251 1153 3309 Latio
1194 3246 1451 3328 (v187
1480 3272 1611 3334 sqq.

534 3339 661 3402 202
676 3338 833 3418 sqq)
874 3333 1035 3394 sedes
1080 3347 1264 3396 certas
1306 3339 1611 3418 accipiant.

534 3425 657 3480 Nec
684 3433 881 3480 tamen
893 3419 1007 3480 hoc
1026 3423 1249 3480 exitum
1262 3419 1455 3498 habet,
1482 3433 1612 3482 tur-

536 3509 671 3566 bato
688 3505 938 3566 foedere.
967 3508 1056 3564 lta
1080 3526 1236 3566 nova
1257 3527 1614 3568 rerumoon-

536 3594 723 3653 veraio
750 3594 1025 3651 exoritur.
1106 3595 1377 3653 Increscit
1416 3603 1614 3652 nostra

536 3676 857 3738 sollicitudo
874 3721 893 3752 ‚
934 3697 1073 3736 cum
1113 3680 1378 3740 Aeneam
1402 3679 1614 3739 vulne-

536 3774 729 3822 ratum
744 3807 759 3838 ,
804 3783 993 3843 eoque
1026 3785 1107 3823 ex
1146 3785 1348 3845 pugna
1388 3762 1614 3824 subdu-

537 3859 631 3908 cto
643 3851 915 3907 Turnum
942 3849 1231 3926 audacter,
1262 3853 1310 3910 si
1332 3869 1614 3932 unquam,

536 3955 601 3994 ae
636 3937 949 3994 iactantem
988 3935 1272 3996 videmus.
1380 3939 1617 3995 Praeter

536 4039 701 4101 spem
738 4023 968 4081 Aeneas
1004 4033 1236 4081 sanatus
1264 4023 1325 4078 in
1354 4040 1616 4101 pugnam

539 4105 726 4166 redux
775 4109 1047 4166 Turnum
1085 4107 1161 4165 ad
1201 4126 1461 4188 pugnam
1506 4105 1618 4164 de-

536 4195 743 4273 poscit.
800 4191 923 4253 Sed
957 4204 1015 4252 et
1041 4189 1193 4250 hanc
1221 4201 1477 4250 nostram
1505 4212 1615 4249 ex-

537 4281 927 4360 pectationem
996 4278 1285 4356 intercipit
1341 4278 1616 4336 Iuturnae

536 4365 711 4424 fraus.
738 4363 835 4422 Ad
862 4365 1065 4422 ultima
1084 4372 1447 4442 perventum,
1476 4381 1618 4420 cum

541 4449 766 4508 Aeneae
804 4447 881 4508 ad
918 4447 1124 4506 urbem
1152 4449 1471 4508 exercitum
1500 4445 1616 4506 du·-

1691 2222 1770 2283 cit
1795 2242 2046 2305 eamque
2093 2238 2433 2303 oppugnare
2463 2218 2777 2277 constituit.

1690 2308 1962 2367 Procedit
1987 2327 2146 2366 nunc
2163 2308 2403 2365 Turnus
2431 2306 2496 2363 in
2515 2322 2776 2383 pugnam

1691 2405 1750 2453 et
1781 2396 1968 2455 victus
2007 2394 2378 2452 interimitur.
2463 2388 2588 2451 Sed
2633 2398 2692 2448 et
2717 2390 2779 2446 in

1688 2478 1779 2540 hia
1826 2481 2014 2540 multa
2059 2478 2306 2538 deorum
2329 2478 2662 2538 interventu
2685 2476 2782 2532 in-

1687 2565 1890 2628 cidunt
1905 2609 1923 2642 ,
1990 2567 2200 2648 quibua
2255 2566 2498 2643 erIgitur
2549 2564 2778 2622 unimus

1693 2673 1762 2712 ac
1789 2654 2045 2714 novitate
2085 2651 2424 2711 delectatur.

1787 2828 1844 2888 1.
1887 2821 2222 2902 infractos:
2285 2829 2514 2896 „antea
2551 2835 2780 2896 semper

1695 2929 1820 2968 non
1857 2909 2066 2968 fractos
2079 2909 2140 2983 “,
2183 2908 2592 2986 interpretatur
2635 2903 2780 2962 Ser-

1694 2997 2200 3139 (γΙίειῈιιιιιψίιθιωΙιιο
2225 3098 2373 3138 voce
2401 3000 2778 3154 hez-tergpmg

1691 3169 1898 3240 tuisse,
1929 3185 2110 3246 quam
2134 3165 2257 3222 iam
2284 3164 2588 3246 aliquoties
2629 3179 2778 3240 poe-

1693 3262 1788 3311 tae
1817 3253 2250 3332 frequentatum
2291 3247 2578 3322 vidimus,
2623 3267 2680 3306 v.
2721 3265 2778 3304 c.

1693 3357 1823 3418 sup.
1853 3339 1960 3412 IX,
1989 3338 2116 3400 499
2159 3334 2462 3412 anfractae
2485 3331 2578 3391 ad
2587 3350 2778 3410 prae-

1696 3422 1786 3480 lia
1825 3424 2001 3481 vireo.
2093 3422 2451 3480 Monuerunt
2487 3437 2648 3478 nunc
2675 3436 2774 3476 sa·-

1693 3511 1766 3567 tia
1815 3509 1988 3566 multi
2037 3506 2376 3586 infractam
2427 3524 2550 3564 ease
2605 3501 2778 3562 valde

1693 3594 1963 3653 finctum.
2025 3591 2100 3650 ct.
2144 3592 2238 3650 vel
2277 3589 2548 3650 Gerdam.
2615 3589 2684 3645 in
2713 3588 2777 3646 in

1694 3676 1786 3738 hia
1815 3676 1992 3738 habet
2029 3679 2152 3736 vim
2192 3679 2552 3736 Graecorum
2599 3699 2638 3734 α
2681 3675 2777 3732 in-

1695 3765 1924 3838 musivi,
1951 3764 2001 3822 si
2027 3761 2208 3822 modo
2237 3773 2553 3843 utrumque
2581 3761 2778 3818 inteu-

1695 3848 1817 3925 dit,
1885 3869 1997 3908 nec
2053 3851 2270 3929 potius,
2341 3858 2409 3906 ut
2461 3865 2634 3927 saepe
2691 3845 2773 3914 fit,

1697 3937 1950 3994 otiosum
1987 3944 2154 3994 vacat
2193 3944 2252 3992 et
2297 3957 2335 3992 α
2365 3942 2422 3990 et
2451 3932 2536 3994 in.
2595 3933 2778 4008 (otio-

1695 4041 1838 4164 sun:i
1857 4017 2256 4182 qnidezsesge’
2285 4015 2446 4166 ἱιὲιιά
2463 4028 2618 4076 recte
2631 4009 2776 4075 con-'-

1696 4117 1795 4164 ten
1838 4108 1968 4164 eris-
2123 4125 2176 4165 ν,
2443 4121 2558 4160 cua
2614 4119 2776 4160 nunc

1689 4193 1989 4268 pronuba-a
2009 4212 2027 4246 .·
2086 4189 2161 4248 de
2203 4190 2442 4248 meliore
2479 4205 2776 4249 annorum

1695 4295 1962 4335 successu
1976 4319 1992 4349 ,
2035 4285 2095 4332 et
2142 4273 2216 4332 de
2259 4293 2456 4353 pugna
2485 4291 2626 4332 cum
2652 4274 2776 4352 ipso

1695 4363 1898 4420 Aenea
1937 4357 2212 4418 ineunda.
2255 4380 2313 4418 v.
2353 4378 2484 4438 sup.
2515 4359 2622 4431 xl,
2650 4357 2774 4421 486

1693 4467 1824 4530 sqq.
1865 4447 2058 4526 posci,
2101 4444 2426 4526 expectari,
2469 4453 2536 4501 ut
2573 4443 2644 4502 iis
2681 4460 2776 4502 aa·
