3009 5050
528 426 683 499 442
1022 419 1103 494 P.
1159 417 1705 496 VIRGILII
1753 411 2344 497 MARONIS‘

528 611 729 682 Arva
757 603 1009 680 aliena
1040 604 1227 703 iugo
1257 627 1671 704 premere,
1725 615 1962 705 atque
1999 617 2354 682 avertere
2379 603 2768 704 praedas?

530 706 781 804 Quid,
834 729 1155 784 soceros
1200 707 1503 805 legere,
1559 719 1642 784 et
1679 707 1999 804 gremiis
2029 707 2428 785 abducere
2455 719 2767 809 pactas?

525 815 817 888 Pacem
844 833 1074 888 orare
1116 834 1391 906 manu,
1441 809 1888 911 praefigere
1914 812 2318 914 puppibus
2355 821 2626 890 arma?
2669 822 2766 892 80

662 1003 732 1058 78
766 1002 901 1056 Huic
938 993 999 1054 'in
1046 1000 1312 1054 nonnullis
1354 1018 1402 1054 v·
1446 1000 1518 1056 79
1550 1001 1805 1070 praeponi
1850 1010 2002 1054 notat
2049 1001 2220 1056 Burni.
2291 1002 2583 1056 advertere
2631 1003 2766 1055 alter

524 1071 713 1124 Hamb.
767 1081 823 1123 et
854 1070 1052 1124 zulich.
1100 1087 1217 1123 cum
1250 1069 1416 1123 Goth.
1465 1088 1548 1139 pr.
1618 1083 1871 1130 avertere
1899 1073 2196 1142 praedant,
2246 1071 2486 1140 abigere,
2522 1071 2763 1124 sollenne

526 1152 623 1194 est.
654 1143 794 1194 conf.
828 1143 897 1193 ad
932 1143 973 1206 1,
1006 1139 1127 1194 472.
1193 1151 1442 1193 ever-tere
1474 1139 1696 1191 Oudart.
1830 1140 1900 1194 79
1933 1141 2056 1211 lege
2089 1153 2148 1193 et
2179 1141 2417 1195 Parthas.
2453 1159 2570 1194 cum
2603 1143 2760 1196 Goth.

524 1228 629 1264 aec.
676 1201 976 1265 'adducere
1009 1209 1163 1262 Leid-
1300 1209 1373 1264 80
1402 1220 1459 1262 et
1486 1209 1671 1280 praefi
1707 1208 1858 1262 Rom.
1895 1219 1950 1260 et
1984 1211 2185 1280 aliquot
2205 1211 2343 1262 Pier-

519 1369 739 1443 minat,
781 1388 933 1451 quae
959 1370 1024 1428 in
1064 1369 1218 1428 bello
1246 1367 1372 1425 fieri
1396 1365 1602 1442 solent,
1686 1364 1924 1426 cedatur
1938 1412 1955 1442 ,
1997 1379 2218 1448 spectat
2258 1367 2539 1426 alterum:
2574 1387 2760 1445 prae-

522 1456 631 1512 etsi
658 1473 696 1513 a
724 1455 993 1514 Troianis
1022 1474 1092 1512 ea
1118 1455 1271 1513 facta
1298 1473 1419 1511 esse
1445 1470 1602 1510 non·
1665 1451 1870 1530 figere
1903 1452 2221 1532 puppibus
2275 1475 2473 1512 arma.
2579 1456 2760 1534 Igitur

520 1538 668 1597 dum
712 1551 955 1599 constat.
1008 1539 1166 1618 face
1218 1541 1417 1619 itaque
1457 1555 1600 1616 pro-
1683 1537 1760 1596 ad
1805 1537 2086 1598 invidiam
2141 1537 2394 1598 deflectit
2435 1539 2496 1598 id
2510 1584 2527 1612 ,
2605 1539 2758 1621 quod

516 1627 680 1704 prie3
730 1627 885 1682 male
926 1625 1092 1684 Serv.
1144 1626 1395 1705 explicat
1420 1643 1597 1680 saevo
1677 1642 1852 1702 supra
1879 1635 2176 1683 narratum
2203 1625 2355 1700 VIII,
2387 1629 2472 1691 92
2497 1627 2560 1682 in
2592 1625 2758 1682 simili

520 1705 675 1766 bello
688 1731 715 1781 ;
744 1730 855 1768 nec
883 1710 1033 1769 bene
1056 1711 1379 1768 Burmann.
1392 1710 1596 1767 remit·
1657 1707 1918 1768 ·Aeneae
1969 1711 2174 1769 Tiberi
2211 1710 2452 1770 adverso
2511 1713 2756 1790 naviga-

516 1795 589 1852 fit
614 1792 689 1852 ad
703 1795 806 1854 lib.
822 1794 1106 1870 V11,456,
1132 1795 1235 1853 ubi
1260 1795 1467 1853 Alecto
1473 1793 1598 1872 fa-
1677 1795 1870 1853 tione:
1915 1796 2190 1854 Miratur
2216 1817 2427 1854 nemus
2460 1797 2756 1854 insuetum

518 1897 648 1935 cem
674 1880 865 1938 'Furni
890 1881 1112 1959 pectori
1138 1881 1418 1938 immittit.
1462 1882 1596 1938 Non
1657 1879 1981 1958 fulgentia
2034 1881 2214 1960 longe
2280 1881 2472 1939 Scuta
2530 1885 2746 1940 vit-um.

514 1965 701 2043 magis
741 1965 983 2044 praedas
1040 1977 1277 2044 egerant
1327 1965 1592 2042 Troiani,
1673 1965 1825 2044 (Sed
1851 1963 1994 2047 quid
2024 1978 2110 2026 est
2137 1969 2367 2024 Pacem
2397 1985 2570 2023 orare
2609 1988 2670 2024 m
2685 1987 2753 2024 a·-

516 2069 697 2130 quam
732 2050 1001 2110 incendia
1038 2071 1145 2131 per
1172 2070 1340 2130 agros
1367 2071 1596 2130 sparse-
1671 2050 1822 2110 nu?
1867 2054 2124 2112 Gronov.
2152 2053 2334 2111 Diatr.
2364 2073 2424 2132 p.
2467 2054 2622 2116 307.
2650 2072 2750 2110 ex-

512 2147 665 2196 rant.
720 2136 845 2196 sed
869 2135 945 2195 ad
960 2135 1240 2196 invidiam
1266 2135 1595 2196 faciendam
1621 2199 1624 2202 ,
1668 2138 1886 2216 plicat:
1930 2139 2318 2216 protentis
2345 2138 2624 2198 manibus
2648 2157 2750 2218 pa-

514 2239 585 2278 ea
652 2223 849 2280 omnia
900 2233 1354 2301 commemorat,
1438 2241 1592 2303 quae

510 2303 637 2363 fieri
664 2308 801 2366 belli
828 2327 992 2366 more
1016 2319 1302 2388 poterant.
1348 2305 1471 2385 (——
1485 2311 1590 2373 78.

509 2390 693 2451 Arva
733 2393 939 2451 aliena
974 2395 1118 2472 iugo
1136 2415 1409 2472 premere
1425 2417 1444 2450 .-
1488 2395 1588 2453 An

508 2475 587 2537 ad
625 2479 765 2555 VH,
807 2483 951 2546 157.
1008 2482 1305 2561 respicitur
1346 2491 1404 2539 et
1446 2483 1587 2542 ritus

506 2564 607 2621 ille
649 2564 1002 2643 significatur
1037 2569 1237 2625 locum
1278 2568 1409 2625 urbi
1439 2586 1587 2625 con-

508 2646 735 2708 dendae
782 2650 1047 2732 capiendi
1084 2648 1586 2733 designandique?

506 2733 609 2794 Sic
636 2746 831 2795 autem
858 2739 1043 2797 solent
1056 2741 1424 2798 criminantes
1447 2758 1586 2797 vera

502 2821 829 2882 immiscere
868 2825 1061 2896 falsis,
1116 2845 1233 2906 quo
1276 2826 1452 2883 etiam
1494 2822 1585 2884 his

502 2905 647 2967 fides
684 2908 939 2969 accedat.
997 2908 1119 2971 Sed
1146 2920 1393 2990 praestat
1406 2954 1423 2982 ,
1448 2930 1584 2969 mea

500 2999 784 3055 sententia
799 3042 815 3072 ,
902 2998 983 3054 ita
1022 2994 1167 3053 haec
1224 2997 1578 3073 intelligere:

502 3098 640 3139 arva
687 3084 875 3139 aliena
918 3092 1221 3163 tamquam
1254 3100 1358 3139 sua
1398 3100 1578 3157 arare,

498 3166 543 3223 i.
582 3186 636 3225 e.
677 3170 923 3225 aliorum
982 3169 1363 3245 possessiones
1408 3168 1580 3225 inva-

500 3249 661 3310 dere.
698 3253 877 3329 W.)
964 3256 1067 3317 79.
1100 3252 1318 3331 legere,
1348 3252 1580 3331 eligere,

496 3356 747 3397 minere.
832 3339 1147 3417 Pei-peram
1190 3356 1331 3396 cum
1371 3339 1576 3398 Servio

496 3424 630 3483 alii:
672 3424 851 3481 furari
864 3468 880 3497 ,
922 3424 1225 3503 sublegere
1254 3432 1575 3512 exponunt.

488 3510 741 3587 gremiis
766 3528 1126 3583 socerorum,
1177 3508 1440 3590 adeoque
1466 3528 1579 3589 pa-

494 3605 748 3653 rentum.
818 3592 982 3672 (vid.
1023 3597 1159 3654 Not.
1198 3593 1274 3653 ad
1312 3596 1461 3652 Aen.
1498 3596 1574 3670 11,

495 3680 643 3745 679.
679 3680 857 3757 Wr.)
891 3690 1115 3757 pactas
1136 3682 1291 3756 aliis3
1320 3680 1574 3739 scil.La-

490 3765 733 3824 viniam.
816 3768 998 3823 Decet
1036 3769 1267 3824 numeri
1310 3766 1574 3845 enallage

490 3850 641 3907 iram
687 3860 745 3909 et
790 3848 967 3909 habet
1011 3854 1151 3910 vim.
1238 3851 1355 3929 (Ita
1380 3853 1571 3910 solent

490 3945 699 4015 poetae
730 3956 851 3994 non
878 3939 1003 4015 ipso
1028 3957 1133 3996 suo
1163 3939 1422 4011 nomine,
1465 3936 1570 3996 sed

488 4040 568 4079 ex
594 4040 659 4077 re
686 4020 955 4081 adiuncta
973 4068 989 4097 ,
1019 4023 1331 4103 appellatos
1359 4023 1569 4101 plurali

484 4126 737 4165 numero
776 4106 1109 4187 designare3
1160 4108 1266 4166 cfr.
1304 4110 1441 4166 Not.
1489 4105 1566 4167 ad

488 4194 533 4267 1,
547 4191 609 4257 4.
662 4192 838 4271 W.)
926 4198 1029 4259 80.
1070 4196 1205 4253 Non
1233 4189 1439 4251 eadem
1462 4193 1567 4252 sed

487 4278 710 4339 diversa
740 4290 829 4338 est
858 4282 1161 4339 sententia.
1246 4278 1344 4337 Ad
1375 4280 1564 4339 minas

488 4385 525 4424 a
578 4366 849 4425 Troianis
895 4366 1072 4425 factas
1088 4410 1104 4441 ,
1182 4366 1443 4425 obtinere
1500 4386 1564 4425 se

484 4470 653 4532 posse
678 4453 739 4512 vi
753 4496 770 4529 ,
798 4450 959 4535 quod
986 4452 1251 4533 precibus
1272 4466 1399 4513 non
1416 4470 1564 4512 con-

1673 2241 1806 2280 cem
1833 2241 2016 2282 orare.
2067 2225 2190 2282 Nec
2219 2222 2467 2282 debebat
2492 2223 2594 2280 ille
2621 2225 2748 2281 Em.

1671 2308 1896 2368 Cruceo
1909 2307 2217 2367 Antidiatr.
2239 2329 2299 2388 p.
2320 2311 2440 2372 119
2468 2327 2576 2387 per
2603 2329 2748 2389 oxy-

1669 2413 1881 2453 moron
1921 2391 2070 2453 haec
2107 2395 2506 2475 interpretanti
2545 2413 2749 2452 manus

1669 2477 1807 2539 dare
1822 2482 1886 2538 in
1899 2477 2162 2541 Elencho
2177 2477 2485 2539 Antidiatr.
2500 2499 2561 2559 p.
2581 2484 2614 2543 1
2625 2483 2747 2555 96.;

1667 2585 2028 2647 quamquam
2041 2587 2118 2624 ne
2143 2570 2338 2647 ipsum
2355 2564 2598 2647 quidem
2607 2568 2745 2625 Gro-

1663 2654 1908 2710 novium
1927 2672 2054 2711 rem
2069 2670 2179 2711 acu
2195 2653 2448 2731 tetigisse
2463 2654 2745 2710 existimo.

1663 2736 1918 2795 Attende
1958 2737 2136 2797 modo
2180 2736 2258 2797 ad
2299 2739 2438 2796 bina
2486 2738 2745 2818 opposita

1653 2842 1878 2901 pacem
1899 2856 1987 2867 ——
2009 2844 2227 2895 arma,
2270 2842 2560 2881 manu—
2573 2844 2744 2901 pup-

1651 2906 1872 2987 pibus,
1913 2919 2046 2967 tum
2073 2906 2149 2969 ad
2182 2910 2308 2969 vim
2332 2908 2741 2986 verbiprae-

1645 2994 1847 3073 figas
1859 3036 1886 3065 ,
1928 2996 2272 3075 comparatis
2289 3040 2306 3070 ,
2363 3014 2506 3075 quos
2549 2997 2743 3052 mani-

1661 3080 1810 3138 festo
1839 3082 2070 3160 respicit
2096 3091 2285 3160 poeta,
2325 3100 2437 3139 vss.
2453 3081 2578 3153 vll,
2601 3078 2738 3145 154.

1665 3168 1852 3230 237.=
1925 3211 1963 3241 „
1978 3168 2028 3223 P
2045 3186 2075 3225 r
2090 3186 2124 3225 a
2140 3167 2424 3225 efer-imus
2475 3167 2740 3223 manibus

1660 3252 1830 3309 vittas
1861 3260 1919 3308 et
1958 3252 2192 3311 verba
2239 3272 2418 3332 pree
2438 3251 2738 3325 antia:“

1659 3346 1720 3394 et
1745 3336 2030 3416 intelliges
2054 3336 2208 3397 hanc
2237 3358 2358 3396 esse
2378 3335 2593 3395 horum·
2603 3356 2739 3395 ver-

1659 3422 1870 3480 borum
1884 3426 2259 3482 sententiam:
2289 3425 2508 3481 Pacem
2533 3440 2738 3501 prae-

1658 3510 1831 3566 tentis
1869 3526 2053 3567 manu
2101 3510 2276 3569 ramis
2317 3510 2532 3567 vittatis
2572 3526 2736 3567 more

1656 3594 1927 3652 sollemni
2001 3614 2184 3655 orare.
2312 3596 2474 3652 Haec
2541 3604 2736 3651 autem

1647 3678 2124 3760 praefigere
2166 3678 2484 3758 puppibus
2529 3698 2733 3748 mma,

1653 3766 1720 3822 ni
1745 3766 1931 3840 fallor,
1959 3765 2260 3825 referenda
2289 3776 2426 3823 sunt
2453 3762 2530 3823 ad
2557 3765 2733 3821 ritum

1651 3870 1728 3908 ex
1753 3852 2066 3931 posteriore
2093 3862 2355 3932 tempore
2399 3849 2518 3909 huc
2559 3870 2731 3909 revo-

1648 3946 1848 3994 catum
1861 3982 1878 4012 ,
1908 3935 1982 3996 de
2010 3956 2127 4018 quo
2158 3937 2304 3996 dixit
2333 3934 2616 3997 Scheffer.
2657 3934 2729 3994 de

1648 4024 1853 4081 Militia
1879 4024 2084 4081 Navali
2108 4043 2170 4104 p.
2205 4026 2344 4087 178.
2362 4067 2378 4097 ,
2418 4032 2486 4079 ut
2511 4021 2726 4101 clipeus

1647 4118 1952 4189 tamquam
1979 4109 2117 4167 belli
2129 4127 2480 4189 pugnaeque
2494 4108 2732 4193 signum¹

1647 4205 2066 4274 proponeretur
2122 4196 2186 4251 in
2227 4213 2379 4254 nave
2422 4192 2724 4273 praetoria.

1647 4280 1820 4339 Hunc
1849 4290 2304 4339 consentaneum
2331 4290 2417 4337 est
2445 4288 2546 4337 aut
2569 4278 2724 4335 malo

1645 4365 1909 4439 affixum,
1938 4376 2039 4423 ant
2063 4367 2129 4423 in
2147 4384 2320 4445 prora
2345 4366 2510 4423 iuxta
2537 4364 2726 4423 vexil-

1645 4452 1774 4509 lum
1789 4496 1808 4527 ,
1852 4450 1926 4509 de
1967 4470 2087 4533 quo
2131 4449 2253 4513 vid.
2283 4448 2570 4513 Soheffer.
2611 4450 2656 4507 1.
2683 4448 2721 4505 1.
