3009 5050
481 414 634 487 270

957 405 1039 477 P.
1097 398 1622 499 vinoun
1670 336 2249 475 MARONIS

485 593 1082 681 Cernere·erat;
1133 599 1561 687 totumque
1593 584 1974 659 instructo
2004 588 2258 661 Marte
2286 581 2603 661 videres
2662 638 2667 643 -

477 699 824 773 Fervere
857 694 1294 787 Leucaten,
1346 713 1708 789 auroque
1743 686 2131 786 effulgere
2156 685 2467 763 fluctus,

480 798 686 873 Hinc
715 800 1106 893 Augustus
1141 816 1375 891 agens
1405 792 1647 869 Italos
1678 792 1759 867 in
1793 792 2091 891 proelia
2122 793 2413 869 Caesar

486 903 693 979 Cum
750 897 1106 975 Patribus
1127 958 1148 999 ,
1201 896 1717 998 Populoque‚
1783 894 2211 973 Penatibus
2284 908 2363 970 et
2428 895 2735 994 magnis

1639 1000 1798 1097 Dis,

587 1193 692 1249 676
719 1204 968 1246 extructo
991 1190 1196 1262 aliquot
1218 1190 1354 1244 Pier.
1403 1191 1730 1243 instructum
1760 1188 1867 1241 alii.
1912 1189 2099 1242 videre
2122 1188 2383 1241 Montalb.
2454 1190 2557 1245 677
2582 1192 2733 1243 Leu—

483 1262 724 1328 chatem,
761 1265 1078 1325 Leucatam,
1115 1264 1475 1326 Leueamem,
1512 1260 1879 1322 Leucothoen,
1910 1260 2158 1311 aberratt.
2196 1277 2442 1329 auroque
2470 1258 2735 1329 effulgere

471 1336 716 1405 fluctu-93
767 1334 873 1383 hoc
909 1330 1297 1382 hemistichium
1341 1346 1557 1398 prorsus
1602 1327 1829 1380 otiosum
1882 1338 1939 1379 et
1982 1327 2284 1395 languidum
2330 1345 2443 1379 esse
2484 1328 2732 1393 arbitror,

485 1402 730 1471 quodque
767 1402 946 1453 Tucca
985 1402 1278 1469 Variaeque
1303 1399 1605 1451 rescindere
1643 1398 1925 1451 debebant.
1996 1400 2255 1461 Quorsum
2300 1398 2437 1449 enim
2472 1398 2577 1451 hoe
2602 1416 2734 1467 per-

483 1470 658 1524 tinet?
700 1470 936 1537 inprimis
977 1486 1092 1521 cam
1125 1470 1231 1521 iam
1266 1467 1393 1521 satis
1431 1465 1753 1520 declaratum
1794 1478 1933 1519 esset
1973 1484 2077 1517 vss.
2120 1466 2249 1521 671.
2280 1468 2383 1521 672
2422 1486 2573 1520 mare
2612 1486 2734 1521 esse

483 1558 726 1593 aureum.
795 1540 860 1590 Et
901 1540 1128 1591 debebat
1181 1555 1300 1590 esse
1336 1536 1595 1607 albusque

1688 1550 1884 1601 uetus,
1942 1546 2001 1587 ut
2036 1552 2151 1587 cum
2188 1553 2241 1588 v.
2270 1536 2375 1589 672
2426 1538 2735 1589 conveniret

471 1612 659 1681 fluctu
701 1606 1028 1679 spumabant
1070 1608 1294 1660 caerula
1353 1624 1511 1659 cano.
1581 1607 1601 1674 (
1655 1624 1724 1659 on
1771 1606 2014 1657 videntur
2052 1622 2163 1655 rem
2203 1605 2483 1669 dirimere,
2532 1621 2667 1677 quae
2698 1626 2731 1660 a

485 1678 794 1733 Weicherto
831 1678 888 1728 in
920 1677 1139 1729 Dissert.
1175 1683 1258 1729 De
1289 1676 1478 1729 Versa.
1503 1677 1669 1728 iniur.
1704 1688 1935 1758 suspect.
1975 1692 2033 1743 p.
2056 1676 2141 1731 77.
2192 1685 2247 1726 et
2272 1692 2303 1727 a
2334 1676 2515 1727 Iahnio
2542 1675 2733 1741 dispu-

482 1756 681 1798 tant-ur.
747 1751 913 1810 Sane,
967 1747 1014 1799 ai
1050 1746 1156 1810 ita,

483 1815 822 1867 dubitandum
864 1817 966 1868 erit
981 1854 996 1877 ,
1041 1816 1170 1883 quid

1245 1744 1640 1827 uemadmodum
1683 1744 1943 1827 Heymus3
2006 1744 2138 1795 haec
2164 1743 2601 1827 interpretamur,
2644 1746 2733 1799 vix

1234 1830 1455 1866 acuamus
1497 1814 1600 1866 hoc
1634 1814 1985 1867 hemistichia.
2055 1819 2123 1867 At
2174 1832 2436 1867 emmvero
2474 1816 2605 1867 iliud
2639 1826 2732 1868 te-

479 1900 608 1936 neas
633 1882 818 1945 velim,
853 1884 922 1937 de
951 1885 1204 1936 instructa
1229 1884 1342 1936 acie
1376 1882 1547 1935 navali
1573 1882 1625 1934 h.
1665 1883 1704 1936 l.
1731 1892 1945 1951 poetam
1986 1882 2165 1951 loqui3
2214 1901 2375 1953 quare
2413 1886 2481 1937 de
2522 1887 2733 1954 {Rigore

483 1962 906 2005 ornamentorum
949 1954 1245 2021 militarium
1284 1972 1314 2004 a
1353 1952 1486 2003 mari
1536 1970 1843 2021 repercusso
1880 1952 2184 2020 accipienda
2222 1964 2342 2005 sunt
2382 1954 2512 2008 haec
2553 1956 2730 2009 verba.

485 2023 642 2087 Quod
671 2022 913 2091 quidem,
948 2040 1102 2093 quum
1129 2040 1272 2074 mare
1300 2020 1467 2085 ipsam
1506 2040 1633 2075 auro
1663 2022 1887 2074 effictum
1930 2041 1961 2076 a
1988 2023 2224 2075 Vulcano
2250 2023 2428 2091 fuerit,
2464 2026 2728 2093 quomodo

481 2090 864 2160 repraesentari
911 2091 1173 2161 potuerit,
1217 2091 1381 2143 nolim
1422 2108 1453 2143 a
1491 2108 1577 2143 me
1620 2092 1914 2145 scisciteris.
1984 2094 2062 2144 Ita
2102 2092 2237 2143 enim
2264 2103 2426 2159 poeta
2460 2096 2645 2147 miscet
2674 2094 2730 2147 in

481 2168 599 2213 tota
628 2160 726 2213 hac
749 2162 1102 2233 descriptione
1140 2179 1256 2227 res,
1292 2176 1426 2229 quae
1456 2160 1512 2211 in
1541 2161 1793 2217 eiusmodi
1822 2161 2083 2215 caelatura
2122 2162 2357 2215 exhiberi
2381 2164 2464 2215 vel
2492 2172 2731 2230 possunt,

482 2229 570 2282 vel
615 2238 910 2300 nequeunt,
971 2242 1030 2283 ut
1077 2231 1204 2283 talia
1261 2246 1512 2299 quaerere
1562 2248 1995 2299 supervacaneum
2046 2231 2135 2283 sit.
2190 2232 2337 2298 Wr.)

767 2300 872 2353 679
905 2300 1236 2373 populisque
1268 2300 1366 2351 Ed.
1400 2302 1540 2355 Ven.
1598 2301 1810 2374 populo
1844 2298 2207 2375 patribusque
2240 2300 2405 2355 Goth.
2448 2320 2553 2355 sec.
2591 2302 2605 2319 '

480 2300 662 2354 Franc.

367 2454 378 2471 “
480 2454 669 2516 riba-9.
770 2456 970 2517 Cedite
1007 2458 1282 2519 Romani
1307 2461 1563 2539 compto-

479 2564 574 2602 ree
590 2586 616 2615 ,
659 2543 846 2602 cedite
885 2545 1100 2618 Graii5
1147 2545 1369 2604 Nescio
1413 2545 1569 2626 quid

483 2631 683 2688 maius
725 2633 996 2689 nascitur
1049 2629 1247 2690 Iliade
1265 2655 1284 2689 .·
1361 2631 1463 2690 lib.
1504 2635 1564 2690 Π

477 2715 572 2775 ΕΙ.
605 2727 750 2776 extr.
836 2718 920 2775 In
949 2716 1140 2776 medio
1179 2719 1380 2798 clipei,
1438 2737 1563 2776 non

477 2803 686 2860 max-is:
751 2803 857 2862 etsi
908 2800 1022 2862 hoc
1075 2803 1333 2863 mediam
1389 2805 1563 2884 clipei

476 2899 706 2968 partem
753 2909 1036 2969 occupare
1077 2889 1405 2970 putandum
1445 2901 1561 2965 est3

479 2974 618 3052 (nec
645 2985 802 3034 recte
831 2973 902 3033 de
931 2977 1029 3035 illa
1053 2977 1228 3035 maris
1255 2988 1416 3056 parte
1447 2975 1563 3035 dici

479 3060 526 3119 Ι
528 3079 576 3118 n
605 3059 798 3117 medio
821 3063 982 3118 mari
993 3103 1016 3131 ,
1065 3063 1364 3141 apparebit
1408 3081 1441 3120 e
1489 3062 1560 3133 Q.

473 3145 548 3204 V.
580 3147 766 3220 xlm,
795 3145 856 3222 5,
901 3164 954 3203 a.
1011 3147 1188 3224 W.)
1251 3148 1300 3206 si
1340 3158 1559 3220 tamen,

477 3239 704 3309 praeter
767 3249 1029 3308 pugnam
1047 3277 1063 3306 ,
1127 3235 1304 3290 etiam
1353 3233 1559 3312 fugam

481 3323 539 3371 et
578 3313 942 3394 triumphum
997 3319 1300 3398 complexa
1335 3313 1412 3376 'ea
1455 3329 1560 3394 est,

477 3399 546 3456 in
571 3399 766 3478 plures
791 3411 980 3479 partes
1011 3423 1079 3460 ac
1121 3405 1251 3464 loca
1293 3401 1561 3464 distincta

477 3504 598 3544 esse
620 3483 856 3544 debuit.
940 3486 1132 3546 Actia
1189 3491 1374 3564 bella,
1444 3509 1563 3572 pu-

474 3589 658 3649 gnam
715 3572 1031 3632 Actiacam.
1141 3572 1302 3652 (Alia
1353 3575 1562 3635 huius-

474 3654 638 3714 modi
684 3659 1051 3737 appositionis
1109 3663 1381 3743 exempla
1433 3661 1556 3724 vid.

475 3741 547 3814 9.
574 3742 646 3800 V.
674 3745 952 3818 xxm,
984 3747 1043 3818 3,
1087 3743 1147 3805 d.
1197 3747 1374 3828 Wr.)
1461 3757 1557 3805 to-

475 3836 721 3906 tumque
745 3830 1034 3887 inemwm
1059 3831 1266 3888 Mam
1291 3830 1354 3892 h.
1377 3833 1555 3892 classe

473 3912 750 3972 instructa
765 3957 782 3989 ‚
823 3913 1052 3974 videt-ee
1092 3917 1342 3975 Fervet-e
1385 3918 1556 3976 Leu-

475 4007 650 4056 caten
665 4021 692 4072 ;
736 4001 935 4058 locum
973 4021 1052 4060 ex
1091 4004 1304 4064 vicinia
1342 4005 1553 4083 posuit,

473 4096 539 4143 ut
580 4095 742 4144 tanto
783 4088 974 4144 maior
1011 4087 1098 4144 rei
1135 4099 1281 4147 esset
1319 4091 1559 4168 species.

475 4169 630 4229 Nam
657 4173 847 4231 classis
876 4182 1122 4253 utraque
1167 4175 1407 4234 obversa
1435 4183 1559 4234 erat

475 4257 732 4317 domnis
763 4269 820 4318 et
847 4257 1108 4317 faucibus
1127 4259 1284 4319 sinus
1300 4261 1561 4318 Ambra-

475 4344 584 4418 cii;
611 4354 939 4424 pugnatum
969 4343 1128 4403 enim
1157 4357 1242 4405 est
1282 4348 1348 4405 in
1391 4355 1561 4404 exte-

473 4428 624 4488 riore
669 4432 800 4490 sinu
850 4446 1052 4491 versas
1099 4451 1264 4494 mare
1301 4441 1559 4512 patente.

2474 2234 2577 2289 678
2624 2236 2731 2287 Hic

1644 2461 1855 2540 Agitur
1880 2472 2079 2519 autem
2108 2457 2181 2519 de
2208 2462 2335 2542 ipsa
2359 2480 2577 2542 pugna,
2606 2480 2729 2521 non

1646 2546 1721 2606 de
1748 2551 1817 2607 iis
1835 2593 1851 2622 ‚
1883 2567 2035 2630 quae
2064 2559 2513 2608 antecesserunt.
2559 2549 2727 2608 Alio-

1646 2635 1750 2714 qui
1776 2636 1974 2692 locum
2001 2632 2241 2692 haberet
2266 2636 2470 2693 Florus
2496 2635 2594 2709 IV,
2628 2637 2727 2708 11,

1650 2719 1693 2782 4
1731 2720 2048 2780 Caesar—
2054 2722 2388 2799 positisque
2424 2722 2490 2777 in
2538 2721 2729 2798 Epiro

1648 2806 1859 2864 caetris·
1882 2803 2230 2863 Leucadem
2260 2805 2529 2864 insulam
2552 2826 2729 2864 mon-

1648 2902 1895 2970 temque.
1930 2891 2241 2948 Leucaten
2282 2901 2341 2948 et
2402 2889 2732 2948 Ambracii

1644 2977 1813 3034 cinus
1848 2995 2075 3034 cornua
2102 2975 2327 3054 &ejecta
2360 2975 2551 3032 classe
2586 2997 2731 3033 cuc-

1646 3064 1931 3122 citaverat.
2020 3064 2111 3118 De
2134 3059 2499 3119 hemistichio
2541 3063 2729 3122 otioso

1644 3151 1769 3212 677
1795 3168 1853 3205 v.
1884 3147 1955 3204 V.
1982 3150 2055 3206 L.
2136 3149 2207 3204 In
2248 3165 2409 3228 seqq.
2438 3163 2561 3206 non
2590 3150 2729 3207 ubi·

1645 3251 1761 3314 que
1788 3233 1975 3312 ipsam
2002 3251 2197 3292 rerum
2215 3243 2509 3312 gestarum
2528 3233 2726 3310 fidem,

1644 3316 1805 3399 quod
1869 3320 2042 3377 nimis
2109 3320 2447 3398 religiosum
2510 3321 2725 3396 fixisset,

1646 3423 1823 3486 quam
1847 3407 1984 3463 >artis
2024 3407 2119 3466 vel
2165 3408 2435 3466 carminis
2477 3409 2727 3468 rationes

1644 3499 1703 3548 et
1744 3493 2201 3571 opportunitates
2240 3492 2472 3554 videtur
2508 3511 2727 3575 sequu-

1642 3587 1755 3636 tus.
1841 3579 1993 3636 Nam
2066 3579 2228 3638 classi
2276 3581 2579 3639 universae
2642 3579 2729 3638 Μ’.

1643 3665 1904 3744 Agrippa
1930 3666 2205 3743 praefuit,
2246 3665 2589 3724 Octavianus
2616 3683 2728 3721 aa·

1641 3758 1765 3807 tem
1794 3751 2003 3808 Caesar
2030 3771 2169 3810 cum
2194 3751 2276 3808 M.
2316 3751 2541 3810 Valerio
2570 3751 2729 3808 Mes-

1641 3835 1757 3892 sala
1788 3833 2028 3917 aliisque
2052 3855 2251 3897 rarum
2288 3857 2554 3896 summae
2592 3835 2731 3893 ubi-

1642 3937 1759 4001 que
1785 3923 2111 4002 prospicere
2151 3923 2465 4000 satagebat.
2538 3917 2728 3980 Italo-i

1639 4007 1969 4084 praeclare,
2049 4018 2119 4064 ut
2174 4005 2525 4066 barbaricae
2588 4027 2727 4084 opes

1642 4093 1888 4152 Antonii
1942 4111 2000 4152 v.
2060 4093 2187 4158 685
2244 4103 2565 4173 opponeret
2590 4112 2610 4168 3
2670 4101 2728 4152 ct

1641 4178 1834 4236 multo
1860 4177 2158 4256 augustior
2192 4197 2393 4238 rerum
2418 4179 2637 4262 species
2662 4179 2728 4236 in

1642 4263 1825 4321 altero
1852 4281 2054 4322 versu:
2095 4263 2249 4322 Cum
2266 4263 2584 4336 Patribus,
2607 4281 2729 4342 po-

1630 4347 1947 4428 palaque,
2003 4347 2341 4408 Penatibus
2378 4361 2440 4410 et
2484 4351 2729 4429 magnis

1644 4433 1743 4493 die
1754 4457 1782 4508 ;
1828 4445 1896 4494 ut
1936 4453 2197 4495 caussam
2241 4437 2385 4517 reip.
2423 4455 2463 4496 α
2504 4437 2728 4497 Senatu
