3009 5050
477 418 626 493 240
1009 413 1090 489 P.
1123 411 1656 491 VIRGILII
1714 409 2273 489 MARONIS

474 605 812 698 Iungere
843 612 1086 674 castra
1117 623 1350 701 paro:
1409 622 1651 701 quam
1682 596 1851 675 fors
1876 599 2197 701 inopina
2228 595 2565 673 salutem

477 706 860 781 Ostentat.
961 702 1165 779 Fatis
1195 702 1353 778 huc
1379 717 1461 778 te
1493 702 2006 804 poscentibus
2033 700 2319 779 adfers.

471 806 702 883 Haud
733 804 1015 907 procul
1041 806 1228 881 hinc
1259 830 1439 883 saxo
1481 806 1856 883 incolitur
1884 803 2217 882 fundata
2244 817 2561 881 vetusto
2664 866 2671 873 .

471 910 707 989 Urbis
735 908 1135 1007 Agyllinae
1167 909 1434 988 sedes:
1485 910 1629 985 ubi
1656 909 1897 1007 Lydia
1924 908 2339 1011 quondam

475 1018 727 1109 GenS‚
777 1012 993 1089 bello
1027 1012 1460 1114 praeclara,
1516 1013 1712 1110 iugis
1759 1012 2051 1089 insedit
2092 1013 2459 1089 Etruscis.
2560 1018 2717 1091 480

471 1120 692 1194 Hanc
722 1116 1020 1191 multos
1065 1112 1500 1193 florentem
1545 1139 1795 1192 annos
1836 1139 1973 1193 rex
2022 1114 2319 1193 deinde
2362 1114 2715 1217 superbo

474 1222 827 1322 Imperio
863 1233 944 1297 et
973 1221 1218 1297 saevis
1249 1222 1506 1295 tenuit
1537 1221 1977 1297 Mezentius
2014 1220 2271 1297 armiS.

475 1324 687 1421 Quid
713 1348 1168 1401 memorem
1197 1322 1557 1399 infandas
1594 1322 1911 1400 caedes!
1958 1323 2151 1423 quid
2182 1321 2385 1398 facta
2410 1321 2715 1421 tyranni

470 1426 776 1506 Effera!
833 1427 911 1502 di
941 1429 1170 1528 capiti
1201 1429 1442 1527 ipsius
1469 1428 1909 1527 generique
1940 1432 2389 1503 reservent!

469 1538 790 1610 Mortua
817 1530 1010 1631 quin
1047 1532 1283 1605 etiam
1315 1531 1691 1628 iungebat
1722 1555 2058 1631 corpora
2087 1531 2303 1625 viviS‚
2558 1536 2711 1609 485

476 1638 969 1735 Conponens
999 1634 1528 1735 manibusque
1572 1659 1895 1731 manuS‚
1958 1648 2194 1735 atque
2230 1632 2503 1708 oribus
2551 1656 2713 1729 ora,

473 1740 932 1835 (Tormenti
959 1746 1240 1835 genus)
1276 1751 1354 1813 et
1383 1740 1599 1813 sanie
1636 1740 1987 1839 taboque
2020 1736 2338 1813 fluentis

477 1840 885 1941 Conplexu
933 1840 1014 1915 in
1054 1842 1346 1917 misero
1381 1840 1751 1939 longasic
1780 1855 2045 1921 morte
2078 1840 2427 1919 necabat.

473 1948 574 2023 At
603 1942 788 2021 fessi
818 1944 1145 2021 tandem
1173 1946 1377 2020 cives
1407 1942 1733 2021 infanda
1767 1942 2175 2021 furentem

610 2136 714 2191 477
752 2134 938 2208 adfert
985 2136 1258 2189 variabant
1309 2138 1478 2203 codd„
1510 2135 1679 2190 Servii
1714 2146 1920 2203 aetate,
1967 2147 2029 2189 ut
2076 2138 2145 2189 nd
2168 2134 2377 2207 fortem
2412 2138 2711 2189 referretur.

473 2208 548 2261 ad
575 2226 636 2257 er
669 2204 866 2275 aliquot
905 2207 1082 2260 Heius.
1155 2207 1320 2277 offen
1354 2208 1488 2259 Ven.
1526 2217 1580 2259 et
1614 2208 1773 2259 Goth.
1808 2217 1931 2261 tert.
2002 2210 2107 2259 lem
2142 2226 2255 2277 nup.
2289 2205 2715 2259 hanc—urbem

471 2296 508 2329 a
537 2276 777 2346 ferimur
824 2278 936 2341 Vll,
987 2278 1105 2331 217.
1253 2274 1358 2331 478
1406 2276 1609 2329 colitur
1654 2276 1857 2347 aliquot
1907 2280 2198 2339 Burmann„
2250 2294 2405 2345 quem
2449 2276 2585 2327 vide.
2652 2278 2713 2327 in

472 2364 609 2397 saxo
644 2346 814 2397 coluit
848 2346 1008 2399 Goth.
1042 2364 1147 2397 sec.
1281 2344 1385 2398 479
1419 2347 1743 2415 Agellinae,
1789 2346 2092 2417 Agelinae,
2136 2346 2431 2417 Aquilinae
2462 2347 2711 2397 aberrent.

471 2414 612 2485 apud
647 2415 817 2468 Burm.
954 2418 1060 2470 480
1094 2416 1257 2466 luetis
1289 2416 1393 2465 ine.
1433 2417 1583 2467 Rom.
1702 2416 1805 2471 481
1840 2418 2027 2469 multis
2062 2418 2225 2467 annis
2260 2415 2429 2483 Bigot.
2464 2424 2519 2467 et
2549 2414 2708 2467 Goth.

473 2495 595 2538 tert.
667 2480 819 2552 (482.
855 2487 1190 2539 Mezzeneius
1221 2484 1432 2546 Medic„
1467 2485 1563 2537 sed
1604 2497 1861 2555 expuncta
1894 2485 2073 2558 priore
2106 2504 2165 2550 ις
2206 2484 2310 2536 vid.
2346 2486 2412 2539 V.
2444 2485 2508 2537 1..
2546 2483 2615 2536 ed
2650 2486 2713 2544 Π.

470 2555 592 2610 763.
645 2558 726 2608 W
721 2557 790 2621 r.)
938 2554 1042 2610 484
1086 2557 1346 2625 gentique
1401 2556 1619 2608 Oudart.
1670 2573 1767 2626 pro
1817 2556 1923 2612 div.
1972 2557 2097 2608 lect.
2198 2568 2488 2606 reservant
2534 2558 2713 2620 Sprot.

471 2624 576 2677 487
599 2626 811 2694 fluenti
870 2625 1070 2694 aliquot
1117 2624 1318 2687 Heius„
1368 2642 1496 2676 unus
1540 2627 1781 2694 fluente,
1844 2644 1975 2694 quae
2024 2623 2287 2693 vulgarior
2336 2625 2511 2678 oratio
2555 2623 2713 2676 foret.

471 2691 610 2746 conf.
647 2695 741 2756 IX,
775 2691 894 2750 472.
947 2698 964 2762 (
975 2697 1220 2764 fluentes
1253 2693 1444 2746 Medic.
1491 2696 1637 2752 Wnl
1787 2694 1890 2750 488
1924 2697 1985 2748 in
2020 2695 2205 2748 aberet
2238 2693 2423 2746 Franc.
2460 2703 2515 2744 et
2547 2693 2712 2746 Goth.

471 2772 597 2816 tert.
676 2761 944 2816 necabant
979 2765 1084 2816 duo
1121 2765 1306 2829 norm„
1364 2774 1422 2816 ut
1476 2761 1779 2836 iungebant
1824 2765 1958 2818 alter
2002 2765 2189 2816 Hamb.
2326 2763 2429 2816 489
2476 2759 2715 2846 infanda

471 2834 722 2904 nivesque
743 2831 796 2902 s.
831 2834 1099 2896 Parrha⁸.;
1159 2851 1256 2885 nec
1289 2833 1502 2887 videbat
1548 2835 1931 2904 interpolator,
1976 2831 2215 2906 infanda
2250 2847 2365 2882 eece
2400 2848 2499 2900 pro
2535 2831 2715 2884 infan-

472 2901 610 2968 dum,
643 2902 872 2956 infande.
907 2905 974 2956 cf.
1005 2923 1121 2975 sup.
1155 2905 1197 2970 1,
1231 2903 1352 2957 251.

472 3061 809 3142 opulento),
861 3063 1120 3140 apposite
1163 3059 1238 3120 ad
1282 3063 1552 3141 ingentes
1634 3063 1763 3120 libr.
1823 3079 1967 3118 saxo
1997 3067 2222 3116 vetusto
2237 3079 2264 3131 ;
2294 3059 2535 3140 antiquo
2566 3077 2717 3139 ope-

461 3147 742 3224 populos.
791 3149 1098 3206 Promtum
1127 3158 1250 3206 eret
1279 3145 1390 3206 hoc
1411 3167 1551 3206 mu-

471 3243 592 3292 tare
629 3236 691 3292 in
733 3243 934 3290 castra
985 3231 1402 3310 opulentorum
1449 3253 1549 3288 ro-

463 3337 728 3398 gnorum
777 3320 867 3378 vel
925 3317 1223 3395 opulentis·
1292 3319 1495 3396 regnis
1518 3338 1546 3389 ,·

468 3401 606 3463 hine
652 3404 986 3485 exquisitior
1039 3403 1230 3462 fonna
1275 3403 1544 3462 suborta:

468 3501 670 3548 castra
711 3487 994 3566 opulenta
1030 3489 1232 3565 regnis
1239 3527 1268 3556 ,
1321 3498 1390 3546 ut
1433 3487 1547 3546 alia

467 3577 676 3634 similia
703 3573 936 3652 passim.
1018 3573 1141 3630 Nisi
1169 3570 1284 3630 hoc
1313 3593 1390 3632 ex
1437 3593 1549 3632 usu

466 3671 772 3739 poetarum
797 3667 1124 3714 teneremus
1143 3701 1159 3732 ‚
1201 3658 1400 3716 liceret
1427 3669 1548 3717 sta·

467 3755 665 3802 tuere:
699 3761 860 3820 paro
909 3744 1158 3820 iungere
1205 3753 1407 3802 castra
1447 3765 1546 3801 re·-

460 3829 608 3906 gnie
622 3869 650 3897 ,
707 3825 768 3906 h.
817 3847 870 3886 e.
928 3828 1064 3901 tibi,
1135 3830 1380 3908 imperio
1419 3840 1546 3888 tuo,

467 3913 618 3990 Opes
669 3922 934 3971 veterum
977 3916 1358 3974 Etruscorum
1412 3918 1547 3976 satis

465 4007 658 4056 notae.
689 3999 807 4058 vid.
833 4001 964 4058 Liv.
994 4001 1066 4075 V,
1097 4005 1200 4065 33.

551 4079 699 4147 478.
739 4086 952 4168 Agylla
991 4105 1039 4144 s.
1085 4086 1303 4159 Caere,
1357 4088 1547 4166 prima

468 4168 673 4248 opibus
700 4170 849 4229 inter
885 4174 1158 4232 Etruscos
1197 4171 1421 4247 floruit,
1485 4184 1546 4231 et

463 4266 701 4335 propter
795 4259 1083 4316 maritima
1195 4260 1545 4318 commercia

466 4343 734 4400 omnium
760 4344 946 4422 prime
995 4345 1229 4404 Graecis
1272 4345 1543 4404 innotuit.

463 4429 556 4486 De
595 4429 796 4488 ueteris
837 4451 895 4488 v.
939 4431 1184 4490 Excurs.
1236 4432 1319 4488 111
1362 4427 1438 4488 ad
1481 4428 1545 4490 11.

1633 3165 1727 3218 re,
1772 3156 1839 3202 ut
1886 3145 2036 3202 bene
2093 3143 2258 3202 Serv.
2318 3144 2393 3202 ef.
2448 3145 2547 3217 ΙΠ,
2607 3145 2714 3210 84.

1630 3229 1777 3293 479.
1806 3227 1952 3292 480.
1992 3226 2101 3286 ubi
2122 3227 2389 3309 proxime
2419 3229 2495 3290 ad
2522 3231 2713 3311 Agyl-

1630 3315 1752 3372 lam
1792 3333 1897 3372 seu
1939 3313 2119 3372 Caere
2160 3325 2408 3394 spectat,
2466 3337 2576 3374 nec
2618 3326 2713 3374 ta-

1628 3419 1769 3458 men
1794 3400 2083 3480 reliquam
2106 3403 2403 3460 Etruriam
2436 3399 2713 3462 excludit.

1630 3486 1688 3544 A
1730 3484 1909 3566 Lydis
1968 3487 2198 3546 Etrusci
2251 3507 2357 3548 seu
2414 3487 2713 3570 Tyrrheni

1632 3570 1925 3630 ducuntur
1952 3585 2157 3652 poetae
2180 3617 2196 3649 ,
2238 3594 2317 3656 ,⁰¹
2345 3575 2571 3654 vulgari
2604 3591 2712 3632 ve-

1630 3669 1824 3716 terum
1864 3661 2168 3737 opinione;
2226 3660 2367 3718 falsa
2412 3672 2611 3726 tamen
2654 3653 2723 3714 et*

1632 3763 1709 3802 ex
1762 3747 2015 3805 nominis
2072 3743 2447 3805 similitudine
2518 3741 2710 3801 dueta.

1630 3829 1706 3888 of.
1734 3831 1798 3886 in
1824 3831 2068 3890 Excurs.
2109 3833 2193 3888 111
2222 3827 2299 3888 ad
2342 3827 2405 3888 h.
2446 3829 2575 3887 libr.
2618 3826 2713 3886 di-

1633 3926 1745 3974 cte.
1850 3913 2139 3990 (—-481.
2186 3913 2430 3987 deinde,
2473 3913 2591 3972 vid.
2639 3913 2709 3983 Ω.

1627 4003 1701 4060 V.
1752 4001 1943 4075 XXV,
2000 4007 2061 4062 7.
2129 3997 2307 4078 W.)
2392 3999 2540 4064 482.
2580 3999 2709 4055 Μο-

1629 4087 1837 4160 zentii,
1900 4088 2050 4165 regie
2081 4087 2563 4157 (laetaniarum,
2605 4105 2712 4140 eu-

1619 4170 1815 4251 perbo
1828 4213 1855 4240 ‚
1898 4171 2119 4232 crudeli
2134 4215 2149 4244 ,
2192 4172 2437 4249 imperio
2490 4169 2713 4228 infame

1628 4277 1849 4318 nomen
1878 4275 1955 4316 ex
1982 4257 2231 4336 antiquis
2258 4253 2505 4314 historiis
2538 4263 2712 4334 poete

1631 4343 1890 4404 adscivit.
1976 4339 2121 4406 484.
2152 4340 2221 4397 di
2248 4341 2475 4418 capiti,
2526 4342 2608 4398 uti
2634 4341 2712 4412 11,

1634 4433 1775 4495 190.
1818 4427 1916 4500 VI,
1960 4425 2107 4491 529.
2152 4427 2299 4492 530.
2398 4421 2539 4499 (—
2564 4423 2720 4490 492..
