3009 5050
656 398 1273 483 AENEIDos
1321 398 1536 477 Lm.
1587 400 1756 496 xil,
1799 405 2228 479 137—149
2281 410 2290 419 ·
2395 408 2544 479 731

296 585 852 684 Praetulerim,
906 585 1271 687 coelique
1306 584 1564 661 libens
1601 586 1686 660 in
1718 598 1941 685 parte
1969 583 2339 677 locarim:
2401 592 2548 664 145
2659 576 2668 587 ’

295 691 531 770 Disce
556 704 827 788 tuum,
880 714 985 767 ne
1022 713 1159 765 me
1186 691 1530 783 incuseS,
1583 693 1944 783 Iuturna,
2002 688 2396 767 dolorem.

302 798 477 889 Qua
526 795 682 869 visa
727 806 845 869 est
871 792 1195 869 fortuna
1228 792 1443 892 pati,
1494 796 1945 892 Parcaeque
1985 792 2349 867 sinebant

303 895 617 976 Cedere
640 922 771 973 res
799 900 1057 993 Latio,
1116 901 1483 972 Turnum
1517 908 1598 971 et
1627 907 1759 971 tua
1789 896 2111 971 moenia
2153 896 2348 971 texi:

300 1006 531 1081 Nunc
560 1001 934 1077 iuvenem
967 1000 1373 1102 inparibus
1403 997 1641 1074 video
1675 1022 2153 1075 concurrere
2177 995 2378 1093 fatis,

412 1146 580 1219 145.
633 1160 927 1215 nunnus

304 1344 510 1381 versum
560 1327 811 1399 Aeschyli
860 1328 1005 1379 Pers.
1064 1327 1179 1382 170.
1240 1326 1327 1378 ed.
1376 1325 1592 1380 Blomfa
1667 1364 1700 1391 „
1713 1320 1900 1379 ταῦτά
1952 1340 2052 1391 μοι
2105 1320 2272 1389 διπλῆ
2327 1316 2529 1389 uictas·
2542 1315 2560 1337 ⁹

308 1392 709 1469 ἄΙφρασι-ός
754 1393 903 1451 ἐστιν
943 1390 1001 1449 ἐν
1046 1394 1296 1463 φρεσίν,“
1348 1396 1436 1465 qni
1488 1397 1592 1467 ipsi
1629 1397 1927 1458 Hermanno
1978 1394 2143 1445 Elem.
2180 1394 2361 1446 Doctr.
2401 1402 2556 1443 metr.

305 1486 360 1539 p.
396 1470 481 1522 82.
516 1468 737 1519 vitiosus
770 1466 1009 1531 videtur,
1040 1464 1230 1515 mendo
1263 1464 1505 1517 laborare
1543 1465 1894 1527 indicaverim,
1927 1463 2234 1533 praesertim
2261 1476 2414 1529 quum
2441 1459 2562 1526 ipsa

304 1550 394 1591 res
428 1547 485 1588 et
515 1536 827 1605 significatio
868 1552 981 1587 voc.
992 1526 1285 1602 ἄφραστος
1320 1536 1684 1587 commendare
1717 1536 1957 1587 videatur
1987 1532 2286 1601 rhythmum
2319 1530 2562 1581 insoleu-

306 1606 515 1659 tiorem.
587 1604 767 1671 Quid?
804 1604 945 1673 qnod
990 1601 1327 1675 inidiguum
1374 1606 1510 1657 iuter
1557 1606 1663 1657 duo
1711 1621 1890 1657 versus
1937 1601 2157 1653 divisum
2192 1599 2387 1667 legitur
2421 1597 2562 1667 apud

308 1676 529 1728 Terent.
563 1674 661 1727 Ad.
697 1676 763 1740 11,
802 1677 850 1738 1,
888 1675 969 1726 11.
1005 1690 1081 1740 sq.
1123 1676 1269 1739 Wr.)
1390 1674 1489 1728 145
1523 1674 1854 1727 Pertulerim
1888 1682 2012 1724 tert.
2047 1671 2300 1723 Rottend.
2369 1668 2565 1719 lubens

308 1745 447 1797 Gud.
483 1746 697 1809 (Medic.
729 1744 925 1813 ubique
958 1742 1121 1807 libet,
1160 1741 1343 1807 libeat,
1376 1743 1582 1806 libanu
1620 1754 1674 1795 et
1707 1743 1784 1795 sic
1817 1752 2030 1811 praeter
2063 1741 2199 1791 hunc
2235 1740 2406 1790 locum
2437 1736 2562 1788 ubi-

312 1831 415 1885 que
450 1815 649 1875 editui-3
697 1830 797 1865 nec
846 1828 1063 1881 usquam
1112 1823 1386 1882 praeterea
1430 1813 1588 1865 talem
1623 1814 1928 1865 varietatem
1981 1829 2011 1863 e
2063 1809 2218 1862 codd.
2256 1806 2561 1875 virgilianis

312 1894 578 1936 enotatam
612 1882 786 1935 video.
856 1886 1038 1953 ltaque
1090 1884 1289 1933 incuria
1340 1880 1428 1934 hic
1474 1883 1716 1935 relictum
1759 1894 1882 1950 puto
1919 1878 2142 1944 lubens,
2189 1877 2333 1947 quod
2368 1878 2471 1927 iam
2505 1875 2564 1927 iu

310 1952 485 2007 libone
520 1954 734 2004 mutavi.
776 1952 922 2015 Wr.)
1062 1950 1164 2005 146
1206 1970 1311 2003 nec
1342 1948 1583 2005 me‘tres
1631 1952 1772 2018 apud
1819 1954 1992 2003 Burm-
2041 1959 2096 2000 et
2141 1948 2342 2014 aliquot
2390 1944 2562 2004 Pier.;

308 2022 351 2073 f.
384 2040 514 2086 non,
548 2022 722 2091 inquit
750 2020 1087 2087 Cuningham.

310 2090 419 2143 eius
453 2092 723 2159 agnoscit,
778 2101 831 2141 et
862 2089 1103 2142 scholion
1134 2092 1318 2142 Servio
1354 2091 1624 2153 adsutunn
1682 2091 1884 2143 Probus
1935 2101 2104 2141 antem
2153 2087 2312 2154 Quod
2360 2084 2564 2136 maluit.

312 2164 435 2227 Qua
481 2170 661 2213 tuetur
705 2159 955 2216 Serviuszl
998 2170 1059 2210 ut
1118 2176 1235 2228 sup.
1286 2160 1399 2225 XI,
1448 2162 1552 2214 293
1593 2164 1714 2227 Qua
1759 2161 1947 2212 datur.
2055 2158 2296 2226 Uterque
2345 2152 2563 2206 Mentel.

313 2233 435 2296 Qun
469 2232 523 2281 h.
562 2247 745 2299 quaint
779 2242 832 2280 et
868 2234 1041 2295 Quam
1076 2238 1261 2294 aperte
1300 2228 1355 2279 in
1401 2230 1614 2295 scriptis
1647 2230 1918 2281 invenerat
1958 2227 2178 2279 Pierius.
2233 2224 2357 2291 (vid.
2393 2226 2459 2288 Q.
2497 2224 2565 2277 V.

312 2298 467 2364 xvi,
509 2299 564 2352 6.
633 2304 760 2349 orta
808 2306 891 2348 est
934 2298 1065 2348 haec
1112 2296 1273 2349 lectio
1320 2298 1459 2349 haud
1505 2298 1663 2348 dubie
1723 2314 1786 2349 ex
1833 2296 2272 2361 interpretatione
2325 2304 2566 2345 veterum

314 2368 781 2417 Grammaticorum
801 2402 817 2428 ,
861 2365 1051 2416 merito
1098 2364 1198 2417 hac
1247 2365 1629 2433 compositione
1679 2383 1787 2435 qua
1823 2368 1942 2417 visa
1977 2376 2060 2416 est
2097 2399 2141 2414 ..
2160 2400 2174 2414 .
2211 2360 2569 2431 sinebantque

318 2434 539 2495 offensi3
586 2434 703 2503 ipsa
754 2434 891 2484 enim
954 2432 1147 2485 horum
1194 2436 1514 2503 Temporum
1573 2432 1842 2487 diversitas
1902 2433 2101 2484 indicat
2156 2430 2230 2483 ita
2289 2430 2568 2481 dicendum

316 2503 505 2556 fuisse:
540 2520 652 2574 qua
686 2505 811 2554 visa
849 2513 933 2554 ese
968 2513 1023 2552 et
1057 2518 1091 2571 q
1109 2519 1144 2553 u
1163 2504 1299 2555 cad
1344 2501 1614 2556 sinebam.
1686 2502 1821 2555 mad
1865 2520 1974 2573 qua
2019 2499 2274 2554 rationem
2324 2498 2568 2551 modum-

358 2590 424 2624 ue
456 2573 536 2625 rei
562 2571 827 2642 gerendae
859 2579 1067 2639 spectat
1084 2608 1099 2630 ‚
1140 2571 1197 2622 iu
1246 2588 1349 2641 quo
1398 2573 1608 2624 fortuna
1655 2573 1760 2623 vim
1813 2571 2010 2625 exserit
2055 2587 2226 2633 suam3
2273 2578 2330 2620 at
2373 2570 2570 2622 Parcae

319 2591 573 2694 deliniunt
621 2650 828 2710 tempus
864 2658 927 2692 ac
957 2639 1263 2705 terminum,
1315 2641 1403 2711 qui
1452 2658 1552 2708 per
1597 2641 1781 2712 quoad
1825 2641 2150 2706 designatur.
2233 2639 2412 2707 ltaque
2459 2653 2570 2690 non

316 2711 565 2764 videntur
601 2721 803 2764 veteres
835 2709 1173 2761 Grammatici
1208 2709 1570 2775 contendisse,
1618 2721 1832 2780 poetam
1868 2708 2138 2778 scripsisse
2175 2711 2220 2774 Q
2239 2708 2416 2759 uoad
2448 2709 2570 2760 visa

320 2799 368 2835 e.
388 2779 447 2864 s
475 2783 631 2851 pati,
680 2779 775 2832 sed
813 2777 944 2830 illud
992 2777 1160 2848 ipsum
1197 2783 1319 2846 Qua
1352 2779 1612 2862 duplicem
1659 2789 1980 2848 potestatem
2015 2776 2302 2841 sustinere,
2346 2787 2401 2827 et
2435 2792 2570 2844 pro-

318 2867 508 2921 priam,
544 2866 698 2920 quam
730 2848 874 2918 prius
912 2848 1248 2911 enuntiatum,
1284 2859 1337 2900 et
1370 2849 1592 2901 alienam
1627 2849 1903 2918 quandam,
1949 2864 2102 2917 qnam
2127 2846 2348 2898 alterum
2384 2845 2571 2914 requi-

318 2931 423 2974 rat.
493 2919 650 2984 Quod
684 2917 773 2988 qni
804 2934 911 2970 non
942 2928 1085 2969 recte
1118 2917 1502 2986 intelligerent,
1532 2915 1796 2970 ’videntur
1829 2917 1962 2970 illud
1995 2921 2166 2984 ipsum
2201 2913 2416 2984 quoad,
2465 2912 2572 2978 vel,

322 2989 467 3062 quod
503 3005 567 3040 ex
602 2995 683 3041 eo'
703 2998 907 3054 ortum,
957 2988 1134 3058 quod,
1184 2987 1241 3039 iu
1287 3006 1489 3040 versum
1543 2988 1796 3040 intulisse.
1869 2985 2209 3040 Recentiores
2259 2983 2428 3036 critici
2480 2991 2574 3035 aut
2619 3011 2628 3018 ·

320 3077 433 3114 non
464 3067 768 3122 senserunt,
802 3067 924 3120 aut,
956 3057 1093 3125 qnia,
1145 3057 1409 3127 quomodo
1446 3059 1785 3125 expedirent,
1819 3072 1925 3108 uon
1959 3056 2236 3118 haberent,
2275 3070 2382 3104 non
2417 3069 2574 3105 cura-

321 3140 445 3184 runt
476 3129 613 3180 hauc
646 3126 1026 3180 difficultatem.
1092 3128 1301 3196 Nempe
1352 3139 1433 3180 est
1478 3129 1582 3180 hoc
1632 3143 1839 3196 qnoque
1885 3127 1951 3178 ad
1991 3135 2184 3195 poetae
2233 3123 2404 3175 nostri
2439 3139 2576 3174 con-

325 3197 657 3252 suetudinem
690 3195 982 3266 inaequalia
1018 3194 1272 3248 orationis
1304 3197 1539 3250 membra
1573 3215 1670 3271 per
1698 3197 1912 3263 copulas
1945 3193 2189 3263 iungendi
2220 3193 2576 3255 referendum

326 3285 392 3321 ex
424 3284 735 3337 praegresso
783 3267 921 3318 euim
964 3263 1187 3317 relativo
1222 3285 1333 3334 qua
1365 3266 1539 3327 aliud,
1626 3265 1729 3318 uod
1783 3265 1938 3316 alteri
1975 3264 2246 3316 enuntiato
2281 3263 2578 3328 conveniat,

324 3339 365 3390 i.
401 3353 448 3388 e.
484 3337 679 3408 quoad,
714 3334 1055 3404 repetendum
1090 3345 1199 3397 est3
1250 3336 1356 3388 vid.
1404 3339 1471 3400 Q.
1509 3337 1576 3388 V.
1605 3341 1612 3346 ’
1671 3335 1909 3399 ΧΧΙΙῙΙ,
1942 3334 1994 3388 4.
2065 3333 2316 3386 Similiter
2350 3333 2446 3384 Ge.
2483 3333 2576 3397 1V,

326 3409 383 3461 9.
417 3423 559 3476 sqq-2
605 3407 801 3470 „Quo
850 3419 1021 3473 neque
1068 3406 1139 3456 sit
1181 3405 1351 3458 ventis
1399 3405 1606 3469 aditus,
1640 3436 1710 3446 —
1746 3433 1815 3444 —
1859 3418 2087 3472 neque
2137 3419 2263 3455 oves
2313 3401 2576 3470 haedique

325 3477 527 3544 petulci
560 3475 803 3527 Floribus
837 3473 1167 3537 insultent;“
1208 3473 1251 3526 i.
1291 3493 1337 3526 e.
1388 3485 1442 3526 et
1480 3475 1607 3526 ubi
1653 3490 1762 3526 non
1794 3473 2062 3526 insultent.
2100 3502 2166 3512 —
2201 3474 2324 3524 visa
2359 3483 2420 3523 at
2452 3473 2577 3522 Me-

326 3545 453 3610 dic„
484 3544 580 3598 sed
626 3563 785 3610 snper
818 3555 881 3596 ae
930 3542 1102 3611 pictae
1137 3543 1329 3596 literae
1358 3562 1434 3596 ee.
1501 3545 1564 3596 In
1609 3545 1798 3596 eodem
1836 3553 1890 3594 et
1933 3544 2019 3595 hic
2063 3552 2118 3595 et
2165 3560 2239 3595 vs.
2291 3540 2406 3595 150.
2457 3539 2576 3593 voci

330 3617 546 3667 Parcae
576 3614 930 3682 superscripta
966 3622 1048 3663 est
1083 3613 1387 3682 adspiratio,
1423 3624 1479 3666 ut
1513 3613 1607 3665 fiat
1643 3613 1911 3666 Parchae.
1951 3615 2102 3674 Wr.)
2223 3607 2322 3665 148
2357 3613 2578 3663 numine

336 3685 448 3735 texi
480 3683 679 3736 Zalich.
738 3682 929 3734 Medic.
968 3681 1295 3734 Caedereaee
1323 3703 1383 3734 ra
1427 3685 1493 3734 I..
1527 3681 1684 3734 litera
1720 3699 1757 3734 a
1791 3683 1992 3736 abrasa.
2033 3685 2173 3738 Wr.)
2283 3679 2383 3733 149
2415 3681 2583 3733 Nunc

332 3751 492 3804 video
523 3755 723 3824 impari
756 3769 823 3804 cu
854 3752 1103 3804 iuvenem
1149 3770 1195 3805 c.
1224 3752 1390 3806 Goth.
1434 3759 1542 3804 sec.
1623 3769 1776 3804 conc.
1809 3751 1937 3804 ulie
1980 3769 2062 3821 pr.
2095 3747 2314 3804 Mentel.
2351 3759 2408 3802 et
2438 3751 2580 3804 not-

1230 2021 1328 2075 147
1366 2022 1560 2087 Quoad
1596 2021 1720 2073 olim
1755 2020 1842 2073 hic
1877 2021 2068 2072 lectum
2092 2016 2378 2070 Arusianus
2413 2016 2562 2067 Mes-
2621 2036 2624 2039 ⁴
2663 2066 2674 2078 ,

297 3907 549 3994 ‚lunoni
602 3911 855 3972 invisum
918 3929 955 3969 a
1010 3911 1151 3970 Iove
1226 3911 1290 3968 in
1349 3929 1419 3969 eo

338 4005 659 4054 exercetur.
758 3999 847 4054 Ita
900 3997 1105 4054 malim
1160 3998 1420 4074 accipere

336 4097 520 4157 quam
568 4093 675 4139 ent
730 4081 805 4142 ad
862 4080 1065 4140 Iovem
1104 4083 1418 4160 ingratum

338 4175 441 4223 unt
484 4163 560 4223 ad
600 4166 863 4224 Latinas
901 4169 1178 4247 ingr-atae
1234 4177 1419 4225 retra-

334 4244 499 4310 here.
544 4251 777 4311 servius
802 4255 961 4310 varie
988 4263 1191 4311 tentat.
1250 4251 1421 4330 (Pal-

338 4331 545 4395 dnmus
574 4335 647 4394 ad
660 4339 920 4418 Propert.
934 4361 995 4419 p.
1016 4339 1195 4396 XLV.
1212 4355 1233 4395 ε
1260 4337 1420 4412 „Its-

336 4431 591 4500 grauem
632 4420 827 4481 mobile
852 4435 939 4485 est
972 4443 1085 4505 -pre
1112 4441 1233 4507 quo
1258 4423 1423 4482 unul·

1498 3929 1727 3970 merces
1773 3908 1908 3969 dan
1947 3911 2116 3985 est;“
2181 3911 2372 3990 potius
2402 3907 2583 3983 „dari

1501 3997 1710 4054 solet.“
1767 3995 1994 4054 Eodem
2013 3993 2193 4071 redit,
2224 3993 2384 4076 quod
2410 3995 2582 4052 Serv.

1499 4084 1690 4162 primo
1720 4082 1848 4141 leco
1877 4085 2067 4162 posuit
2087 4100 2106 4139 ε
2153 4079 2277 4155 „de
2307 4098 2426 4159 quo
2451 4079 2584 4156 pel-

1498 4167 1599 4226 lici
1639 4169 1800 4226 nulla
1838 4169 2080 4246 gretia.“
2166 4163 2337 4236 Quod
2377 4165 2426 4221 si
2483 4182 2586 4221 ao-

1500 4255 1676 4333 oipffes
1716 4252 1790 4312 de
1831 4256 2057 4311 lamone
2094 4251 2312 4308 mulam
2335 4249 2584 4326 gratiam

1500 4341 1653 4398 Iovis
1664 4339 1968 4418 pellicibus
1992 4335 2296 4407 referente,
2309 4333 2374 4391 id
2399 4335 2587 4393 menti

1504 4425 1880 4507 reliquaeque
1909 4422 2154 4483 orationi
2169 4419 2410 4478 hunnis
2435 4420 2588 4479 bne
