3009 5050
745 384 1691 463 ADLIBRUM
1794 386 1967 464 XII
2365 393 2515 466 845

259 580 362 638 lib.
407 579 456 653 1,
499 578 626 641 263
643 608 730 623 --
747 580 876 643 266
915 576 1136 657 Iupiter
1173 576 1388 637 venui
1417 577 1655 640 Aeneae
1698 577 1817 637 feta
1860 592 2191 657 exponam:
2238 575 2519 649 Bellum,

259 666 344 723 ait
363 708 379 741 ,
425 665 642 741 ingens
684 674 854 743 geret
899 662 1087 720 Italia
1113 661 1491 741 populosque
1515 662 1757 741 seroces
1806 660 2173 733 Contundet,
2214 682 2522 743 moresque

258 751 410 810 viris
441 760 500 807 et
523 751 759 807 moenia
775 758 968 827 ponet
977 771 1004 821 ,·
1063 749 1261 807 Tertia
1285 747 1436 807 dum
1460 749 1645 806 Latro
1674 758 2029 827 regnantem
2062 747 2280 807 videtu
2298 759 2517 825 aestas,

275 836 589 913 Turnoque
615 835 964 893 transierint
991 832 1246 891 Rutulis
1275 832 1529 891 hiberna
1550 832 1816 893 subactis
1831 876 1854 903 ,
1898 833 2057 915 quod
2084 834 2299 893 scilicet
2326 838 2519 915 primo

259 923 456 983 statim
483 939 642 979 anno
671 930 796 979 erat
820 921 1060 979 factmn.
1145 921 1224 978 Et
1269 938 1338 979 eo
1383 930 1646 999 spectant
1676 918 1835 982 dirae
1860 918 2104 979 Didonis
2132 919 2235 979 lib.
2260 922 2359 995 IV,
2392 923 2519 987 618

260 1040 346 1051 ·-
361 1010 490 1073 620
537 1026 650 1065 neo
688 1026 878 1086 quum
913 1024 976 1063 se
1017 1002 1130 1063 snb
1183 1004 1344 1084 leges
1375 1006 1560 1083 pacis
1596 1006 1843 1083 iniquae
1900 1004 2239 1063 Tradiderit
2252 1047 2279 1076 ,
2330 1024 2517 1085 regno

259 1103 372 1151 aut
401 1101 612 1170 optata
639 1091 776 1151 luce
779 1091 1064 1170 fruatur
1163 1090 1291 1149 Sed
1311 1090 1500 1149 eadat
1522 1100 1663 1147 ante
1696 1088 1856 1150 diem
1877 1089 2191 1169 mediaque
2226 1090 2519 1149 inhuma-

263 1188 362 1239 tus
403 1197 616 1236 arena.
697 1180 859 1237 Haec
888 1174 964 1235 de
987 1178 1238 1235 triennio
1265 1176 1504 1235 Aeneae
1526 1178 1589 1233 in
1623 1176 1787 1233 ltalia
1815 1186 2023 1235 exacto
2062 1179 2313 1235 narratio
2348 1175 2519 1236 vide-

260 1273 356 1323 tur
382 1260 521 1321 hinc
547 1258 941 1341 vulgatissima
965 1262 1120 1321 inter
1147 1272 1366 1321 ceteras
1393 1262 1568 1321 facta.
1661 1262 1895 1321 Orosius
1922 1280 2157 1343 quoque
2185 1262 2233 1337 1,
2268 1266 2367 1337 18,
2394 1264 2517 1321 Ae-

259 1366 410 1407 neae
425 1392 444 1422 ,
487 1348 702 1427 qualia
731 1368 846 1427 per
876 1348 1198 1405 triennium
1230 1346 1390 1405 bella
1423 1348 1795 1417 exeaaverit,
1835 1356 2091 1425 quantos
2106 1346 2373 1425 populos
2396 1349 2517 1405 im-

254 1434 542 1511 plicuerit
558 1476 586 1505 ,
629 1432 765 1493 odio
809 1433 1156 1511 excidioque
1199 1432 1496 1512 afflixerit
1510 1474 1537 1503 ,
1582 1430 1720 1490 ludi
1750 1430 2008 1491 literaric'
2042 1432 2369 1509 dz'aeczpeina
2404 1454 2517 1491 no·-

259 1529 424 1577 strae
472 1539 713 1599 quoque
751 1520 1070 1577 memoriae
1097 1519 1366 1577 inustum
1407 1529 1495 1575 est
1510 1560 1535 1588 ,
1580 1521 1697 1593 ait,
1738 1518 1963 1596 Virgilii
2008 1519 2072 1575 iu
2100 1514 2309 1577 scholis
2343 1538 2517 1617 prae-

259 1604 574 1664 lectionem
603 1614 660 1663 et
689 1605 1222 1683 interpretationem
1251 1606 1559 1684 respiciens
1588 1604 1689 1663 illo
1718 1601 1911 1663 adhuc
1946 1622 2091 1663 aevo
2110 1647 2127 1679 ‚
2171 1603 2331 1685 quod
2376 1602 2517 1663 hino

261 1688 534 1749 discimus
551 1734 570 1763 ‚
613 1688 739 1749 fieri
767 1692 1018 1752 solitam.
1627 1700 1634 1708 ·

431 1774 610 1855 Apud
645 1776 998 1857 antiquiores
1041 1784 1242 1833 tamen
1289 1776 1594 1855 scriptores
1636 1786 1695 1835 et
1734 1770 2206 1854 chronographos
2236 1774 2311 1834 de
2340 1794 2516 1850 anno,

261 1880 381 1943 quo
409 1864 639 1920 Aeneas
668 1860 942 1935 decessit,
985 1858 1208 1921 diverse
1237 1858 1561 1919 admodum
1588 1859 1865 1919 traditum
1898 1861 2028 1919 fuit.
2112 1862 2267 1921 Nam
2298 1872 2356 1919 et
2392 1862 2519 1940 ipse

259 1948 570 2029 Dionysius
599 1956 714 2005 tres
741 1968 878 2005 eum
907 1944 1088 2004 a'nnos
1117 1964 1258 2005 cum
1283 1946 1494 2005 Latino
1524 1966 1811 2025 regnasse,
1842 1956 2047 2027 quarto
2076 1946 2149 2003 ab
2178 1949 2301 2005 eius
2328 1957 2518 2005 morte

261 2052 416 2093 anno
459 2034 522 2091 in
564 2051 764 2112 pugna
801 2052 942 2091 cum
981 2034 1272 2091 Mezentio
1311 2050 1431 2091 non
1461 2033 1709 2113 amplius
1751 2033 2079 2111 apparuisse
2104 2042 2301 2091 narrat
2338 2033 2440 2091 lib.
2468 2034 2517 2105 1,

261 2118 366 2183 64.
451 2114 632 2197 Apud
671 2118 1015 2197 Syncellum
1062 2136 1301 2199 quoque
1339 2137 1398 2197 p.
1433 2122 1549 2182 171
1586 2119 1653 2179 C.
1681 2118 1757 2177 D.
1816 2115 2003 2194 (unde
2029 2118 2243 2181 Euseb.
2272 2120 2517 2177 Hieron.

255 2202 418 2263 idem
463 2200 676 2283 habet)
722 2214 840 2263 tres
879 2214 1012 2281 post
1050 2204 1329 2261 Latinum
1373 2221 1557 2263 annos
1577 2244 1603 2274 ,
1661 2202 1985 2262 secundum
2025 2203 2167 2263 ulios
2196 2215 2327 2263 octo
2344 2248 2359 2278 ,
2418 2224 2517 2261 re-

259 2307 498 2367 gnasse,
537 2299 685 2361 tum,
717 2297 781 2346 ut
807 2289 904 2345 alii
931 2286 1180 2359 tradant,
1224 2298 1450 2365 quarto,
1492 2297 1559 2345 ut
1588 2289 1705 2360 alii,
1747 2286 2097 2347 duodecimo
2139 2310 2175 2347 a
2202 2292 2385 2349 Troia
2412 2308 2519 2349 oa-

263 2384 360 2451 pta
406 2390 562 2429 anno
605 2372 816 2433 obiisse
858 2370 1087 2431 dicitur.
1173 2372 1308 2427 Alio
1337 2372 1467 2429 loco
1495 2392 1557 2449 p.
1594 2374 1713 2435 194
1740 2372 2136 2448 fragmentum
2174 2396 2251 2431 ex
2275 2373 2519 2433 Diodori

259 2458 366 2519 lib.
411 2457 518 2515 vll
559 2458 837 2529 servavit,
897 2474 1016 2536 quo
1043 2464 1434 2514 memoratum
1459 2464 1614 2528 erat,
1656 2458 1825 2513 tertio
1867 2476 1903 2513 a
1943 2466 2109 2536 capta
2150 2460 2333 2519 Troia
2362 2476 2517 2517 anno

261 2545 528 2602 Aeneam
555 2561 807 2622 regnum
833 2543 1178 2600 Latinorum
1205 2541 1519 2600 obtinuisse
1546 2561 1653 2620 per
1678 2543 2013 2602 triennium.

684 2681 741 2720 a.
771 2662 836 2719 G.
865 2663 941 2719 N.
975 2665 1160 2726 1178.
1205 2677 1260 2718 a.
1303 2657 1583 2718 adventus
1613 2661 1674 2716 in
1714 2661 1941 2717 Italiam
1972 2663 2033 2726 6.

261 2799 464 2856 Rutuli
507 2796 820 2872 rebellant3
867 2797 1058 2876 iungit
1097 2815 1260 2854 arma
1303 2797 1625 2857 Mezentius
1638 2839 1655 2868 ‚
1713 2797 2091 2854 Etruscorum
2130 2815 2253 2855 rex.
2338 2797 2519 2854 Facto

259 2881 478 2963 praelio
505 2885 735 2942 Aeneas
763 2884 1114 2963 interceptus
1141 2900 1433 2962 nusquam
1472 2879 1683 2940 deinde
1726 2881 2069 2960 comparuit.
2156 2880 2429 2940 Succedit
2454 2882 2519 2940 in

261 2988 444 3047 regno
481 2970 828 3027 Latinorum
867 2969 1182 3028 Ascanius:
1245 2965 1541 3026 obsidetur
1568 2967 1914 3027 Lavinium:
1970 2983 2117 3024 mox
2142 2985 2341 3047 pugna
2368 2967 2519 3026 facta

260 3055 583 3113 Mezentius
613 3053 978 3132 obsidionem
1003 3055 1192 3114 solvit.
1281 3057 1368 3112 lta
1394 3053 1637 3134 Dionys.
1664 3053 1713 3127 1,
1744 3049 1848 3118 64.
1877 3053 1981 3118 65.
2026 3053 2195 3114 Conf.
2224 3054 2355 3112 Liv.
2382 3054 2431 3127 1,
2454 3057 2520 3118 2.

260 3141 459 3200 Victor
485 3141 556 3202 0.
587 3141 662 3202 G.
689 3142 762 3200 R.
795 3138 896 3204 14.

677 3277 732 3318 a.
763 3259 832 3318 0.
859 3261 933 3317 N.
966 3256 1150 3324 1148.
1217 3275 1288 3318 a.
1320 3255 1603 3318 adventus
1630 3258 1694 3316 in
1722 3257 1951 3315 Italiam
1980 3260 2083 3322 50.

264 3395 394 3454 Hoc
421 3413 578 3454 anno
609 3413 686 3452 ex
711 3395 1028 3472 virgiliana
1055 3395 1462 3474 supputatione
1477 3394 1629 3452 Alba
1653 3397 1865 3472 Longa
1890 3389 2193 3452 conditur:
2224 3389 2299 3450 ad
2327 3391 2520 3450 verio-

263 3499 392 3540 rem
431 3491 636 3541 tamen
675 3479 964 3538 rationem
1005 3477 1100 3554 (si
1143 3480 1310 3538 tertio
1339 3499 1376 3538 a
1403 3481 1586 3540 Troia
1614 3482 1809 3545 excisa
1847 3497 2002 3538 anno
2028 3480 2258 3538 Aeneas
2284 3479 2521 3554 Latium

262 3567 494 3646 tenuit)
537 3575 746 3648 quarto
798 3575 933 3624 ante
971 3561 1132 3622 hunc
1175 3583 1330 3624 anno
1359 3583 1414 3625 a.
1445 3565 1513 3626 C.
1542 3567 1615 3626 N.
1648 3563 1816 3630 1152
1857 3565 2160 3644 trigesimo
2186 3573 2317 3647 post
2342 3563 2519 3622 Lavi·-

263 3654 438 3712 nium
491 3650 828 3726 conditum,
885 3660 954 3709 ut
969 3693 986 3724 ‚
1057 3650 1108 3708 si
1153 3649 1306 3708 bene
1348 3653 1593 3709 memini
1608 3696 1625 3726 ,
1698 3669 1899 3709 omnes
1943 3652 2247 3732 scriptores
2287 3659 2520 3730 tempus

267 3737 498 3798 finiunt.
585 3737 664 3796 cf.
707 3733 957 3796 Gerdam
999 3733 1078 3794 ad
1131 3735 1286 3794 Aen.
1326 3737 1374 3810 1,
1417 3739 1565 3802 269.
1648 3735 1849 3794 Victor
1888 3736 1959 3794 0.
2002 3737 2079 3796 G.
2127 3737 2200 3795 R.
2233 3739 2331 3800 17.
2418 3735 2519 3794 Sic

269 3841 507 3905 quoque
551 3819 762 3882 diserte
807 3821 1080 3902 Virgilius
1115 3821 1218 3880 lib.
1258 3821 1409 3895 vm,
1453 3821 1537 3886 47
1592 3823 1829 3880 inventa
1872 3823 2067 3880 statim
2092 3821 2200 3880 sub
2230 3822 2521 3882 escensio-

265 3927 410 3967 nem
449 3927 552 3966 sue
595 3909 761 3968 albat
845 3908 948 3966 Ex
973 3925 1092 3986 quo
1125 3915 1214 3964 ter
1254 3905 1428 3967 desis
1452 3904 1661 3966 urbem
1688 3905 2071 3966 redeuntibus
2092 3909 2277 3966 annis
2304 3907 2517 3964 Asea-

267 3994 410 4052 ns'us
443 3991 608 4050 olari
641 3993 851 4054 condet
904 3992 1276 4072 cognominis
1311 3989 1571 4050 Albam.
1655 3993 1863 4052 Paullo
1905 3994 2201 4052 obscurius
2227 3989 2389 4051 idem
2413 3991 2522 4048 Iu-

267 4079 419 4158 piter
460 4075 536 4136 ad
574 4077 864 4138 Venerem
902 4079 1242 4138 vaticinatus
1291 4087 1416 4138 erat
1454 4077 1556 4136 lib.
1597 4079 1645 4151 1,
1689 4081 1816 4144 267
1884 4079 1983 4136 At
2008 4099 2170 4156 puer
2205 4077 2522 4136 Ascanius

266 4195 354 4208 —-—
411 4163 690 4242 Diginta
735 4184 992 4244 magnos
1027 4161 1336 4222 volvendis
1375 4159 1678 4222 mensibus
1718 4162 1885 4222 orbes
1931 4164 2191 4242 Imperio
2236 4158 2519 4238 explebit,

265 4268 668 4392 1¹⁶8an
672 4249 753 4308 ab
801 4249 936 4308 sede
979 4249 1216 4308 Lavim·
1264 4247 1610 4327 Dum-feret
1622 4291 1647 4320 ,
1690 4259 1745 4306 et
1774 4247 2026 4327 longam
2054 4247 2249 4306 nuclea
2290 4247 2358 4303 νι·
2378 4265 2519 4306 mn-

265 4344 392 4394 ruet
