3009 5050
672 420 1286 498 AENEIDOS
1340 422 1550 499 LIB.
1603 423 1734 519 IX,
1769 432 2204 505 530—544

2428 442 2576 511 375

324 611 797 707 Expugnare
824 606 1039 706 Itali,
1096 632 1570 709 summaque
1599 625 1968 689 evertere·
1988 632 2242 713 opum
2275 618 2348 690 vi

332 711 807 804 Certabant3
864 716 1119 787 Troes
1146 725 1425 788 contra
1462 711 1905 792 defendere
1929 716 2143 813 saxiS‚

329 819 647 916 Perque
688 840 907 920 cavas
940 816 1167 891 densi
1204 816 1355 891 tela
1390 817 1855 918 intorquere
1899 817 2302 900 fenestras,

327 918 722 1020 Princeps
742 919 1162 996 ardentem
1190 921 1530 995 coniecit
1555 919 1918 1023 lampada
1955 926 2296 1015 TurnuS,

326 1026 429 1099 Et
460 1019 869 1099 flammam
903 1021 1171 1099 adfixit
1206 1022 1463 1114 lateri3

1517 1048 1720 1125 quae
1753 1025 2096 1126 plurima
2121 1042 2364 1107 vento
2421 938 2567 1007 535

328 1127 755 1227 Conripuit
778 1127 1119 1224 tabulas,
1178 1140 1259 1203 et
1294 1126 1658 1228 postibus
1685 1128 1938 1208 haesit
1967 1130 2240 1211 adesis,

328 1230 659 1307 Turbati
694 1230 1093 1331 trepidare
1133 1232 1379 1329 intem,
1432 1228 1887 1335 frustraque
1913 1234 2314 1311 malorum

325 1332 553 1413 Velle
610 1332 906 1433 fugam.
1021 1340 1235 1411 Dum
1297 1358 1383 1412 se
1442 1332 1922 1433 glomerant,
2009 1350 2390 1441 retroque
2443 1364 2571 1459 ¹[e‘

1478 1438 1764 1531 ⁹sidunt

324 1541 421 1615 In
462 1553 775 1640 partem
808 1601 827 1636 ‚
901 1562 1105 1643 quae
1162 1553 1385 1639 peste
1441 1556 1689 1621 caretx
1771 1556 1942 1619 tum
1991 1544 2355 1644 pondere
2405 1559 2571 1621 tur-

1489 1646 1596 1721 ris

2361 1695 2383 1712 .
2421 1656 2572 1729 540

327 1744 773 1822 Procubuit
802 1744 1107 1841 subito,
1164 1758 1244 1821 et
1276 1746 1596 1824 coelum
1623 1762 1850 1825 tonat
1895 1772 2138 1828 omne
2175 1747 2506 1849 fragore.
2546 1741 2569 1774 ⁴

336 1850 804 1925 Semineces
833 1849 929 1925 ad
961 1863 1292 1948 terram,
1347 1853 1646 1927 inmani
1675 1853 1898 1929 mole
1927 1868 2218 1951 secuta,

326 1952 803 2054 Confixique
843 1955 1000 2029 suis
1026 1954 1241 2052 telis,
1300 1968 1379 2030 et
1408 1971 1738 2057 pectora
1768 1956 1970 2033 duro

326 2054 768 2133 Transfossi
800 2057 1051 2156 ligno,
1104 2060 1457 2139 veniunt.
1562 2062 1706 2140 Vix
1734 2086 1940 2138 unus
1977 2060 2357 2156 Helenor,

461 2249 567 2303 552
608 2249 777 2301 Italia
820 2250 974 2301 Rom.

1116 2250 1219 2305 536
1252 2250 1437 2321 affecit
1474 2252 1667 2305 Medic.
1720 2252 1896 2304 Pierii.
1980 2252 2282 2305 adstrinxit
2323 2250 2572 2305 Pan-hau.

323 2317 422 2373 537
460 2316 666 2398 fabulis
684 2337 765 2387 pr.
792 2319 981 2371 Hamb.
1010 2336 1041 2370 a
1060 2338 1129 2401 tn.
1158 2336 1243 2387 pr.
1287 2320 1548 2403 pontibus
1572 2320 1707 2374 coni.
1735 2322 1812 2373 Io.
1836 2322 2110 2406 §chr-ader.
2145 2322 2396 2405 aci-hessis
2423 2321 2574 2374 Rom.

324 2386 711 2523 ἲξέἒέοῗίῧῗέο
740 2404 867 2509 δεῖξε
900 2389 1776 2519 Ιςιῗὲἰῗεῆἶίξάἒὲἶιιῖἱὲἑσίεςὲἒὲ.
1801 2390 2575 2528 Ἑξεάῗιεᾶταᾮὶἳίιῖψῖιῖἰυὶξῖ

324 2522 566 2578 demann.
594 2545 647 2594 p.
689 2527 827 2591 233„
864 2528 1047 2596 adesis
1088 2524 1285 2578 ibidem
1331 2528 1449 2580 cod.
1479 2533 1612 2596 Ang.
1655 2529 1801 2582 Maii.
1841 2529 1986 2596 Wr.)
2055 2531 2156 2584 539
2191 2531 2465 2582 residunt:
2503 2533 2574 2584 10.

324 2593 608 2648 Schrader.
644 2611 745 2646 em.
783 2597 1076 2655 recedunc3
1119 2595 1212 2646 sed
1247 2595 1469 2648 alterum
1504 2598 1712 2650 doctina
1749 2599 1936 2650 eodem
1974 2597 2280 2668 significatu.
2349 2599 2442 2650 Est
2461 2597 2578 2650 Ln-

326 2665 615 2716 cretiannm
653 2675 910 2732 retroque
944 2665 1162 2715 residit:
1198 2667 1261 2725 11,
1297 2665 1421 2718 283.

1560 2665 1664 2719 540
1705 2680 1896 2719 carent
1927 2667 2130 2734 Franc„
2167 2663 2276 2719 'sed
2308 2675 2433 2720 tnnc
2461 2683 2576 2720 ma-

322 2731 389 2784 lit
425 2735 595 2786 Burm.
624 2751 735 2803 qua
769 2745 925 2804 peste
972 2745 1163 2784 carent
1204 2733 1318 2785 acii.
1340 2735 1574 2785 Troiani.
1611 2735 1758 2788 Conf.
1789 2737 1858 2787 ad
1884 2755 1932 2788 v.
1971 2735 2090 2789 510.
2192 2733 2298 2790 542
2319 2739 2577 2788 immense

324 2805 502 2869 sprot.
575 2807 751 2856 secuti
785 2801 891 2852 duo
926 2802 1097 2852 Burm.

324 2889 433 2924 000·

1213 2801 1319 2858 543
1354 2805 1686 2873 confixaque
1717 2805 1974 2857 Montatb.
2043 2805 2383 2876 Gonfixitque
2414 2806 2576 2858 Goth.

537 2871 641 2926 544
683 2871 965 2926 Trans-lixi
994 2888 1076 2938 pr.
1114 2871 1298 2922 Hamb.
1348 2889 1447 2941 pro
1494 2891 1604 2926 var.
1651 2873 1775 2926 lect.
1826 2891 1940 2925 cum
1969 2871 2134 2929 Goth.
2173 2891 2256 2940 pr.
2329 2875 2436 2924 Con
2470 2875 2582 2925 osai

322 2941 565 2993 Parthas.
650 2941 905 2992 Helenor
952 2941 1005 2990 in
1058 2939 1187 2992 libb.
1245 2941 1451 3012 aliquot
1484 2943 1621 2994 Pier.
1709 2944 1800 2994 Est
1828 2937 2096 3010 Ἐλήνωρ.
2165 2943 2373 2994 Elenor

2449 2951 2576 2994 utat-

322 3012 392 3062 ad
425 3015 557 3064 Stat.
591 3010 735 3078 apud
772 3012 1141 3074 Bai-mannum,
1178 3013 1269 3080 qni
1308 3020 1363 3063 et
1404 3010 1542 3064 binis
1579 3013 1734 3065 codd.
1785 3012 2016 3064 abfuisse
2045 3027 2252 3066 versum
2281 3019 2462 3076 notat,
2511 3027 2575 3062 αι

322 3081 583 3134 clanculae
616 3080 985 3144 similitudine,
1018 3077 1075 3130 in
1109 3096 1214 3132 nno
1246 3097 1428 3136 versus
1459 3081 1582 3137 548.
1615 3082 1734 3137 547.
1771 3081 1876 3136 546
1909 3100 1969 3134 se
1998 3079 2280 3150 excepisse.

320 3253 445 3300 tem
470 3259 645 3321 supra
660 3241 917 3320 exposita
944 3237 1019 3298 ad
1036 3261 1093 3298 v.
1117 3243 1239 3304 170
1246 3259 1409 3318 pon-

324 3337 409 3385 tes
465 3338 523 3384 et
582 3325 1059 3404 propugnacula
1116 3326 1399 3404 iungunt.

320 3414 455 3471 Fuit
494 3415 697 3485 turris,
746 3414 1005 3470 seiuncta
1045 3429 1081 3468 a
1121 3412 1274 3469 vallo
1300 3431 1407 3470 seu

318 3517 514 3573 muro,
528 3509 587 3556 et
604 3509 740 3556 ante
766 3497 987 3556 vallum
1007 3498 1209 3576 posita,
1224 3509 1405 3578 ponte

318 3585 517 3643 iuncta
558 3605 698 3644 oum
752 3583 943 3657 vallor,
999 3583 1255 3642 trabibus
1306 3584 1404 3640 ina

320 3679 727 3749 coagmentata
740 3713 759 3743 ‚
787 3670 865 3727 ita
894 3679 961 3726 ut
988 3669 1113 3746 igni
1141 3670 1407 3726 consumi

319 3767 531 3834 posset.
616 3755 763 3821 538.
806 3753 1120 3834 desendet-e
1152 3775 1233 3812 sc.
1278 3763 1406 3812 tur-—

322 3842 466 3915 rim,
494 3859 617 3898 non
644 3860 741 3915 ser,
782 3838 895 3900 hoe
922 3838 1233 3918 indignum
1258 3859 1405 3918 poe-

320 3927 435 3985 fiea
488 3927 769 4004 gravitate
822 3935 987 3984 esset.
1107 3925 1253 3988 536.
1320 3924 1409 3982 Et

303 4007 643 4089 flamma'm
696 4011 913 4085 adfixit
977 4009 1154 4068 lateri
1166 4023 1204 4084 ‚¹
1262 4029 1401 4088 ergo

320 4098 527 4154 turrim
554 4095 809 4174 ligneam
835 4097 1007 4155 fuisse
1044 4091 1403 4154 eredendum

323 4192 427 4255 eat,
454 4183 503 4240 si
532 4183 781 4267 exterius
810 4179 1071 4240 adhaesit
1111 4181 1212 4238 fax
1241 4181 1402 4250 anisa

321 4276 383 4324 et
408 4265 602 4324 affixa.
686 4265 831 4331 540.
866 4268 1055 4343 pesti-s
1095 4263 1169 4324 de
1197 4266 1403 4324 incen-

318 4349 421 4411 dio
434 4394 453 4424 ‚
486 4361 555 4408 ut
592 4349 665 4424 V,
696 4353 839 4415 683.
868 4353 1113 4413 incensis
1136 4351 1399 4410 navibus.·

316 4439 481 4498 Dum
508 4453 711 4496 onmes
728 4437 787 4494 in
814 4437 1059 4496 alteram
1074 4439 1247 4504 nuris
1264 4455 1404 4518 par-

1490 3251 1634 3314 tem,
1653 3261 1802 3322 quae
1829 3240 2046 3300 intacta
2069 3241 2146 3298 ab
2173 3241 2298 3319 igni
2309 3249 2412 3314 est,
2430 3257 2573 3298 eon-

1492 3325 1742 3386 cedunt:
1787 3327 1887 3384 illa
1903 3371 1920 3400 ,
1964 3345 2114 3408 quae
2158 3325 2280 3384 solo
2307 3328 2573 3404 imposita

1492 3422 1550 3471 et
1577 3423 1964 3491 superstructa
2004 3423 2124 3470 erat
2169 3411 2330 3488 (non
2359 3410 2572 3472 funda-

1488 3509 1693 3556 mento
1722 3517 1899 3556 saxeo
1927 3498 1990 3554 in
2021 3509 2238 3564 terram
2266 3497 2446 3575 acto),
2474 3504 2571 3555 ut-

1487 3595 1628 3664 pote
1655 3583 1848 3662 lignea
1879 3593 1936 3640 et
1969 3585 2231 3658 mobilis„
2283 3583 2572 3663 inaequali

1486 3667 1748 3748 pondere
1817 3669 2128 3728 inclinatur
2199 3679 2258 3727 et
2338 3671 2569 3728 corruit.

1489 3753 1638 3820 542.
1678 3751 1964 3812 Videntur
1989 3755 2288 3836 sequentia
2317 3754 2392 3814 ad
2417 3753 2570 3829 hane

1488 3858 1688 3897 rerum
1699 3839 1904 3898 faeiem
1919 3861 2040 3898 esse
2054 3838 2399 3899 revocanda.
2409 3841 2570 3900 Tur-

1486 3926 1602 3984 ώῐι
1655 3925 1914 4005 flgneam
1977 3945 2135 3986 nune
2205 3935 2572 3986 corruentem

1486 4011 1624 4068 ferri
1651 4012 1714 4068 in
1741 4030 2016 4091 praeceps
2037 4013 2098 4070 in
2125 4023 2352 4092 partem
2379 4031 2571 4091 oppu—

1485 4097 1823 4174 gnatoribus
1851 4095 2170 4156 adversam.
2254 4099 2304 4154 Ii
2318 4139 2336 4171 ,
2381 4098 2482 4177 qui
2507 4097 2568 4152 in

1486 4183 1632 4240 turri
1655 4192 1820 4256 sunt,
1851 4181 2186 4261 affliguntur
2210 4183 2374 4260 gravi
2398 4181 2570 4237 turris

1486 4267 1656 4324 ruina
1681 4267 1804 4326 solo
1819 4311 1835 4342 ,
1879 4269 2090 4346 partim
2131 4265 2306 4325 hastis
2333 4283 2570 4324 suorum

1486 4363 1693 4412 mutuo
1719 4352 2009 4412 transfixi:
2069 4351 2182 4411 hoo
2211 4362 2296 4409 est
2323 4349 2572 4406 vendant

1487 4436 1578 4495 ad
1601 4447 1840 4494 terram.
