3009 5050
811 428 996 502 AD
1099 424 1747 507 LIBRUM
1848 432 2077 509 VIII
2404 441 2557 516 285

317 625 530 707 aliqua.
615 620 740 681 Etsi
764 622 928 679 mim
955 620 1256 681 communi
1282 618 1458 701 stirpe
1495 618 1877 701 procederent
1915 634 1975 683 et
2010 634 2177 684 vetus
2214 622 2363 685 illud
2402 625 2561 687 fero-

316 730 450 769 rum
476 707 790 767 hominum
815 726 998 787 genus
1027 718 1085 766 et
1112 708 1256 765 aliae
1295 718 1497 785 gentes
1539 708 1830 766 Ausoniae
1844 754 1861 783 ‚
1904 720 2105 769 tamen
2144 711 2261 770 suis
2302 715 2562 773 nomini-

315 798 426 857 bus
455 795 734 854 discretae
763 804 958 868 erant3
1002 791 1266 875 adeoque
1291 794 1488 851 mitius
1518 812 1585 851 ao
1613 797 1967 855 mansuetius
1995 815 2181 877 genus
2220 816 2329 878 per
2362 799 2561 859 Auso-

317 884 490 942 nium
529 900 748 939 nomen
794 877 1081 938 declarare
1135 879 1318 937 licuit.
1403 880 1734 939 Domestica
1788 891 1983 940 autem
2034 882 2209 943 fixisse
2260 894 2319 942 et
2370 886 2561 945 civili-

319 968 472 1027 bella
499 970 650 1027 inter
675 968 860 1027 varias
887 958 1090 1045 gentes
1117 964 1409 1023 Ausoniae
1437 964 1623 1045 stirpis
1639 1009 1654 1040 ,
1698 962 1961 1047 adeoque
1999 952 2175 1027 etiam
2216 968 2563 1051 Aborigines

322 1054 476 1112 bello
502 1063 742 1113 vexatos
772 1072 891 1111 esse
920 1071 956 1123 a
984 1050 1186 1111 ceteris
1210 1050 1438 1132 populis
1465 1051 1767 1111 communi
1794 1070 1933 1113 cum
1954 1051 2165 1115 iisdem
2203 1072 2417 1135 genere
2460 1074 2561 1116 or-

321 1141 394 1198 tis
410 1184 431 1215 ,
471 1141 604 1197 satis
633 1139 928 1218 probabile
954 1136 1202 1195 videtur.
1635 1135 1648 1147 ”

495 1222 770 1287 Tandem
811 1233 982 1303 poeta
1023 1223 1282 1281 subiicit:
1355 1222 1613 1301 Saepizw
1660 1234 1719 1281 et
1754 1242 1970 1283 nomen
2006 1224 2221 1303 posuit
2264 1225 2558 1283 Satumia

324 1310 524 1369 tellus.
614 1311 800 1391 Attigi
839 1308 984 1367 haec
1027 1312 1146 1367 iam
1192 1328 1365 1389 supra
1409 1308 1559 1369 Exc.
1604 1310 1767 1385 xxl,
1806 1309 1882 1369 ad
1921 1309 2023 1369 lib.
2070 1314 2118 1371 1.
2200 1310 2563 1371 Declaranda

321 1414 482 1457 nunc
511 1415 604 1455 res
632 1406 718 1453 est
743 1396 940 1477 paullo
978 1396 1210 1453 uberius
1231 1437 1247 1470 ‚
1294 1404 1354 1453 et
1391 1393 1715 1453 videndum
1729 1440 1746 1470 ,
1791 1416 1868 1455 an
1916 1406 2071 1455 certa
2109 1398 2225 1456 sint
2260 1398 2561 1476 principia,

323 1502 558 1543 caussae
603 1502 670 1541 ac
712 1484 960 1541 rationes
977 1524 995 1557 ‚
1039 1479 1115 1538 ad
1157 1498 1299 1561 quas
1335 1482 1592 1539 revocari
1632 1482 1827 1561 possit.
1910 1482 2081 1541 Varia
2120 1483 2324 1566 ntique
2360 1482 2563 1541 Italiae

322 1570 566 1629 nomina
592 1566 802 1627 tradita
829 1576 992 1640 sunt3
1033 1568 1082 1625 si
1107 1576 1310 1625 tamen
1351 1586 1478 1625 rem
1515 1568 1709 1647 paullo
1753 1570 2070 1627 accuratius
2110 1570 2375 1651 inspicias
2392 1610 2410 1642 ,
2451 1584 2563 1646 pa-

325 1674 459 1713 rum
487 1654 788 1712 subtiliter.
875 1652 1127 1713 Omnino
1155 1652 1363 1710 frustra
1388 1649 1502 1711 hoe
1532 1662 1866 1733 expectatur
1882 1698 1898 1729 ,
1940 1664 2009 1712 ut
2032 1658 2235 1734 magni
2280 1665 2565 1713 teri-amm

327 1751 538 1800 tractus
567 1741 674 1797 sub
701 1757 822 1797 uno
849 1740 1091 1797 nomine
1119 1738 1384 1813 veniant,
1432 1748 1746 1821 antequam
1772 1741 1881 1798 sub
1920 1758 2295 1799 communem
2336 1740 2565 1819 imperii

328 1846 397 1887 ae
425 1827 595 1905 regni
623 1842 968 1905 compagem
1009 1824 1294 1883 venerint.
1383 1821 1548 1882 Orbis
1587 1845 1729 1883 vero
1764 1836 2047 1884 terrarum
2096 1836 2283 1906 partes
2322 1826 2566 1883 nomine

327 1915 560 1993 proprio
589 1909 876 1991 designari
900 1910 1004 1969 vix
1030 1920 1344 1990 potuerunt
1369 1920 1504 1969 ante
1546 1909 2025 1992 Geographorum
2064 1911 2272 1972 studia.
2354 1910 2567 1969 Primis

326 1997 682 2079 temporibus
698 2043 712 2072 ,
754 2006 824 2055 ut
849 2014 1116 2078 quaeque
1143 2014 1286 2075 gens
1313 2014 1420 2075 per
1446 1998 1647 2075 stirpes
1686 2008 1787 2055 aut
1826 2018 1933 2077 per
1972 1998 2217 2058 familias
2259 1992 2421 2057 sedes
2458 1993 2568 2055 sibi

328 2084 586 2165 proprias
637 2084 906 2163 cepisset,
945 2084 1029 2144 ita
1071 2082 1431 2163 singularum
1483 2083 1748 2162 stirpium
1788 2094 1889 2141 aut
1936 2084 2287 2143 familiarum
2326 2082 2569 2141 nomina

327 2170 842 2251 frequentabantur
858 2213 875 2243 ,
917 2186 1112 2255 neque
1141 2186 1341 2227 earum
1365 2168 1430 2224 in
1465 2188 1656 2226 unum
1694 2168 2065 2229 collectarum
2080 2214 2099 2245 ,
2157 2180 2257 2228 aut
2296 2180 2569 2227 commu·-

329 2258 422 2315 nis
463 2257 688 2334 stirpis,
743 2254 892 2315 sedis
931 2272 1000 2313 ac
1039 2254 1184 2329 loci,
1242 2270 1462 2313 nomen
1499 2254 1565 2311 in
1605 2254 1870 2313 notitiam
1922 2257 2123 2313 venire
2179 2256 2401 2337 potuit,
2453 2252 2569 2313 nisi

330 2340 490 2422 apud
517 2342 658 2399 alios
686 2338 953 2399 homines
966 2384 984 2416 ,
1027 2342 1130 2429 qui
1155 2359 1338 2399 novos
1365 2333 1620 2398 advenas‘
1645 2350 1803 2401 certo
1826 2344 2067 2399 nomine
2111 2339 2400 2399 declarare
2440 2338 2571 2399 vel-

331 2428 476 2485 lent.
561 2428 696 2483 Non
720 2427 898 2507 igitur
923 2423 1035 2483 nisi
1061 2426 1397 2489 necessitate
1423 2426 1685 2499 suborta,
1728 2436 1796 2483 ut
1823 2427 1966 2484 alter
1990 2426 2238 2508 populus
2280 2425 2351 2484 ab
2390 2424 2571 2483 altero

335 2508 586 2570 discerni
611 2521 806 2590 posset
823 2555 840 2586 ‚
883 2512 1125 2574 nomina
1152 2509 1420 2590 genet-ica
1447 2517 1673 2592 reperta
1702 2532 1822 2570 esse
1870 2512 2165 2592 probabile
2208 2510 2295 2570 fit.
2376 2512 2573 2570 Loco-

333 2617 470 2658 rum
497 2607 696 2654 autem
723 2615 790 2655 ao
817 2607 1103 2654 terrarum
1129 2598 1370 2654 nomina
1386 2639 1403 2670 ‚
1443 2615 1565 2653 non
1592 2598 1704 2655 nisi
1732 2598 1805 2655 ab
1832 2597 2073 2672 exteris,
2118 2599 2219 2676 qui
2259 2615 2353 2656 eas
2393 2589 2574 2656 terras

333 2681 552 2742 adeunt
567 2725 584 2755 ,
627 2692 726 2740 aut
755 2699 790 2738 a
815 2681 1017 2740 vicinis
1043 2681 1271 2762 populis
1289 2725 1304 2756 ,
1345 2683 1408 2738 in
1437 2699 1688 2760 quorum
1714 2681 1925 2740 finibus
1964 2681 2347 2740 consederunt
2390 2680 2574 2741 adve-

335 2789 484 2844 nae,
539 2768 766 2846 imponi
805 2766 1011 2825 solent.
1095 2767 1348 2823 Nomina
1388 2767 1586 2845 itaque
1629 2767 1980 2845 populorum
2032 2775 2091 2824 et
2140 2777 2423 2825 terrarum
2470 2785 2577 2848 per

336 2855 688 2920 commercia
714 2850 1026 2916 hominum
1066 2861 1262 2913 ortum
1301 2859 1359 2908 et
1400 2868 1623 2908 caussas
1662 2847 1912 2909 habent:
1971 2847 2385 2909 autochthones
2402 2895 2419 2924 ‚
2472 2869 2579 2908 seu

337 2943 510 3023 primi
527 2939 798 3084 iilpoolael:
825 2938 1082 3082 Xfmgm
1108 2939 1231 3082 vaf
1239 2945 1435 2995 creant
1441 2946 1603 3081 SautIl
1590 2945 1811 3001 curant.
1898 2931 2237 2996 Secundum
2266 2933 2580 3078 haecahtra-

339 3039 500 3088 ctum
593 3045 695 3084 um
724 3045 756 3082 a
901 3026 962 3104 pi
1000 3034 1132 3082 us'a
1223 3033 1413 3084 retum
1487 3025 1543 3080 ic
1602 3041 1710 3080 um
1735 3031 2068 3104 porrectmn
2105 3021 2345 3080 nomine
2440 3021 2579 3102 'quo

339 3133 572 3274 {352⁰
586 3105 2582 3277 iiiiq‘i’nssfflffliffmffssffssfflqffiffiaesissffffi

343 3305 483 3366 quas
511 3303 548 3342 a
575 3283 908 3342 cultioribus
934 3281 1162 3362 populis
1177 3326 1192 3357 ‚
1238 3283 1514 3340 Graeciae
1542 3282 1805 3360 inprimis
1818 3323 1835 3358 ,
1876 3279 2229 3360 frequentari
2254 3287 2580 3358 coeperant,

340 3373 563 3451 primae
606 3389 840 3450 quoque
879 3370 1116 3426 nomine
1159 3369 1354 3449 aliquo
1394 3369 1701 3446 insignitae
1756 3375 1920 3442 sunt3
1974 3385 2097 3424 non
2138 3374 2261 3425 tam
2302 3383 2373 3422 eo
2390 3409 2407 3439 ,
2462 3382 2582 3445 quo

339 3454 651 3535 indigenae
681 3453 757 3512 ad
784 3473 952 3512 suam
979 3455 1217 3534 stirpem
1247 3463 1346 3511 aut
1371 3471 1500 3511 suas
1545 3451 1709 3510 sedes
1752 3449 2123 3510 declarandas
2160 3453 2313 3508 inter
2350 3469 2413 3510 se
2448 3459 2586 3508 ute-

341 3543 554 3602 bantur
567 3587 584 3618 ,
633 3559 813 3622 quam
837 3540 1183 3620 plerumque
1209 3557 1365 3597 novo
1395 3538 1466 3595 ab
1497 3535 1733 3596 advenis
1770 3535 1861 3596 his
1898 3537 1995 3596 vel
2036 3535 2448 3596 mercatoribus
2486 3536 2586 3593 iu-

341 3639 517 3687 vento
535 3673 552 3702 ,
599 3637 658 3684 et
684 3627 806 3684 fere
837 3626 909 3682 ab
941 3627 1212 3683 attributo
1255 3624 1452 3706 aliquo
1500 3624 1765 3681 locorum
1808 3623 1903 3682 vel
1944 3625 2145 3703 populi
2162 3667 2179 3698 ‚
2230 3623 2325 3680 vel
2370 3642 2405 3680 a
2448 3638 2585 3679 casu

341 3715 435 3774 vel
467 3733 500 3772 a
526 3714 716 3792 primo
745 3721 931 3781 terrae
961 3709 1120 3769 aditu
1136 3754 1153 3785 ,
1195 3710 1340 3768 urbe
1358 3752 1374 3783 ‚
1417 3711 1814 3789 promontorio
1832 3754 1849 3783 ‚
1892 3727 1927 3766 a
1966 3727 2119 3767 nova
2148 3727 2211 3766 re
2228 3753 2245 3783 ,
2289 3725 2467 3790 quam
2492 3707 2588 3766 vi-

345 3797 486 3858 dent
503 3842 520 3872 ,
561 3799 851 3877 accipiunt
868 3841 885 3870 ,
927 3799 1107 3876 petito
1127 3841 1144 3870 ,
1181 3793 1482 3853 interdum
1524 3797 1699 3852 etiam
1743 3815 1818 3852 ex
1861 3813 2007 3853 voce
2046 3795 2238 3876 aliqua
2277 3793 2589 3872 indigena-

345 3903 480 3942 rum
509 3887 744 3962 accepta
773 3893 830 3942 et
858 3879 932 3939 ad
961 3901 1092 3941 suos
1119 3899 1290 3938 sonos
1321 3878 1565 3938 deflexa.
1649 3881 1739 3936 De
1763 3879 1973 3938 talibus
2000 3882 2197 3962 itaque
2238 3881 2591 3959 populorum

347 3980 447 4030 aut
475 3979 760 4028 terrarum
785 3969 1118 4027 nominibus
1147 3963 1315 4024 docte
1345 3962 1585 4046 quidem
1622 3965 1803 4024 multa
1832 3966 2036 4046 aliquis
2078 3967 2331 4044 argutari
2381 3973 2589 4044 potest,

346 4053 451 4115 sed
476 4055 823 4135 plerumque
850 4055 1130 4127 inaniter3
1170 4051 1357 4109 multo
1385 4053 1571 4129 magis
1599 4052 1648 4108 si
1672 4049 1989 4109 Phoenicia
2025 4054 2269 4110 nomina
2312 4047 2593 4129 expiscari

350 4152 408 4200 et
452 4139 704 4198 enodare
745 4139 1046 4210 volumus3
1099 4156 1214 4218 quo
1264 4133 1500 4218 quidem
1544 4155 1757 4215 genere
1798 4134 1945 4194 nihil
1986 4135 2109 4194 vidi
2125 4181 2141 4210 ‚
2200 4133 2363 4216 quod
2404 4133 2594 4210 magis

350 4237 496 4286 esset
522 4225 832 4285 lubricum.
917 4225 1101 4280 Multo
1129 4225 1314 4302 magis
1344 4219 1629 4280 desideres
1654 4221 1938 4282 iudicium
1964 4223 2215 4281 severius
2232 4265 2249 4292 ‚
2278 4223 2327 4279 si
2352 4217 2595 4277 nomina

350 4330 384 4369 a
413 4312 598 4392 poetis
628 4307 887 4368 adhiberi
914 4310 1078 4368 solita
1105 4307 1255 4365 inter
1281 4309 1523 4365 nomina
1562 4309 1917 4388 populorum
1943 4326 2011 4365 ac
2033 4317 2325 4364 terrarum
2364 4301 2597 4380 propn'a

349 4395 606 4454 referunt
634 4396 744 4454 viri
773 4392 958 4452 docti:
1005 4395 1220 4476 quippe
1249 4411 1401 4474 quae
1430 4401 1621 4449 creata
1648 4402 1783 4449 sunt
1810 4391 1883 4450 ab
1912 4392 2047 4470 ipsis
2073 4391 2266 4470 poetis
2304 4384 2595 4458 novitatis,

349 4481 636 4540 varietatis
653 4523 672 4556 ,
716 4477 1008 4538 doctrinae
1037 4489 1136 4540 aut
1163 4481 1364 4559 copiae
1395 4475 1773 4536 ostentandae
1800 4494 2019 4536 caussa.
2104 4471 2257 4546 Quid
2298 4465 2459 4552 quod
2484 4485 2596 4526 neo
