3009 5050
497 410 648 483 ‘292
1032 390 1931 473 EXGURSUS
2036 391 2162 471 IV

498 604 598 653 ctu
628 572 740 653 ‘ant
782 588 1056 653 varietate
1095 598 1260 669 grata
1304 596 1553 645 sectatus
1600 594 1774 661 esaet3
1838 582 1999 643 Fecit
2036 580 2100 643 id
2143 599 2317 663 porro
2344 599 2580 643 summa
2608 604 2749 643 cum

495 680 795 739 maiestate
822 677 1132 737 verborum
1152 718 1166 747 ,
1225 674 1641 733 sententiarum
1684 680 1744 727 et
1780 668 2285 749 phantasmatum3
2339 669 2747 753 consequutus

498 767 676 823 etiam
715 772 802 823 est
842 775 1022 821 novas
1061 760 1378 818 mirationis
1425 774 1649 816 caussas
1689 776 1797 836 per
1839 758 2265 835 expositionem
2290 776 2491 815 rerum
2515 756 2749 815 futura-

497 870 664 925 rmn,
722 863 970 931 quarum
1011 843 1548 925 cognoscendarum
1592 845 1820 901 animus
1874 840 2166 901 humanus
2224 841 2583 901 avidissimus
2630 852 2743 901 est:

497 937 648 994 Cum
677 945 876 993 autem
903 951 993 989 res
1020 934 1310 991 Romanas
1339 942 1644 1010 tamquam
1684 929 1940 987 vaticinii
1966 929 2163 1009 aliquo
2204 946 2422 1006 genere
2466 939 2743 1003 narraret,

498 1020 574 1079 ad
609 1021 938 1099 graviorem
979 1018 1246 1096 spiritum
1287 1035 1583 1095 assurgere
1599 1058 1617 1089 ‚
1675 1034 1765 1071 res
1812 1011 1888 1070 ad
1914 1014 2267 1073 miraculum
2294 1012 2540 1073 evehere
2556 1060 2574 1091 ‚
2634 1033 2743 1072 au-

493 1126 634 1185 gere
649 1150 666 1183 ‚
723 1116 786 1163 et
826 1104 1176 1186 amplificare
1215 1114 1339 1161 tuto
1381 1104 1588 1182 potuit.
1676 1100 1835 1159 Sane
1864 1098 2103 1180 quidem
2128 1102 2364 1159 Aeneae
2393 1102 2588 1159 omnia
2614 1102 2740 1175 ista,

497 1212 649 1274 quae
701 1192 766 1249 in
799 1190 992 1269 clipeo
1039 1208 1305 1268 expressa
1345 1186 1579 1247 videbat
1592 1230 1609 1259 ,
1668 1198 1897 1265 prorsus
1948 1187 2190 1245 obscura
2228 1206 2353 1246 esse
2380 1182 2741 1261 dehuenmt3

494 1291 810 1355 rerumque
848 1277 1104 1353 rig-nara&
1139 1276 1408 1352 imagine
1439 1270 1674 1350 gaudet
1684 1294 1711 1343 ,·
1767 1290 1975 1331 verum
2020 1292 2090 1331 eo
2132 1274 2257 1353 ipsc
2272 1318 2289 1347 ,
2352 1272 2743 1350 Tragicorum

495 1362 615 1421 iere
642 1380 834 1437 more,
863 1362 1149 1421 lectorum
1174 1361 1454 1439 voluptati
1479 1356 1723 1415 mirifice
1752 1358 2059 1420 consuluit.

660 1516 758 1575 Ex
782 1514 1033 1589 aruficii
1071 1514 1282 1573 veteris
1317 1512 1709 1591 descriptione
1748 1513 1963 1593 passim
2008 1522 2213 1592 poetae
2244 1512 2572 1573 carminum
2596 1531 2740 1569 suo·

495 1620 628 1659 rum
655 1612 996 1659 ornamenta
1021 1600 1345 1680 petierunt,
1404 1619 1523 1680 quo
1570 1608 1789 1661 veteres
1818 1600 2039 1657 fabulas
2066 1602 2135 1658 in
2163 1618 2232 1657 eo
2278 1618 2571 1678 expressas
2600 1616 2740 1655 nar·-

493 1706 619 1743 rare
645 1686 861 1745 liceret.
945 1688 1103 1743 Inter
1139 1686 1299 1744 varia
1339 1686 1575 1743 inventa
1623 1686 1853 1742 nullum
1880 1696 2078 1745 tamen
2117 1682 2279 1745 aliud
2308 1704 2493 1763 genus
2524 1703 2739 1763 oppor-

493 1773 687 1829 tunius
717 1787 838 1831 esse
865 1771 1092 1831 videtur
1120 1772 1306 1851 clipeo
1324 1814 1340 1841 ‚
1397 1772 1446 1827 si
1487 1774 1744 1850 priscum
1787 1772 2000 1849 clipeos
2027 1772 2248 1849 sculpto
2290 1790 2465 1849 opere
2493 1768 2740 1829 ornandi

489 1874 719 1915 morem
747 1868 995 1937 reputes.
1062 1858 1248 1915 Multo
1276 1858 1469 1913 minus
1499 1854 1809 1915 commode
1837 1878 1896 1917 v.
1927 1878 1979 1915 c.
2007 1856 2351 1936 Apollonius
2377 1859 2426 1929 1,
2458 1860 2579 1920 721
2608 1874 2739 1937 sqq.

490 1940 709 2001 fabulas
757 1944 974 2001 Iasonis
1039 1944 1228 2021 pallae
1267 1944 1515 2000 intextas
1571 1954 1825 2017 enarrat,
1880 1944 2151 2021 Europae
2197 1940 2425 2001 calatho
2466 1938 2738 1999 Moschus

489 2026 659 2107 Idyll.
686 2028 759 2101 11,
790 2032 871 2092 37
899 2046 1050 2109 sqq„
1075 2030 1138 2085 in
1166 2038 1324 2087 veste
1351 2031 1603 2109 stragula
1634 2018 1839 2087 catull.
1866 2030 2073 2103 LXIV,
2122 2029 2205 2092 50
2235 2048 2383 2109 sqq„
2427 2029 2490 2084 in
2520 2038 2739 2085 cratere

491 2132 782 2193 expressas
824 2113 1044 2171 fabulas
1085 2115 1226 2171 Met.
1257 2116 1415 2189 XIII,
1460 2119 1584 2178 681
1618 2126 1676 2173 et
1714 2117 1777 2171 iu
1818 2114 2036 2173 foribus
2064 2116 2257 2191 regiae
2286 2114 2443 2173 solis
2482 2114 2563 2174 ib.
2592 2115 2666 2185 11,
2694 2110 2739 2176 5

488 2218 615 2279 sqq.
648 2197 902 2257 ovidius.
985 2198 1056 2255 In
1099 2200 1252 2279 palla
1281 2200 1635 2259 Harmoniae
1678 2201 1882 2259 orbem
1926 2211 2210 2259 terrarum
2240 2219 2348 2258 acu
2376 2201 2601 2279 pictum
2630 2218 2738 2255 ex-

486 2280 650 2341 hibet
693 2286 935 2343 Nomius
963 2286 1202 2364 Dionys·
1234 2288 1389 2360 XLI,
1439 2307 1501 2365 p.
1536 2287 1718 2359 1070,
1752 2297 1810 2343 et
1835 2287 1917 2343 sic
1946 2286 2042 2343 alii
2070 2286 2200 2343 alia.
2270 2285 2345 2343 cf.
2373 2286 2617 2343 Excurs.
2658 2282 2739 2340 IV

488 2368 563 2427 ad
590 2370 692 2427 lib.
718 2370 790 2441 V,
820 2372 920 2428 ubi
949 2368 1086 2428 add.
1125 2382 1348 2429 vestem
1383 2372 1689 2451 Sybaritae
1729 2374 1793 2428 in
1833 2373 2069 2429 Aristot.
2099 2372 2305 2429 Mirab.
2336 2368 2538 2429 Audit.
2567 2390 2619 2427 c.
2649 2370 2735 2434 99

488 2464 546 2511 et
571 2456 654 2513 ibi
695 2465 820 2514 not.
903 2458 1038 2515 Non
1083 2474 1150 2514 ea
1191 2458 1252 2513 in
1293 2454 1381 2515 his
1429 2458 1670 2515 materia
1687 2502 1703 2532 ,
1747 2476 1869 2515 non
1914 2460 1961 2516 is
2006 2460 2113 2515 arti
2154 2454 2513 2517 exercendae
2552 2456 2735 2530 locus,

486 2549 552 2598 ut
593 2560 872 2621 magnam
925 2560 1124 2601 rerum
1174 2545 1512 2602 varietatem
1567 2563 1898 2623 expressam
1936 2546 2073 2603 satis
2116 2556 2271 2602 recte
2314 2549 2735 2602 commemoret

486 2627 711 2708 aliquis.

651 2760 922 2824 Acumen
953 2777 1150 2825 autem
1177 2767 1402 2844 Virgilii
1443 2766 1506 2823 in
1540 2783 1745 2824 rerum
1788 2763 2003 2825 dilectu
2049 2779 2107 2824 et
2135 2787 2435 2825 summum
2464 2771 2733 2826 ornatum

484 2869 833 2929 cognoscere
879 2854 980 2932 qui
1019 2855 1206 2926 volet,
1265 2871 1387 2909 non
1431 2851 1613 2910 modo
1656 2855 2037 2910 Homericum
2080 2854 2249 2911 illum
2287 2864 2351 2910 et
2378 2853 2734 2912 Hesiodeum

483 2937 738 3016 clipeum
783 2949 1079 3016 comparet
1117 2957 1352 2996 necesse
1395 2949 1479 2996 est
1493 2982 1511 3011 ,
1562 2957 1770 2996 verum
1798 2957 1898 2996 eos
1928 2959 2162 3020 quoque
2178 2984 2196 3011 ,
2240 2941 2339 3018 qui
2366 2937 2441 2998 ad
2474 2941 2595 2996 eius
2624 2957 2734 2995 ex-

484 3024 748 3102 emplum
801 3021 962 3080 idem
1021 3031 1432 3100 argumentum
1489 3033 1797 3081 retractare
1852 3025 2194 3082 voluerunt:
2258 3025 2471 3083 Silium
2512 3024 2615 3084 lib.
2656 3025 2729 3096 11,

481 3108 608 3171 895
637 3127 724 3188 sq.
763 3107 1044 3177 Quintum
1073 3109 1196 3165 Cal.
1223 3108 1278 3166 V
1304 3127 1392 3187 pr.
1423 3111 1703 3166 Nomium
1730 3110 1831 3167 lib.
1862 3111 2049 3184 XXV,
2078 3132 2139 3190 p.
2171 3108 2319 3173 664.

649 3260 961 3338 Praerepta
1005 3271 1170 3320 erant
1210 3261 1449 3341 Virgilio
1465 3307 1481 3337 ,
1538 3271 1607 3320 ut
1652 3263 1715 3320 in
1756 3273 1845 3321 tot
1874 3266 1997 3325 aliis
2019 3309 2035 3338 ,
2087 3284 2185 3340 ea,
2230 3283 2381 3348 quae
2409 3265 2473 3321 in
2502 3274 2729 3345 quaque

481 3363 547 3404 re
561 3386 578 3419 ‚
621 3346 686 3402 in
727 3363 962 3424 quoque
1000 3343 1406 3424 phantasmate
1423 3393 1438 3421 ‚
1481 3351 1704 3426 primus
1747 3351 1971 3428 ingenii
2012 3353 2262 3430 impetus
2280 3395 2296 3424 ,
2341 3352 2463 3429 ipsa
2492 3362 2729 3408 naturae

481 3431 567 3488 vis
583 3473 600 3502 ,
643 3429 834 3508 primo
875 3431 1005 3488 loco
1038 3431 1246 3490 offerre
1289 3435 1435 3493 solet
1479 3435 1697 3492 animo.
1784 3437 1943 3493 Haec
1985 3455 2271 3516 occupare
2311 3437 2563 3494 liberum
2608 3445 2731 3492 erat

480 3516 737 3572 Homero
753 3559 769 3589 ,
811 3525 1114 3596 tamquam
1141 3519 1204 3575 in
1246 3539 1493 3578 vacuam
1522 3521 1941 3599 possessionem
1966 3523 2253 3580 venienti:
2300 3519 2565 3603 adeoque
2592 3539 2729 3579 eum

481 3617 685 3658 omnes
725 3609 856 3679 post
899 3621 961 3658 se
999 3604 1250 3662 victuros
1288 3613 1488 3684 poetas
1532 3625 1800 3686 superare
1840 3609 1904 3666 in
1948 3610 2145 3668 multis
2174 3627 2409 3666 necesse
2452 3617 2571 3665 erat
2588 3652 2604 3681 ,
2648 3608 2729 3664 sic

479 3694 546 3740 ut
570 3685 693 3763 ipse
720 3700 1025 3766 nunquam
1052 3689 1125 3746 ab
1151 3691 1286 3768 ipsis
1313 3691 1470 3750 vinci
1495 3703 1707 3770 posset.
1780 3693 1933 3750 Cum
1960 3705 2164 3752 tamen
2188 3703 2505 3773 exponeret
2532 3692 2729 3750 omnia

461 3787 618 3828 -cum
643 3772 1004 3850 simplicitate
1033 3791 1262 3834 summa
1276 3821 1292 3850 ‚
1333 3779 1569 3858 reliquit
1595 3775 1711 3836 hoc
1738 3781 1863 3857 ipso
1892 3781 2139 3858 ingeniis
2186 3781 2308 3840 aliis
2350 3775 2587 3836 laudem
2612 3777 2729 3836 sal·-

479 3864 600 3911 tem
629 3875 712 3914 ex·
733 3876 967 3933 eorum,
1011 3879 1160 3940 quae
1187 3873 1585 3941 pertractasset
1600 3907 1618 3938 ,
1658 3867 2039 3924 exornatione
2068 3877 2131 3924 et
2154 3865 2529 3945 expolitione.

647 4009 1011 4070 Homericus
1055 4011 1284 4092 dapem
1321 4013 1483 4078 haud
1529 4014 1704 4077 dubie
1743 4019 1874 4097 plus
1900 4017 2151 4082 habebat
2194 4020 2479 4094 veritatis,
2536 4018 2729 4076 maio-

479 4111 722 4176 remque
763 4096 1010 4156 faciebat
1049 4102 1238 4181 operiz
1255 4146 1271 4175 ,
1300 4112 1424 4160 tam
1453 4101 1671 4161 affabre
1698 4103 1834 4164 facti
1850 4149 1866 4178 ,
1914 4115 1981 4162 ut
2024 4103 2119 4162 dei
2162 4123 2372 4164 manus
2400 4101 2726 4178 haberetur,

476 4174 846 4240 mirationem
863 4227 878 4256 ,
925 4184 1085 4265 quod
1129 4184 1205 4245 ad
1267 4188 1421 4246 vitae
1460 4189 1683 4267 priscae
1726 4209 1955 4248 morem
1968 4234 1985 4263 ‚
2048 4207 2285 4248 sensum
2304 4235 2322 4260 ‚
2371 4191 2727 4269 opinionem,

425 4342 433 4351 ι
479 4283 662 4346 quam
709 4277 902 4334 totum
941 4271 1062 4328 eius
1105 4291 1249 4351 opus
1290 4275 1466 4350 spirat
1479 4317 1496 4346 ,
1556 4271 1703 4332 haec
1749 4287 1910 4334 erant
1956 4286 2206 4334 narrata.
2292 4274 2725 4350 Phantasmata,

443 4401 450 4409 .
481 4369 632 4431 quae
678 4354 984 4412 oculorum
1039 4358 1336 4436 animique
1377 4361 1570 4419 sensui
1630 4359 1857 4434 obiicit,
1902 4354 2221 4440 ἐνάργειαν
2268 4358 2487 4420 habent
2532 4363 2729 4418 maxi·-

477 4455 676 4516 mam3
715 4449 851 4498 sunt
877 4437 1120 4519 grandia
1137 4485 1154 4514 ‚
1195 4441 1425 4520 pulcra,
1468 4447 1687 4506 suavia.
1744 4449 1946 4528 Itaque
1972 4445 2249 4505 Miltonus
2274 4447 2341 4502 in
2370 4443 2568 4508 divino
2596 4447 2728 4506 loco
