3009 5050
575 423 720 497 140
1113 413 2021 492 EXCURSUS
2126 413 2265 489 111

568 611 686 683 bat,
717 620 782 667 ut
807 609 890 668 ibi
918 607 1318 666 lucus‘Pate-is
1340 607 1433 666 vel
1463 605 1630 666 Iovis
1646 603 1941 686 Indigetis
1970 605 2145 666 fizisse
2172 601 2477 679 videatur3
2506 623 2631 664 esse
2660 604 2819 664 enim

567 713 787 752 nomen
814 713 848 753 a
877 696 1067 754 Patre
1095 692 1360 772 Indigete
1392 689 1668 752 ductum:
1720 713 1831 752 nec
1860 693 2036 770 longe
2064 691 2262 750 abesse
2288 691 2515 749 fontem
2540 691 2815 764 Numicii,

569 778 646 838 ad
675 799 854 860 quem
894 781 1206 838 Lavinium
1243 781 1420 837 situm
1459 779 1633 836 fuisse
1669 797 1791 837 uno
1831 797 1933 835 ore
1978 795 2180 836 omnes
2224 773 2479 834 tradunt.
2562 777 2637 834 In
2664 773 2817 834 hanc

567 865 773 922 urbem
801 863 978 924 delati
1011 875 1146 924 sunt
1182 866 1428 924 Penates
1466 865 1744 922 Troiani:
1803 861 1877 922 de
1922 864 2130 944 quibus
2158 881 2286 942 sup.
2314 863 2461 920 Exc.
2490 862 2579 918 lx
2609 859 2685 918 ad
2714 863 2813 920 lib.

564 951 624 1010 11
653 951 780 1030 egit
819 951 1000 1010 Varro
1030 949 1104 1008 de
1130 953 1199 1010 L.
1219 952 1288 1009 L.
1315 951 1414 1025 IV,
1441 971 1500 1030 p.
1535 951 1618 1016 35
1658 948 1992 1028 Oppidum,
2037 947 2201 1026 quod
2212 949 2484 1024 pn'rrucm
2507 946 2817 1004 eonditum

565 1037 636 1094 in
671 1036 854 1094 Latio
893 1037 1098 1116 stirpis
1137 1037 1454 1094 Romanae
1481 1035 1819 1092 Lavinium
1830 1057 1856 1109 ,-
1898 1053 2043 1091 nam
2067 1031 2157 1090 ibi
2182 1032 2273 1090 dis·
2300 1041 2555 1110 pmates
2596 1035 2806 1089 nostri.

565 1121 709 1179 Hoc
736 1141 779 1178 a
811 1121 1028 1178 Latini
1047 1121 1200 1196 filia
1212 1163 1239 1192 ,
1292 1140 1447 1200 quae
1477 1122 1797 1178 coniuncta
1818 1117 2094 1188 Aeneae,
2136 1119 2407 1176 Lavimb
2440 1115 2755 1195 appellata
2786 1141 2805 1174 .-

565 1209 628 1266 iu
671 1205 978 1266 editissima
1021 1207 1180 1266 collis
1221 1218 1416 1286 parte,
1461 1217 1521 1264 et
1562 1203 1802 1286 quidem
1839 1205 2080 1264 Veneris
2123 1206 2310 1262 Frutis
2352 1203 2605 1282 templo,
2648 1205 2814 1262 cuius

565 1295 739 1350 etiam
755 1293 966 1354 Strabo
978 1293 1049 1366 V,
1066 1312 1128 1372 p.
1145 1293 1336 1358 355A
1369 1291 1455 1372 (p.
1474 1293 1629 1367 232)
1656 1292 1942 1364 meminit,
1972 1287 2209 1362 conditi,
2240 1291 2289 1348 si
2307 1289 2579 1348 Soliuum
2609 1285 2814 1348 audias

564 1399 618 1436 c.
647 1382 706 1451 8,
765 1379 868 1438 ubi
901 1378 1230 1448 v.,Salmas.
1263 1398 1323 1456 p.
1354 1376 1456 1450 49,
1505 1386 1680 1456 atque
1704 1379 1769 1434 in
1800 1397 1869 1434 eo
1896 1378 2027 1436 loco
2055 1376 2257 1450 relicti,
2290 1377 2395 1432 etsi
2421 1373 2571 1434 Alba
2598 1375 2811 1453 Longa

450 1466 467 1487 '
564 1462 797 1522 condita
839 1475 898 1524 et
937 1463 1074 1522 sede
1121 1464 1290 1541 regni
1325 1463 1494 1520 facta.
1578 1463 1776 1520 Etiam
1816 1482 1885 1520 ea
1932 1463 1995 1519 in
2024 1481 2087 1519 re
2112 1471 2449 1540 portentum
2476 1463 2813 1534 intercessit,

564 1548 726 1630 quod
752 1551 993 1628 Dionys.
1019 1550 1071 1623 1,
1103 1551 1185 1613 67
1216 1549 1458 1627 exponit
1471 1591 1489 1620 ,
1554 1559 1613 1605 et
1656 1545 1731 1606 de
1760 1567 1878 1629 quo
1906 1549 2305 1606 auctoritatem
2330 1547 2574 1604 Annalis
2600 1547 2813 1604 Ponti—

563 1635 744 1692 ficum
760 1679 776 1707 ,
837 1635 1051 1708 Cincii,
1111 1633 1394 1708 Caesaris,
1465 1633 1797 1692 Tuberonis
1838 1635 2051 1692 excitat
2100 1633 2297 1690 Victor
2342 1633 2411 1690 Ο.
2460 1633 2532 1690 G.
2582 1634 2653 1689 R.
2712 1637 2791 1696 17
2792 1675 2810 1690 .

565 1719 921 1777 Golonorum
961 1716 1202 1800 quidem
1229 1737 1504 1776 numerus
1544 1739 1669 1776 non
1713 1717 1857 1778 adeo
1884 1737 2131 1796 magnus
2161 1737 2283 1778 esse
2310 1719 2497 1797 potuit
2524 1715 2597 1775 ab
2626 1719 2811 1790 initio,

564 1802 851 1885 siqnidem
877 1807 944 1864 iis
969 1807 1032 1864 Io
1049 1849 1066 1880 ,
1109 1806 1205 1862 vel
1222 1849 1237 1877 ,
1283 1815 1348 1864 ut
1375 1805 1470 1861 alii
1497 1802 1884 1878 tradiderant,
1942 1805 2105 1864 laco
2132 1807 2333 1882 iugera
2368 1805 2499 1862 satis
2540 1804 2705 1860 fuere
2732 1803 2813 1862 ad

564 1888 880 1948 arandum:
935 1889 1055 1948 vid.
1095 1889 1246 1948 infra
1292 1887 1367 1949 ad
1414 1891 1515 1948 lib.
1545 1891 1651 1966 XI,
1696 1893 1819 1954 316
1859 1909 1945 1970 sq.
2030 1891 2215 1948 Duxit
2253 1887 2423 1948 enim‘
2452 1909 2528 1946 ex
2570 1907 2639 1946 ea
2666 1909 2813 1948 nar-

560 1977 782 2034 ratione
796 1978 959 2034 Maro
989 1993 1196 2054 agrum
1223 1995 1396 2034 suum
1425 1995 1459 2032 a
1485 1977 1695 2034 Latino
1724 1995 1881 2056 rege,
1908 1987 1977 2036 ut
1991 1976 2261 2036 Troianis
2292 1977 2674 2054 assignaretur
2702 1995 2811 2033 co-

561 2057 768 2119 lendus
781 2106 796 2135 ‚
823 2063 1198 2142 propositum,
1241 2073 1310 2120 ut
1333 2063 1416 2119 ibi
1441 2059 1783 2120 videbimus.
1868 2061 2099 2119 Nomen
2126 2061 2257 2120 urbi
2282 2081 2318 2118 a
2346 2059 2615 2116 Lavinia
2650 2059 2813 2118 indi-

561 2157 690 2204 tum
718 2157 984 2206 constans
1019 2147 1130 2205 fuit
1169 2147 1326 2206 fama
1375 2168 1410 2205 a
1435 2149 1747 2208 maioribus
1788 2157 2022 2227 accepta
2038 2193 2053 2221 ,
2102 2147 2232 2219 etsi,
2272 2165 2425 2226 quae
2466 2145 2563 2202 illa
2590 2145 2809 2219 fuisset,

561 2235 718 2290 varie
765 2243 888 2290 erat
925 2231 1235 2292 traditum:
1306 2254 1364 2291 v.
1408 2233 1651 2312 Dionys.
1694 2235 1752 2306 1,
1798 2233 1901 2298 59.
2009 2234 2300 2292 Lavinmn
2340 2250 2574 2312 quoque
2617 2232 2813 2290 Latini

557 2317 796 2374 fratrem
839 2316 1108 2377 videntur
1148 2316 1464 2397 prodidisse
1503 2319 1647 2378 olim
1691 2316 1931 2400 quidam
1948 2362 1963 2390 ,
2018 2329 2085 2378 ut
2135 2337 2166 2375 e
2210 2318 2414 2376 Servio
2456 2317 2693 2394 colligas
2734 2317 2811 2375 ad

558 2403 662 2460 lib.
687 2405 812 2478 VII,
843 2405 946 2468 59.
1031 2403 1152 2462 Sed
1182 2403 1255 2462 de
1283 2396 1389 2476 his,
1431 2405 1701 2486 aliisque,
1758 2423 1911 2486 quae
1956 2401 2031 2460 ad
2060 2403 2365 2462 consilium
2392 2413 2657 2461 nostrum
2684 2423 2809 2462 non

557 2488 796 2563 faciunt,
854 2487 1090 2549 videndi
1122 2491 1417 2548 Cluverius
1457 2500 1516 2547 et
1542 2491 1783 2569 Vulpius
1812 2491 1940 2547 Lat.
1972 2499 2091 2548 ant.
2122 2490 2201 2549 T.
2228 2489 2328 2547 ·v1.
2360 2484 2494 2547 add.
2525 2489 2811 2549 Lucatelli

558 2576 706 2633 Diss.
761 2576 822 2633 in
876 2574 1047 2634 Βία.
1096 2574 1254 2633 dell'
1296 2574 1675 2633 Accademia
1730 2574 1799 2632 dc·
1848 2575 2106 2634 Cortona
2160 2576 2341 2634 Tom.
2382 2576 2507 2649 vll,
2552 2595 2615 2653 p.
2662 2578 2809 2641 109.

558 2663 688 2719 Hoc
729 2680 918 2719 unum
953 2663 1320 2721 monebimffi
1337 2706 1354 2734 ‚
1421 2660 1855 2719 Laurolczvinii
1898 2680 2117 2719 nomen
2168 2659 2244 2718 ad
2286 2662 2497 2719 seriora
2539 2671 2813 2741 tempora

553 2758 688 2826 post
713 2748 1126 2827 Vespasianum
1153 2758 1438 2828 spectu-03
1496 2748 1723 2805 colonia
1748 2747 1897 2805 forte
1940 2768 2015 2804 ex
2042 2748 2421 2805 Laurentibus
2451 2756 2511 2808 et
2547 2748 2813 2804 Lavina—

555 2834 706 2891 tibus
733 2836 796 2891 in
823 2854 1008 2895 unam
1033 2836 1241 2893 urbem
1283 2834 1622 2913 conscripta.
1707 2834 1921 2893 Peccat
1945 2835 2009 2889 in
2036 2830 2149 2891 hoc
2178 2832 2412 2891 Servius
2456 2830 2529 2889 ad
2559 2832 2685 2907 vn,
2724 2832 2813 2897 59

555 2929 614 2977 et
639 2920 774 2977 alibi
800 2940 936 2981 cum
964 2923 1106 2980 aliis.

723 3008 900 3064 Nobis
931 3007 1260 3063 Memicius
1288 3002 1478 3063 adhuc
1505 3004 1684 3061 verbo
1715 3001 2263 3062 commemorandus
2290 3014 2375 3061 est
2388 3048 2405 3077 ‚
2446 3004 2599 3063 inter
2643 3004 2815 3061 Lau—

553 3101 788 3147 rentum
841 3110 906 3147 ac
963 3092 1275 3147 Lavinium
1331 3087 1589 3147 defluens
1642 3089 1827 3145 amnis
1844 3132 1861 3163 ‚
1925 3090 2089 3147 alteri
2130 3086 2265 3147 huic
2304 3100 2503 3148 tamen
2546 3092 2811 3169 propior.

551 3177 711 3233 Eum
738 3175 844 3232 sub
871 3186 1076 3232 monte
1105 3174 1168 3233 S.
1199 3172 1565 3233 Petron'ellae
1594 3192 1671 3231 ex
1698 3184 1863 3231 antro
1904 3175 1969 3231 in
2010 3176 2293 3233 subiectos
2337 3193 2505 3253 agros
2544 3194 2813 3253 pronum

553 3255 858 3317 decurrere
883 3270 1079 3319 narrat
1107 3260 1336 3318 Cluver.
1365 3261 1493 3319 Ital.
1540 3269 1661 3318 ant.
1702 3278 1762 3339 p.
1812 3262 1957 3323 894.
2044 3262 2124 3318 At
2164 3280 2242 3317 ex
2282 3261 2414 3317 lacu
2453 3262 2813 3319 Nemorensi

549 3342 782 3423 prodire
815 3355 871 3401 et
897 3364 1056 3403 nunc
1085 3348 1192 3405 sub
1219 3349 1462 3403 nomine
1489 3345 1654 3403 Rivo
1691 3344 1771 3402 de'
1796 3345 1983 3403 Nemi
2018 3347 2197 3404 latere
2234 3347 2499 3424 Ligurius
2542 3344 2809 3403 tradidit.

552 3428 678 3487 Sub
709 3428 922 3509 oppido
951 3432 1180 3490 Patrica
1207 3432 1302 3489 alii
1345 3452 1483 3489 eum
1525 3433 1975 3510 investigarunt:
2036 3430 2197 3515 quod
2234 3442 2435 3489 tamen
2474 3428 2551 3489 ad
2592 3430 2815 3489 eadem

549 3515 679 3573 loca
723 3526 975 3595 spectat:
1018 3518 1082 3573 in
1139 3516 1346 3576 Castro
1365 3560 1386 3587 ‚
1428 3519 1743 3575 Messirano
1784 3519 1847 3573 in
1886 3516 2048 3575 Valle
2073 3517 2140 3574 di
2174 3516 2401 3575 Plinio.
2494 3517 2613 3573 Alii
2638 3536 2813 3577 nunc

551 3603 839 3659 exaruisse
869 3620 1007 3659 eum
1036 3600 1358 3679 affinnant3
1417 3613 1475 3661 et
1518 3604 1905 3681 interceptum
1954 3622 2191 3661 amnem
2216 3605 2337 3660 iam
2364 3604 2599 3661 Servius
2627 3615 2815 3661 nota-

548 3686 634 3743 vit
661 3684 738 3744 ed
763 3687 863 3745 lib.
891 3689 1016 3761 vn,
1054 3686 1194 3752 150.
1277 3690 1348 3745 In
1375 3684 1490 3747 hoc
1518 3686 1697 3747 fluvio
1726 3688 1985 3764 Aeneas,
2031 3708 2232 3768 pugna
2260 3686 2336 3747 ad
2364 3708 2503 3745 eum
2529 3708 2633 3746 seu
2660 3706 2815 3747 cum

547 3772 800 3831 Etruscis
825 3792 931 3831 seu
958 3793 1098 3833 cum
1125 3774 1350 3831 Rutulis
1375 3773 1528 3833 facta
1544 3818 1561 3848 ‚
1604 3774 1883 3831 interiisse
1899 3818 1915 3849 ‚
1958 3784 2112 3832 certe
2158 3775 2339 3833 oculis
2375 3774 2633 3833 sublatus
2676 3795 2815 3833 esse

550 3856 800 3917 creditus
829 3869 944 3917 est:
993 3860 1217 3919 factum
1247 3862 1300 3917 ei
1328 3857 1404 3916 ad
1429 3861 1583 3938 ripas
1610 3860 1918 3933 sacellum,
1962 3880 2101 3918 cum
2138 3861 2302 3933 luco,
2348 3860 2511 3918 lovis
2536 3861 2634 3917 vel
2662 3860 2815 3919 Pa-

549 3944 658 3999 tris
683 3944 968 4023 indzgetis
995 3947 1266 4019 nomine3
1297 3954 1397 4003 aut
1413 3989 1429 4020 ,
1475 3942 1633 4026 quod
1660 3944 1897 4003 credere
1924 3966 2031 4025 par
2059 3957 2168 4019 est,
2217 3946 2551 4027 antiquioris
2594 3950 2815 4003 numi-

551 4030 641 4087 nis
669 4030 734 4085 in
761 4026 874 4089 hoc
903 4032 1034 4089 loco
1062 4050 1096 4090 a
1123 4033 1318 4110 priscis
1346 4031 1565 4092 Latinis
1604 4032 1746 4089 culti
1786 4048 1945 4089 sacra
1990 4027 2066 4089 ad
2103 4033 2368 4089 Aeneam
2412 4030 2663 4089 retulere
2706 4052 2815 4090 se-

549 4115 761 4173 riores:
807 4116 894 4173 uti
923 4126 1012 4175 tot
1038 4118 1149 4175 alia
1176 4119 1382 4177 veteris
1408 4118 1563 4176 Latii
1584 4118 1829 4175 numina
1856 4136 1932 4175 ex
1958 4118 2073 4175 suis
2102 4118 2467 4197 opinionibus
2508 4118 2815 4197 interpre—

547 4202 654 4260 tati
681 4211 816 4260 sunt
841 4204 1110 4261 Romani.
1197 4201 1341 4262 Inde
1380 4204 1639 4263 Numicii
1676 4202 1905 4261 nomini
1944 4204 2145 4283 religio
2188 4204 2382 4283 aliqua
2426 4204 2615 4260 inesse
2654 4223 2817 4261 coe-

542 4289 646 4367 pit.
733 4288 929 4347 Utitur
971 4307 1042 4347 eo
1087 4299 1260 4368 poeta
1301 4290 1603 4372 aliquoties
1643 4290 1885 4347 omnino
1930 4286 2005 4347 ad
2050 4286 2473 4367 designandum
2518 4289 2775 4347 Latium
2792 4308 2813 4347 t

543 4393 603 4432 v.
633 4392 685 4431 c.
715 4374 842 4449 vn,
871 4371 1016 4439 242.
1101 4376 1351 4433 Fontem
1377 4374 1541 4433 fluvii
1568 4374 1763 4433 lacum
1788 4372 1886 4433 vel
1912 4384 2185 4452 stagnum
2222 4372 2395 4433 fuisse
2436 4372 2678 4433 tradunt
2730 4394 2815 4433 ex

539 4460 694 4518 Aen.
723 4462 850 4537 vn,
885 4460 1006 4526 150
1032 4460 1183 4519 haee
1207 4460 1414 4541 sontis
1455 4469 1681 4537 stagna
1724 4456 2016 4517 Numinis
2066 4457 2188 4519 Sed
2228 4461 2281 4519 si
2315 4461 2547 4539 gravior
2584 4472 2819 4521 ‘aucto-
