3009 5050
381 353 476 422 12

855 346 939 420 P.
999 345 1529 424 VIRGIL'II
1568 346 2137 426 'MARONIS

379 529 565 608 Sola
597 528 938 605 domum
972 543 1053 605 et
1079 543 1332 606 tantas
1369 532 1730 610 servabat
1766 529 1925 608 filia
1958 535 2213 627 sedes,

371 639 542 711 Iam
576 647 885 709 matura
927 638 1132 728 viro,
1185 636 1343 712 iam
1371 635 1629 735 plenis
1666 637 1959 714 nubilis
1998 641 2241 718 annis,

373 737 607 816 Multi
641 736 862 812 illam
897 761 1188 835 magno
1223 763 1266 813 e
1297 741 1521 816 Latio
1550 753 1877 841 totaque
1911 743 2295 842 petebant

375 841 758 931 Ausonia3
811 842 1010 941 petit
1039 854 1224 916 ante
1259 841 1452 920 alios
1476 845 2001 943 pulcerrimus
2030 849 2291 924 omnis

2526 853 2625 922 55

377 949 718 1038 Turnus,
775 945 932 1018 avis
965 946 1360 1046 atavisque
1387 960 1711 1046 potens:
1758 971 2011 1048 quem
2032 952 2247 1047 regia
2286 947 2627 1027 coniunx

374 1047 718 1146 Adiungi
749 1070 1138 1146 generum
1180 1050 1388 1124 miro
1429 1045 1909 1152 properabat
1939 1079 2251 1148 amore3

377 1151 540 1230 Sed
575 1150 799 1226 variis
824 1165 1194 1254 portenta
1229 1151 1475 1228 deum
1502 1155 1941 1232 terroribus
1984 1157 2317 1235 obstant.

373 1259 676 1333 Laurus
727 1268 894 1330 erat
919 1257 1106 1332 tecti
1144 1255 1461 1353 medio,
1528 1259 1608 1332 in
1647 1259 2185 1358 penetralibus
2228 1257 2423 1356 altis,

379 1362 610 1435 Sacra
679 1382 1035 1456 comam,
1103 1358 1566 1463 multosque
1632 1375 1858 1439 metu
1912 1376 2210 1441 servata
2276 1387 2424 1464 per
2488 1384 2631 1436 an·-

379 1569 640 1662 Quam
719 1577 945 1667 pater
1015 1567 1416 1644 inventam
1437 1627 1458 1666 ,

1540 1489 1689 1542 nos
1710 1499 1729 1543 ε
2524 1473 2630 1541 60

1539 1570 1835 1670 primas
1924 1595 2173 1673 quum
2243 1568 2632 1647 conderet

1534 1697 1775 1772 arce5‚

374 1775 560 1872 Ipse
601 1769 1011 1850 serebatur
1053 1775 1392 1852 Phoebo
1437 1799 1777 1854 sacrasse
1821 1777 2168 1872 Latium,

377 1877 954 1980 Laurentisque
987 1879 1084 1955 ab
1131 1905 1220 1956 ea
1250 1905 1553 1958 nomen
1585 1883 1941 1982 posuisse
1981 1880 2312 1958 colonis

517 2049 587 2105 52
621 2063 809 2105 tantos
843 2071 886 2106 s.
922 2065 1062 2106 nata
1087 2066 1324 2126 penates
1355 2053 1538 2106 laudat
1565 2054 1743 2107 Schol.
1768 2057 1945 2108 sunl
1977 2055 2149 2108 Theb.
2176 2053 2295 2109 572.

827 2121 897 2175 54
929 2125 1039 2175 iam
1085 2141 1184 2192 pro
1219 2123 1373 2176 illam
1405 2132 1532 2176 tert.
1567 2125 1817 2176 Rottend.
1864 2143 1895 2177 α
1943 2145 2013 2176 m.
2046 2142 2128 2192 pr.
2200 2143 2230 2174 e
2276 2119 2413 2177 binis
2458 2121 2629 2170 Burm-

1302 2211 1450 2244 unus
1497 2210 1603 2247 sec.
1650 2195 1845 2246 Moret-

1259 2264 1317 2313 in
1349 2263 1502 2314 abest
1528 2264 1637 2314 Erf.
1705 2266 1764 2316 e'n
1790 2264 1994 2328 medio,
2042 2266 2100 2316 fn
2123 2283 2181 2335 p.
2212 2270 2435 2330 quatuor
2458 2261 2631 2310 Bur-m.

375 2340 430 2380 et
467 2329 632 2382 Goth.
673 2339 798 2381 tert.
867 2333 926 2382 in
968 2333 1143 2383 medio
1165 2349 1226 2402 p.
1260 2331 1488 2384 nudat-t..

375 2117 484 2174 fam
526 2119 688 2174 Witt.

375 2189 544 2242 deest.
666 2188 734 2244 55
785 2203 916 2244 ante
965 2211 1148 2246 omnes
1236 2231 1250 2245 .

369 2274 428 2330 p.
463 2261 671 2312 honore
703 2261 865 2312 Goth.
897 2271 1017 2314 tert.
1157 2213 1232 2315 55

376 2409 504 2462 quot
533 2398 714 2452 Heius.
760 2417 874 2450 cum
915 2401 1128 2464 Noni0,
1175 2401 1272 2452 sed
1317 2411 1547 2469 praestat
1587 2393 1777 2472 graeca
1816 2404 1971 2454 ratio.

2402 2051 2472 2106 53
2500 2070 2549 2102 v.
2576 2062 2633 2100 et

1984 2188 2051 2249 57
2100 2209 2299 2263 magno
2340 2211 2400 2264 p.
2456 2190 2631 2257 nigot.

2140 2333 2211 2385 60
2245 2334 2301 2382 8.
2338 2346 2491 2382 coma
2527 2327 2635 2380 sli-

2110 2402 2181 2456 63
2212 2403 2635 2467 Laurente-sque

1547 2333 1663 2384 aleo
1692 2349 1772 2400 pr.
1808 2333 2001 2386 Hor-et.

375 2467 511 2519 Gud.
555 2485 586 2522 a
621 2487 688 2520 m.
729 2485 832 2520 sec.
877 2487 992 2520 cum
1019 2469 1134 2520 aliis
1159 2508 1174 2537 ,
1212 2469 1307 2521 sed
1332 2481 1572 2535 recentt„
1623 2481 1678 2522 et
1709 2473 1783 2524 sic
1814 2471 2098 2524 Arusianus
2128 2470 2373 2521 Messius.
2444 2469 2633 2537 Neque

374 2556 500 2591 vero
529 2538 686 2597 alitor
714 2558 868 2610 quam
897 2550 1085 2609 quarto
1115 2557 1237 2591 casu
1265 2540 1620 2609 accipiendum
1652 2543 1969 2595 Laurentis.

389 2685 398 2693 ’
459 2683 761 2747 52—58.
793 2681 1037 2739 Lavinia
1065 2680 1344 2741 servabat
1366 2703 1460 2739 se-

373 2766 476 2825 des
517 2770 832 2849 exquisite,
875 2768 1143 2843 tenebat,
1197 2766 1460 2849 posside-

372 2854 506 2926 bat,
554 2866 612 2912 et
641 2852 755 2912 hoc
785 2854 1121 2933 simpliciter
1147 2876 1252 2935 pro
1271 2901 1288 2928 ,
1337 2866 1459 2912 erat

371 2940 434 2995 in
479 2936 654 2997 domo
697 2951 936 3018 paterna
995 2942 1170 2997 unica
1223 2940 1340 2997 filia
1401 2950 1460 2997 et

279 3060 302 3075 ο
372 3022 575 3099 heres3
605 3023 752 3082 nihil
780 3024 1046 3103 amplius.
1107 3036 1312 3102 petere
1338 3026 1458 3083 sol-

373 3111 549 3168 lenne
579 3127 684 3189 pro
715 3129 987 3189 procare3
1031 3132 1090 3169 v.
1133 3108 1345 3183 Cei-da,
1389 3122 1460 3170 ut

372 3196 582 3259 αἰτεῖν.
671 3198 832 3253 Bene
863 3206 1060 3255 autem
1089 3194 1164 3253 ad
1191 3195 1457 3276 prodIgia

373 3292 431 3339 et
460 3280 706 3339 deorum
734 3291 957 3340 ostenta
992 3300 1124 3339 rem
1166 3284 1458 3340 revocavit

371 3378 576 3447 poeta3
607 3370 866 3446 primmn
880 3411 898 3441 ‚
941 3378 1010 3425 ut
1039 3368 1212 3425 totius
1243 3370 1456 3426 carmi-

370 3455 461 3511 nis
499 3453 688 3514 colori
741 3464 800 3511 et
845 3451 1029 3510 indoli
1077 3472 1112 3510 a
1174 3454 1456 3531 religIOne

374 3538 582 3597 ductae
613 3541 790 3597 etiam
817 3536 962 3597 haec
1005 3558 1134 3617 pars
1175 3541 1457 3597 conveni-

375 3637 492 3699 ret3
533 3634 662 3683 tum
689 3636 758 3682 ut
783 3621 1058 3683 Turnum
1085 3628 1457 3704 praestantis-

371 3714 590 3771 simmn
618 3709 1046 3769 adolescentem
1075 3732 1212 3768 cum
1234 3714 1456 3769 ratione

372 3798 566 3879 aliqua
610 3798 847 3855 Aeneae
887 3792 1280 3877 posthabitum
1316 3818 1458 3863 nar-

373 3894 545 3941 reret.
633 3882 755 3943 Sed
823 3880 985 3941 haud
1053 3881 1228 3942 dubie
1293 3884 1458 3941 suere

373 3988 608 4050 quoque
636 3980 856 4029 veteres
885 3970 1114 4026 fabulae
1155 3988 1327 4050 super
1365 3967 1456 4028 his

371 4054 649 4134 prodigiis
669 4100 686 4131 ‚
733 4074 882 4136 quae
920 4055 980 4113 in
1010 4074 1170 4137 seqq.
1203 4058 1464 4135 exponit.

465 4141 546 4205 59
577 4161 664 4223 sq.
694 4140 1076 4199 Revocandae
1104 4144 1167 4199 in
1198 4145 1466 4199 animum

375 4226 606 4285 arbores
638 4236 697 4286 et
723 4228 844 4287 luci
868 4228 932 4284 in
960 4228 1253 4307 impluviis
1298 4239 1466 4285 vete-

373 4330 508 4371 rum
523 4357 541 4388 ‚
572 4311 646 4372 de
680 4315 888 4396 quibus
915 4316 1130 4393 passim
1157 4333 1466 4373 commen-

369 4400 474 4459 tati
525 4411 664 4460 sunt
707 4402 816 4460 viri
863 4398 1052 4476 docti;
1119 4400 1194 4459 cf.
1241 4398 1464 4459 Tibull-

1542 2684 1644 2759 111,
1676 2690 1735 2759 3,
1772 2685 1853 2749 15
1894 2694 1953 2743 et
1997 2694 2145 2740 tecto
2188 2682 2463 2739 interiore
2502 2701 2633 2760 sup.

1540 2770 1638 2843 IV,
1668 2770 1812 2835 494.
1908 2770 2104 2827 Sacra
2139 2788 2372 2823 comam
2388 2809 2409 2835 ,
2466 2766 2635 2824 fron-

1544 2854 1711 2913 dibus
1756 2858 2006 2913 intactis.
2092 2862 2282 2911 melus
2338 2872 2445 2933 pro
2492 2853 2635 2908 reli-

1541 2942 1717 3018 gione
1743 2986 1759 3015 ,
1826 2951 1890 2997 nt
1935 2940 2144 2997 horror
2188 2948 2245 2995 et
2285 2940 2523 2995 similia:
2568 2956 2631 2995 v.

1544 3026 1748 3083 Cerdo.
1798 3030 1873 3089 61
1894 3030 2096 3089 -68.
2128 3024 2463 3081 Laurentes
2494 3021 2633 3080 dicti

1539 3113 1883 3189 Abox-Igines
1917 3156 1933 3185 ‚
2011 3113 2112 3191 qui
2168 3108 2313 3167 haee
2370 3111 2499 3167 loca
2554 3106 2631 3165 ad

1542 3198 1881 3255 orientalem
1912 3198 2139 3255 Tiberis
2179 3198 2367 3276 ripam
2406 3195 2633 3251 incole-

1540 3284 1713 3358 bant,
1770 3302 1908 3361 rege
1950 3285 2181 3340 Latino.
2266 3278 2411 3338 Inde
2450 3280 2631 3337 ‚Lau-

1540 3379 1779 3427 rentum
1798 3412 1819 3439 ,
1870 3370 2065 3426 Latini
2120 3368 2310 3445 regia3
2382 3376 2441 3423 et
2482 3386 2635 3443 ager

1545 3475 1726 3536 usque
1756 3452 1830 3512 ad
1857 3474 2019 3511 mare
2051 3474 2117 3511 ac
2158 3454 2424 3510 Tiberim
2452 3451 2633 3507 Lau-

1542 3561 1681 3597 rens
1726 3542 1821 3599 vel
1860 3540 2277 3597 Laurentimcs
2299 3580 2316 3606 ,
2360 3538 2513 3595 silvis
2573 3546 2633 3593 et

1540 3624 1845 3707 paludibus
1874 3626 2166 3705 frequens.
2254 3624 2635 3681 Translatum

1540 3712 1835 3771 interdum
1880 3730 2100 3768 nomen
2144 3707 2219 3766 ed
2270 3718 2462 3766 totum
2514 3710 2635 3765 Ite·-

1540 3802 1692 3858 timn
1720 3818 1753 3856 a
1782 3807 1987 3879 poeta:
2030 3806 2099 3853 ut
2126 3792 2305 3852 modo
2346 3796 2408 3851 in
2454 3794 2635 3851 Lau-

1541 3895 1706 3941 rente
1780 3881 2049 3960 nympha
2120 3879 2395 3939 vidimus.
2498 3880 2634 3936 Alia

1541 3968 1660 4029 vid.
1701 3972 1944 4027 Excurs.
1990 3966 2149 4025 land.
2208 3969 2310 4023 III.
2392 3966 2635 4041 primas
2742 3974 2749 3983 ·

1550 4076 1759 4126 arces,
1802 4074 1938 4113 cum
1964 4056 2224 4133 primmn
2250 4052 2457 4109 urbem
2488 4072 2635 4108 con-

1552 4141 1733 4200 deret.
1788 4138 1934 4215 (vid.
1966 4140 2035 4211 Q.
2066 4140 2136 4198 V.
2166 4138 2437 4211 xxvm,
2480 4142 2537 4209 3,
2585 4137 2633 4193 f.

1552 4228 1883 4284 Laurentis
1908 4240 2125 4283 nomen
2155 4225 2429 4300 posuisse
2448 4264 2469 4291 ,
2510 4220 2631 4280 vid.

1552 4315 1688 4370 Not.
1720 4310 1796 4369 ad
1824 4312 1930 4369 Ge.
1970 4314 2018 4386 1,
2069 4314 2212 4375 137.
2258 4342 2343 4353 —-
2394 4308 2637 4384 Quam

1562 4440 1573 4453 .
1610 4440 1623 4454 .
1654 4440 1667 4453 .
1707 4397 2188 4477 Laurentisque
2242 4394 2335 4452 ab
2392 4414 2516 4463 ea,
2568 4404 2639 4451 ut
