3009 5050
571 404 726 497 sm
1107 394 2283 475 Excunsosln

735 592 808 649 In
835 587 1142 649 durafione
1167 606 1308 648 vero
1335 589 1502 669 regni
1530 588 1897 647 Albanorum
1924 596 1983 645 et
2020 586 2329 647 intervallo
2368 604 2563 669 usque
2602 582 2683 647 ad
2706 590 2817 647 Ro-

567 694 730 737 mam
761 674 1058 735 conditam
1087 676 1356 755 Virgilius
1385 692 1421 731 a
1449 692 1587 733 vera
1616 672 1885 733 historiae
1914 674 2135 733 ratione
2164 684 2223 731 et
2266 676 2551 732 omnium
2584 676 2821 754 scripto·

569 782 703 821 rum
751 761 866 819 fide
909 760 1159 835 recedit,
1233 763 1284 819 si
1327 778 1549 833 unum,
1624 774 1807 841 quem
1860 756 2101 841 quidem
2146 760 2321 835 novi,
2378 762 2675 819 Iustinum
2728 760 2821 817 lib.

567 850 779 922 XLIII,
815 852 846 911 1
881 850 1168 929 excipias.
1197 845 1354 927 apud
1379 864 1563 927 quem
1589 848 1798 923 Longa
1824 846 1975 902 Alba
2000 874 2091 889 ———
2118 864 2277 924 quae
2320 846 2604 903 vocantis
2654 846 2823 902 armis

571 944 758 1011 eaput
787 934 964 1012 regni
988 932 1168 1011 suu.-
1213 934 1314 991 Sic
1349 944 1549 991 autem
1578 932 1845 1010 Virgilius
1876 948 2111 1015 quoque
2146 933 2209 989 in
2234 932 2424 989 nobili
2448 950 2629 991 versu
2654 932 2753 989 lib.
2781 934 2822 1003 l,

569 1024 700 1085 272
757 1020 890 1075 Hie
924 1021 1051 1075 iam
1103 1029 1429 1075 tercentum
1475 1028 1624 1074 totos
1652 1015 2009 1095 regnabitur
2052 1036 2266 1075 annos.
2358 1018 2686 1075 Enimvero
2712 1035 2823 1074 non

451 1132 465 1150 ι
570 1105 716 1165 000
761 1102 864 1163 sed
907 1102 1100 1163 CCCC
1141 1121 1324 1163 anuos
1367 1106 1521 1161 inter
1558 1104 1775 1160 Albam
1814 1113 1873 1160 et
1914 1104 2165 1160 Romam
2204 1100 2507 1161 conditam
2552 1104 2823 1161 interces-

569 1192 707 1249 sisse
751 1208 984 1248 summo
1027 1206 1312 1249 consensu
1351 1190 1655 1270 scriptores
1698 1186 1955 1246 tradunt.
2067 1190 2137 1245 In
2176 1198 2451 1267 postumo
2496 1188 2699 1247 libello
2748 1189 2823 1245 Io.

569 1278 826 1357 Mat-tyni
843 1320 858 1349 ‚
927 1278 1366 1335 Diua-satione
1405 1274 1541 1333 and
1578 1272 1819 1331 critical
1860 1270 2163 1331 Remarks
2208 1292 2377 1353 upon
2420 1272 2527 1331 the
2571 1271 2823 1331 Ama‘d.

571 1359 762 1421 Lond.
795 1366 976 1426 1770.
1008 1366 1069 1436 8,
1097 1372 1183 1420 est
1209 1364 1358 1421 Diss-
1387 1362 1467 1419 VI
1493 1378 1667 1439 super
1684 1360 1931 1418 Albanis
1940 1359 2215 1437 Regibus.
2266 1374 2281 1384 ·
2300 1357 2423 1418 Sed
2452 1378 2671 1439 partim
2698 1357 2821 1417 inde

571 1446 650 1506 ad
673 1466 802 1505 rem
829 1458 1090 1507 nostram
1115 1448 1399 1527 proficias.
1483 1446 1627 1505 Fide
1656 1446 1849 1527 aliqua
1876 1454 2066 1517 certa,
2118 1454 2178 1502 et
2204 1446 2497 1503 maiorum
2528 1448 2693 1503 fama
2734 1462 2825 1501 ae—

571 1544 775 1619 cepta,
817 1532 1095 1591 traditum
1123 1530 1236 1593 hoc
1263 1534 1366 1591 vix
1393 1530 1667 1591 arbitror·
1710 1548 1950 1603 verum,
1992 1548 2129 1587 cum
2156 1531 2222 1587 in
2248 1534 2615 1610 temporibus
2644 1548 2821 1589 reum

569 1598 904 1678 Italicarum
948 1616 1362 1677 constituendis
1405 1636 1527 1676 uon
1570 1618 1681 1675 nisi
1722 1615 1839 1675 duo
1892 1614 2175 1673 haberent
2218 1614 2513 1693 cardines,
2596 1617 2825 1673 Troiam

573 1716 820 1783 captam
849 1716 906 1763 et
931 1706 1198 1762 Romam
1227 1703 1547 1777 conditam,
1592 1704 1715 1761 aliis
1743 1713 2075 1781 temporum
2102 1702 2257 1760 notis
2286 1700 2721 1774 deficientibus3
2771 1702 2821 1772 ii,

572 1792 678 1872 qui
722 1800 988 1849 accurate
1031 1789 1108 1848 ad
1163 1808 1450 1847 annorum
1490 1806 1767 1845 numeros
1812 1786 2073 1865 digerere
2114 1788 2453 1865 inceperant
2494 1806 2591 1847 res
2630 1788 2821 1867 piiscas

571 1886 829 1935 narratas
843 1920 858 1949 ‚
901 1878 1270 1935 instituerunt
1297 1885 1643 1955 computum
1672 1872 1749 1931 ad
1774 1876 2061 1932 rationem
2100 1874 2389 1931 intervalli
2424 1876 2585 1932 inter
2624 1872 2821 1931 Troiae

573 1960 871 2021 excidium
900 1972 958 2018 et
985 1964 1208 2019 Romae
1237 1958 1472 2019 exordia
1489 1976 1509 2017 ι
1554 1958 1715 2039 quod
1733 2002 1748 2033 ,
1792 1960 1899 2017 etsi
1940 1960 2015 2016 ab
2042 1956 2279 2017 diversis
2306 1960 2703 2039 scriptoribus,
2730 1972 2820 2037 pro

509 2108 514 2119 ,
573 2044 800 2127 epocha
842 2048 1058 2105 Troiae
1103 2056 1304 2125 captae
1332 2046 1488 2103 varie
1539 2046 1877 2117 constituta,
1923 2042 2309 2103 diversimode
2338 2048 2727 2104 constitutum
2750 2050 2821 2099 est

572 2133 684 2209 (ita
709 2142 776 2189 ut
801 2152 862 2189 v.
889 2150 944 2190 c.
969 2134 1012 2187 ii
1027 2174 1044 2205 ,
1075 2132 1176 2211 qui
1193 2174 1208 2203 ‚
1254 2128 1655 2187 Herodoteum
1683 2130 1975 2189 calculum
2002 2131 2251 2211 sequuti,
2288 2131 2505 2189 Troiae
2532 2128 2817 2191 excidium

571 2217 832 2276 centenis
871 2216 1036 2275 annis
1087 2218 1368 2274 matun'us
1413 2217 1675 2273 evenisse
1720 2216 1925 2273 volunt
1942 2260 1958 2288 ‚
2002 2216 2371 2278 intervallum
2406 2218 2567 2274 iuter
2593 2212 2737 2274 illud
2772 2222 2819 2269 et

569 2306 796 2361 Romae
825 2300 1063 2360 exordia
1089 2303 1240 2360 ultra
1269 2304 1617 2381 quingentos
1646 2318 1833 2359 annos
1865 2300 2191 2380 producant
2210 2302 2258 2381 ),
2302 2300 2377 2360 ad
2408 2302 2609 2362 0000
2638 2314 2815 2360 tamen

573 2406 758 2447 annos
791 2406 828 2444 a
867 2388 1158 2468 plerisque
1193 2386 1553 2467 producitur.
1640 2386 1985 2447 Secundum
2028 2389 2265 2445 tutiores
2296 2386 2536 2469 quidem
2584 2386 2815 2448 calculos

571 2473 702 2540 450
745 2472 850 2548 (ad
877 2474 1059 2547 Varr.‚
1089 2484 1148 2533 et
1175 2472 1302 2538 432
1331 2472 1406 2532 ad
1437 2474 1643 2532 Geton.
1673 2474 1897 2551 aeram)
1942 2472 2287 2532 annis-finiri
2316 2472 2544 2533 videtur
2564 2494 2585 2534 ι
2647 2470 2815 2533 dedu·

573 2564 682 2620 ctis
717 2559 855 2618 inde
883 2563 1048 2618 annis
1077 2579 1340 2618 errorum
1366 2563 1605 2618 Aeneae
1634 2570 1691 2617 et
1718 2560 2005 2618 intervalli
2030 2561 2503 2618 intel-Lavinium
2534 2573 2597 2620 et
2624 2561 2815 2618 Albam

573 2645 871 2704 conditam
885 2690 902 2719 ‚
956 2645 1118 2726 quod
1157 2647 1338 2704 XXX
1381 2665 1671 2704 annorum
1712 2657 1823 2718 est,
1878 2645 2049 2702 facile
2088 2645 2429 2724 intelligitur
2443 2691 2461 2720 ,
2505 2648 2714 2706 saltem
2752 2638 2811 2699 ad

573 2735 700 2796 897
729 2733 823 2789 vel
850 2735 974 2796 398
1003 2750 1185 2789 annos
1212 2733 1428 2789 Albani
1453 2733 1621 2809 regni
1659 2751 1843 2812 usque
1871 2729 1946 2788 ad
1988 2733 2240 2789 Romam
2268 2732 2569 2790 conditam
2598 2729 2813 2791 annales

573 2815 909 2898 procedere.
991 2819 1059 2874 In
1091 2815 1198 2875 hos
1229 2835 1436 2896 regum
1461 2819 1703 2874 nomina
1726 2825 1785 2874 et
1814 2833 2025 2891 annos,
2070 2835 2177 2898 pro
2203 2817 2393 2876 lubitu
2420 2821 2615 2897 potius
2656 2827 2813 2899 quam

573 2914 768 2975 certa,
798 2913 973 2982 puto,
1003 2905 1373 2975 auctoritate,
1405 2902 1810 2983 dispertiat-unt
1836 2903 2170 2981 scriptores.
2156 2921 2171 2936 ·
2203 2911 2269 2959 ut
2298 2891 2456 2982 apud
2485 2904 2811 2984 Dionysium

575 2999 636 3047 et
675 2989 994 3046 Eusebium
1039 2987 1236 3046 videre
1277 2989 1433 3046 licet.
1532 2985 1909 3060 Rotundum,
1954 3004 2134 3068 quem
2174 2985 2423 3048 dicimus
2437 3031 2453 3063 ,
2512 2999 2810 3048 numerum

573 3071 770 3132 0000
815 3090 1104 3132 annorum
1143 3071 1328 3132 edunt
1364 3091 1503 3131 cum
1544 3073 1643 3130 alii
1680 3077 1808 3131 tum
1854 3073 2063 3133 Strabo
2091 3073 2161 3148 V,
2192 3094 2251 3153 p.
2283 3075 2411 3139 850
2439 3075 2506 3135 0.
2530 3069 2809 3154 “mem

576 3157 646 3222 δὲ
679 3161 1088 3237 τετρακοσίοις
1115 3157 1308 3221 ἔτεσιν
1343 3157 1665 3240 ἱστορεῖται
1698 3153 1771 3218 τὰ
1808 3157 1948 3238 περὶ
1990 3152 2311 3238 Ἀμούλιον
2344 3167 2455 3218 eto.

747 3245 874 3314 Qua
917 3247 1114 3325 itaque
1165 3246 1504 3304 auctoritate
1547 3245 1855 3322 Virgilium
1896 3243 2219 3302 adductum
2262 3243 2522 3303 dicemus
2566 3243 2681 3304 hoc
2718 3237 2807 3300 sibi

572 3331 874 3404 sumsisse,
903 3340 970 3388 ut
997 3350 1288 3388 annorum
1315 3348 1633 3387 numerum
1658 3324 1957 3388 mutaret?
2042 3331 2307 3389 Proclive
2336 3341 2421 3388 est
2450 3329 2661 3406 dicere,
2691 3343 2806 3385 eum

572 3415 684 3474 sibi
711 3425 1015 3496 tamquam
1041 3426 1252 3495 poetae
1275 3413 1388 3474 hoc
1415 3413 1590 3472 licere
1618 3425 1866 3494 putasse.
1952 3413 2073 3472 Sed
2116 3413 2339 3474 doctior
2368 3425 2453 3474 est
2490 3427 2667 3496 poeta
2690 3414 2806 3472 Vir-

573 3503 773 3580 gilius,
813 3519 993 3582 quam
1021 3512 1088 3559 ut
1116 3503 1241 3560 sine
1270 3504 1492 3560 ratione
1522 3503 1839 3604 quicquam
1867 3498 2139 3560 adversus
2169 3503 2529 3560 notissimam
2558 3501 2806 3562 historin·

573 3605 709 3644 rum
733 3578 913 3646 fidem
941 3605 1184 3646 novasse
1205 3597 1305 3645 aut
1331 3587 1405 3645 ab
1435 3589 1597 3646 omni
1625 3589 1851 3645 ratione
1878 3589 2173 3645 recessisse
2198 3585 2385 3646 videri
2414 3587 2641 3648 debeat.
2700 3587 2806 3644 Po-

571 3675 686 3730 tuit
729 3673 945 3730 scilicet
984 3671 1142 3730 aliud
1184 3675 1444 3752 computi
1482 3681 1855 3732 momentum
1897 3675 2244 3731 constituere
2259 3713 2277 3748 ,
2316 3683 2385 3732 ut
2410 3675 2561 3732 intra
2590 3667 2805 3734 Romuli

573 3767 634 3815 et
661 3759 832 3814 Remi
859 3759 1076 3816 natales
1105 3757 1467 3817 subsisteret.
1523 3757 1655 3817 Hic
1698 3761 1865 3829 iam,
1909 3757 2129 3839 inquit,
2175 3768 2499 3816 tercentum
2542 3767 2691 3818 totos
2724 3773 2804 3812 re·

566 3841 866 3922 gnabitur
893 3861 1090 3900 annos·
1125 3844 1318 3902 Gente
1345 3843 1458 3902 sub
1479 3845 1783 3904 Hector-ea
1796 3866 1815 3901 .·
1862 3843 2049 3901 donee
2072 3846 2287 3923 regina
2312 3845 2591 3903 sacerdos
2620 3845 2803 3904 Marte

567 3929 784 4010 gravis
817 3931 1130 4006 geminam
1165 3939 1356 4007 partu
1401 3929 1573 3988 dabit
1624 3929 1751 3988 Ilia
1780 3929 2059 4008 prolem:
2118 3930 2273 3988 Inde
2314 3940 2423 3988 etc.
2510 3927 2804 3990 Subduc&

573 4015 694 4074 XX
722 4012 815 4074 vel
843 4015 1022 4072 XXX
1049 4017 1248 4090 antiis,
1293 4017 1502 4096 quibus
1544 4015 1915 4075 adoleverant
1950 4017 2235 4076 Romulus
2262 4026 2322 4073 et
2360 4017 2611 4090 Remus,
2654 4025 2802 4074 ante-

659 4121 757 4159 am
783 4101 1036 4159 Romam
1061 4099 1407 4175 conderent,
1451 4103 1745 4184 reliquum
1770 4119 2115 4178 numerum,
2158 4112 2225 4159 ut
2264 4111 2470 4182 poeta,
2514 4121 2697 4162 crasse
2721 4101 2803 4155 in·

573 4121 792 4246 dicasse
817 4185 1002 4246 videri
1027 4197 1235 4268 potest.
1321 4146 1565 4247 vi’detur
1592 4190 1769 4246 etiam
1795 4199 2069 4270 sequutus
2113 4207 2235 4245 esse
2276 4205 2555 4246 arcanum
2596 4183 2731 4268 quid
2757 4189 2803 4238 ei

571 4274 712 4334 Iove
753 4274 1108 4333 vaticinante
1149 4272 1426 4352 dignum,
1485 4285 1553 4332 ut
1603 4291 1767 4334 sacro
1804 4293 2055 4332 numero
2080 4271 2459 4354 procederent
2486 4276 2709 4332 omnin·
2748 4269 2801 4330 8·

574 4360 680 4422 30.
722 4362 886 4423 300·
869 4401 888 4434 ,
929 4379 1073 4420 nam
1111 4361 1280 4420 tertio
1331 4378 1488 4418 anno
1540 4362 1769 4420 Aeneas
1808 4362 1961 4419 inter
1998 4358 2199 4419 heroes
2226 4357 2513 4437 indigetes
2538 4367 2802 4440 receptus,
