3009 5050
592 467 742 538 572
1144 451 2263 531 EXCURSUSI*

586 651 872 708 sententia
914 647 1089 707 Plinii
1132 657 1191 705 et
1227 646 1373 706 haec
1402 665 1526 706 esse
1573 657 1795 726 potest.
1839 645 2014 704 fuisse
2055 655 2114 702 et
2155 645 2342 724 ipsam
2369 642 2678 701 Felsinam
2707 645 2856 700 inter

587 737 895 816 principes.
982 734 1190 814 Copias
1217 735 1395 812 igitur
1420 730 1748 791 adducebat
1777 733 1968 790 Ocnus
1996 733 2340 789 Mantuanus
2384 749 2464 788 ex
2507 730 2628 786 XII
2655 749 2854 808 popu-

586 823 658 880 lis
684 821 939 880 Etruscis
953 863 971 894 ,
1014 823 1117 900 qui
1156 821 1490 878 incolebant
1519 837 1728 896 agrum
1757 815 2306 898 circumpadanum,
2351 815 2678 875 conflatas.
2743 818 2853 870 ita-
2966 825 2967 842 ¹

588 927 707 988 que
750 925 873 964 non
908 923 1105 985 genus
1150 903 1429 963 omnibus
1478 925 1674 962 unum
1713 913 1855 962 erat.
1941 901 2113 976 Quod
2154 922 2294 962 vero
2323 901 2485 960 addit
2513 911 2732 980 poeta,
2777 921 2852 958 ex

590 1011 660 1051 eo
708 995 967 1072 primum
1006 989 1311 1065 discimus,
1369 993 1485 1048 XII
1531 992 1660 1048 ilios
1701 991 1947 1070 populos
1989 1010 2092 1048 seu
2119 990 2374 1047 civitates
2401 991 2468 1046 in
2495 997 2616 1045 tres
2644 997 2850 1088 gentes

586 1079 760 1136 fuisse
790 1075 1029 1153 divisas3
1072 1075 1133 1135 id
1172 1076 1332 1160 quod
1360 1077 1437 1136 ad
1474 1077 1746 1134 Etruscas
1773 1079 2024 1154 orIgines
2051 1075 2307 1133 notabile
2337 1085 2442 1132 est.
2529 1073 2692 1132 Non
2737 1075 2850 1150 igi-

586 1175 685 1222 tur
724 1173 897 1244 poeta
910 1207 927 1238 ,
972 1163 1130 1244 quod
1169 1164 1407 1247 vobere
1432 1166 1805 1240 interpretes,
1849 1163 1923 1218 de
1971 1163 2460 1218 Mantuanorum
2503 1180 2561 1217 οι
2565 1160 2751 1238 igine
2785 1163 2844 1215 in

586 1247 723 1308 h.l.
755 1251 905 1328 agit,
958 1269 1071 1307 nec
1114 1246 1187 1306 de
1230 1251 1520 1306 maiorum
1559 1247 1784 1306 diversa
1835 1251 2054 1328 stirpe,
2109 1265 2222 1304 nec
2265 1244 2338 1303 de
2389 1244 2678 1304 divisione
2725 1247 2848 1324 agri

586 1336 893 1392 Mantuani
932 1335 996 1391 in
1034 1337 1303 1414 regiones
1358 1345 1417 1392 et
1474 1344 1833 1392 conventus.-
1895 1332 2004 1390 sed
2037 1331 2112 1389 de
2163 1333 2350 1408 copiis
2395 1335 2630 1410 agitur,
2693 1352 2848 1409 quas

600 1420 809 1479 ocum
829 1422 1104 1478 Mantuae
1099 1379 1390 1479 econditor
1404 1418 1661 1478 adducit
1687 1439 1758 1476 ex
1785 1417 2130 1476 civitatcbus
2155 1417 2306 1476 XII
2323 1415 2842 1496 cab-cumpadanis,

590 1505 799 1588 quibus
826 1507 1066 1564 Mantua
1092 1507 1191 1564 ino
1220 1517 1483 1586 tempore
1509 1515 1684 1584 caput
1711 1513 1852 1565 erat.

758 1593 1085 1650 Mantuanis
1139 1595 1428 1650 accensuit
1480 1587 1734 1672 denique
1775 1611 1833 1651 v.
1877 1592 2001 1656 208
2055 1588 2403 1663 Ascle-vtem,
2463 1608 2651 1669 quem
2695 1590 2844 1647 inter

587 1678 761 1736 Italos
801 1696 929 1734 non
964 1678 1287 1756 ignobilem
1326 1677 1503 1736 fuisse
1545 1697 1620 1735 ex
1659 1677 1950 1736 Servianis
1995 1677 2214 1734 laciniis
2245 1673 2320 1734 ad
2347 1696 2406 1732 v.
2443 1677 2568 1738 198
2591 1675 2838 1753 colligo:

588 1763 701 1820 fuit
754 1764 915 1832 enim
950 1762 1275 1822 secundum
1326 1764 1642 1823 nonnullos
1685 1765 1835 1823 Ocni
1889 1763 2066 1822 frater
2117 1773 2174 1820 et
2229 1763 2524 1819 Pemsiae
2576 1760 2842 1820 conditor

588 1845 837 1907 habitus.

759 1931 912 1992 Illud
956 1931 1146 1992 adhuc
1187 1935 1489 1994 subiiciam
1502 1953 1522 1992 τ
1565 1953 1784 1992 novam
1823 1953 1998 2012 super
2041 1933 2154 1990 loci
2194 1932 2671 2010 interpretatione
2709 1952 2842 1990 mo-

587 2020 713 2078 veri
738 2039 905 2098 posse
934 2018 1335 2078 difficultatem
1362 2041 1439 2078 ex
1468 2021 1615 2078 Silio
1631 2065 1648 2096 ‚
1679 2023 1782 2100 qui
1810 2021 1962 2093 VIII,
2008 2023 2152 2083 600.
2183 2021 2300 2080 601
2348 2019 2410 2074 in
2453 2036 2700 2076 recensu
2731 2039 2842 2097 po—

589 2106 869 2185 pulorum
900 2115 957 2162 et
985 2107 1317 2164 civitatum:
1349 2105 1437 2164 Ec
1463 2106 1788 2185 quondam,
1817 2106 2027 2186 inquit,
2091 2104 2333 2161 Teucris
2363 2121 2556 2160 comes
2586 2105 2843 2160 inLau-

591 2193 787 2248 rentia
835 2188 999 2248 bella
1048 2189 1207 2248 Ocni
1234 2193 1447 2268 prisca
1492 2187 1708 2250 domus
1756 2193 2059 2270 parvique
2101 2189 2388 2246 Bononia
2431 2187 2665 2246 Rheni.
2753 2192 2843 2247 De

587 2277 831 2334 Mantua
858 2295 997 2334 eum
1026 2279 1209 2355 accipi
1234 2295 1357 2335 non
1386 2297 1556 2356 posse
1572 2322 1589 2352 ,
1631 2278 2006 2336 manifestum
2033 2275 2117 2348 fit,
2164 2273 2326 2356 qnod
2351 2275 2489 2332 viris
2519 2273 2706 2334 doctis
2733 2296 2842 2333 no-
2966 2297 2967 2350 j

588 2371 778 2420 tatum
792 2406 810 2434 .‚
840 2381 978 2419 cum
1006 2382 1064 2419 v.
1094 2361 1219 2426 594
1248 2365 1369 2422 iam
1396 2383 1529 2420 eam
1557 2364 1987 2422 memoraverit.
2069 2363 2316 2420 Necesse
2353 2361 2535 2439 igitur
2579 2372 2665 2420 est
2679 2407 2696 2435 ,
2745 2363 2842 2421 Si-
2966 2395 2967 2402 ι

587 2448 737 2507 lium
764 2449 939 2506 verba
956 2448 1183 2524 patriis
1206 2447 1287 2505 ab
1318 2451 1438 2506 oris
1464 2468 1593 2529 sup.
1621 2469 1681 2507 v.
1719 2448 1837 2512 1‘98
1867 2447 2036 2506 huius
2065 2449 2165 2505 lib.
2195 2449 2256 2504 X
2285 2448 2574 2527 accepisse
2621 2445 2696 2506 de
2722 2451 2842 2505 Bo-

587 2536 791 2606 nonia,
834 2543 1141 2615 tamquam
1180 2537 1368 2613 prisca
1398 2537 1546 2594 Ocni
1587 2548 1646 2593 et
1671 2538 1856 2615 patria
1885 2532 2022 2594 sede
2041 2578 2056 2605 ‚
2088 2544 2406 2614 antequam
2436 2532 2514 2591 ad
2540 2536 2840 2593 Mantuam

588 2617 959 2678 condendam
990 2618 1351 2680 discessisset.
1436 2624 1674 2680 Diversa
1703 2623 1880 2699 igitur
1909 2632 1966 2679 et
1995 2618 2138 2677 haec
2167 2630 2252 2677 est
2283 2620 2358 2677 ab
2390 2639 2492 2695 ea,
2537 2640 2716 2701 quam
2743 2642 2844 2679 su-

585 2724 691 2785 pra
740 2726 815 2763 ex
844 2707 1048 2765 Servio
1077 2704 1151 2764 ad
1182 2711 1391 2771 v.198
1422 2709 1748 2785 attigimus,
1795 2708 1990 2776 fabula
2032 2703 2104 2764 de
2146 2704 2385 2764 condita
2415 2707 2490 2765 ab
2521 2708 2684 2765 Ocno
2711 2709 2844 2765 Fel-

586 2793 715 2851 sina
756 2792 781 2868 (
804 2802 869 2849 ut
916 2812 1057 2851 cum
1102 2792 1370 2851 Cluverio
1399 2792 1796 2871 legendum),
1857 2813 1963 2851 seu
1990 2794 2278 2849 Bononia.
2367 2794 2513 2851 Lux
2540 2814 2616 2851 ex
2643 2792 2726 2851 his
2757 2794 2846 2851 af-

587 2876 757 2937 fundi
784 2888 973 2957 potest
998 2890 1173 2936 notae
1201 2880 1333 2935 Iulii
1360 2879 1564 2935 Sabini
1591 2878 1668 2937 ad
1709 2900 1793 2937 vs·
1826 2882 1950 2943 203
2001 2879 2150 2955 Ipsa
2190 2888 2386 2955 eaput
2419 2880 2708 2959 populis,
2747 2883 2845 2963 qui

590 2964 663 3023 de
691 2966 959 3025 Bononia
983 2962 1099 3023 hoc
1127 2967 1385 3043 accipere
1414 2965 1617 3027 voluit.

1155 3476 2250 3604 EXCURSUS,n

756 3731 887 3789 Lib.
917 3734 996 3807 X,
1034 3732 1174 3797 185·
1262 3734 1411 3790 IVon
1438 3752 1548 3811 ego
1577 3744 1668 3803 te,
1711 3733 2021 3813 Ligurum
2059 3732 2274 3807 ductor
2291 3734 2654 3813 fortissime
2678 3736 2846 3805 bello,

601 3816 964 3875 Damien‘m
978 3860 1003 3888 ,
1064 3818 1289 3895 Cinyra
1336 3830 1397 3876 et
1423 3821 1650 3895 pauc-229
1693 3822 1969 3877 comitate
2005 3819 2252 3897 Cupauo
2269 3863 2294 3889 ,
2347 3822 2550 3881 Οιιίω
2591 3824 2846 3881 olaf-inae
2966 3898 2967 3901 Ἴ

584 3913 849 3979 surgunt
892 3902 966 3961 de
1012 3906 1227 3962 vertice
1272 3924 1518 3983 pennae
1536 3928 1555 3963 .·
1603 3904 1881 3981 (Crimen
1909 3924 2081 3963 amor
2126 3916 2396 3963 vestrum
2414 3951 2439 3979 ,
2484 3908 2846 3987 firmaeque

584 3988 822 4066 irwtgne
851 3990 1220 4068 paternae.)
1308 3990 1600 4069 Namque
1625 3991 1854 4068 jerunt
1887 3992 2060 4049 luctu
2109 3992 2383 4070 chaum
2447 3993 2844 4052 Phaethontis

458 4113 461 4123 ·
584 4074 781 4131 amati
794 4118 812 4149 ,
856 4075 1167 4153 Populeas
1192 4076 1610 4154 &uersi-endis
1637 4077 2037 4155 umbramque
2061 4096 2334 4135 sororum
2378 4080 2563 4139 Dum
2593 4080 2746 4137 canit
2786 4088 2844 4133 et

586 4170 878 4217 maestum
904 4163 1099 4222 Musa
1144 4160 1379 4219 solatur
1416 4182 1682 4220 amorem
1697 4206 1721 4234 ,
1783 4165 2107 4222 Canentem
2140 4162 2316 4221 molli
2352 4164 2584 4241 pluma
2609 4165 2842 4223 dmum

587 4256 887 4305 senectam
902 4270 928 4321 ;
982 4248 1388 4328 Linquentem
1428 4259 1618 4307 terras
1667 4259 1728 4305 et
1761 4250 1960 4307 sulem
2009 4268 2150 4306 voce
2196 4262 2568 4328 sequentem.
2657 4254 2842 4309 Locus

582 4334 951 4393 suavissimus
970 4379 987 4410 ,
1048 4355 1169 4393 uno
1208 4346 1405 4394 tamen
1434 4354 1606 4395 versu
1645 4336 1856 4393 misere
1882 4334 2176 4411 turbatus3
2233 4338 2300 4393 in
2329 4341 2542 4399 ceteris
2570 4333 2844 4397 sententia

590 4420 893 4500 expedita:
940 4423 1181 4503 Cupavo
1209 4420 1331 4481 dux
1351 4423 1638 4503 Ligurum
1665 4423 1870 4501 peimi-⁸
1913 4422 2146 4479 ⁰10¹'11158
2177 4432 2466 4483 Ornatam
2483 4428 2712 4507 galeam
2736 4442 2846 4502 ge*
2966 4480 2967 4511 1
