3009 5050
630 385 1247 465 AENEIDos
1298 385 1524 464 ma.
1573 385 1706 482 x1,
1761 391 2193 466 260—265
2257 423 2264 430 -

2391 397 2527 468 611

280 574 596 652 Atrides
632 574 903 651 Protei
926 571 1339 650 Menelaus
1374 570 1732 672 adusque
1768 570 2174 650 columnas

280 677 636 770 Exsulat3
690 684 1087 775 Aetnaeos
1127 675 1325 752 vidit
1366 675 1748 776 Cyclopas
1789 673 2068 756 Ulixes,

278 787 557 882 Regna
580 781 1099 884 Neoptolemi
1129 783 1477 858 referam
1500 839 1524 878 ,
1576 802 2009 880 versosque
2045 783 2362 859 Penatis

279 886 760 964 Idomenei?
811 886 1213 984 Libycone
1236 883 1680 961 habitantes
1717 882 1949 960 litore
1989 888 2340 967 Locros?
2375 893 2526 970 265

282 1124 473 1173 ,τινας
512 1121 564 1163 et
595 1109 685 1172 111,
722 1111 870 1166 601.:
904 1127 1287 1180 „quascumque
1319 1109 1662 1163 abducite
1697 1110 1944 1171 και-των*
1979 1109 2071 1164 ubi
2105 1109 2374 1167 Mediceus
2401 1115 2527 1168 item

281 1199 313 1232 a
345 1197 415 1232 m.
441 1199 531 1250 μ’.
567 1180 824 1233 adducite
858 1197 971 1232 cum
1006 1181 1142 1233 aliis.
1212 1181 1279 1232 Et
1323 1179 1509 1232 melius
1542 1179 1648 1248 ipsi
1697 1177 1982 1232 sententiae
2039 1181 2284 1234 convenit
2333 1183 2532 1252 abacti,

279 1251 477 1370 quippe
510 1250 842 1318 tempestatis
875 1249 926 1301 vi
963 1251 1229 1320 abreptos.
1263 1267 1295 1302 a
1330 1265 1481 1300 cursu
1511 1266 1606 1301 suo
1642 1265 1852 1301 aversos
1893 1257 1948 1299 et
1980 1247 2035 1298 in
2068 1249 2381 1322 longinquas
2411 1271 2531 1306 oras

319 1320 485 1371 elatos
526 1319 839 1386 significans.
879 1321 1029 1386 Wr.)

1132 1319 1235 1372 2&
1268 1320 1473 1371 Exulat
1506 1319 1697 1371 Medic.
1732 1337 1763 1370 a
1795 1335 1864 1368 m.
1899 1335 1979 1386 pr.
2017 1325 2074 1370 et
2103 1319 2240 1371 Gud.
2275 1339 2324 1374 r.
2351 1323 2530 1378 Schol-

276 1389 475 1440 Lueau.
514 1391 609 1450 IX,
644 1387 768 1442 654.
817 1389 1058 1458 (Euolat
1092 1388 1281 1440 Medic.
1317 1407 1347 1440 a
1381 1405 1451 1440 m.
1485 1405 1589 1457 pr„
1635 1387 1872 1439 Excolat
1906 1403 1939 1437 a
1972 1403 2076 1438 sec.
2135 1417 2201 1426 —
2263 1389 2382 1444 264.
2417 1393 2532 1444 Pe-

278 1471 443 1511 nates
474 1457 665 1510 Medic.
706 1459 853 1524 Wr.)

991 1457 1093 1512 265
1131 1456 1405 1526 Libycone
1440 1473 1504 1508 ex
1540 1456 1779 1508 omnibus
1813 1453 1952 1508 Pier.
2003 1466 2056 1508 et
2093 1455 2388 1524 potioribus
2425 1459 2532 1514 suis

277 1527 460 1579 Heius.
498 1544 627 1596 pro,
670 1527 956 1595 Libycone.
1028 1525 1337 1596 (Libycone
1387 1527 1546 1578 etiam
1592 1531 1738 1580 Serv.
1773 1523 1982 1590 Dresd.,
2049 1524 2325 1594 Libycone
2359 1529 2530 1584 Palae.

280 1614 395 1649 cum
430 1599 515 1650 11.
572 1598 717 1664 Wr.)
786 1599 925 1650 Tum
970 1609 1026 1648 et
1071 1594 1347 1664 Libycone
1390 1594 1614 1648 Dorvill.
1684 1607 1742 1648 et
1787 1591 1991 1662 Libyco
2027 1593 2154 1649 aab.
2194 1597 2356 1652 Goth.
2407 1609 2530 1654 tert.

278 1768 396 1832 'ctat
424 1771 503 1832 ad
528 1793 614 1832 vs.
643 1773 789 1838 256.
840 1771 1013 1848 W‘r.)
1096 1775 1211 1832 Res
1238 1777 1363 1854 ipsa

278 1878 451 1938 saepe
496 1877 529 1915 a
564 1860 748 1938 poetis
787 1860 849 1915 in
889 1862 1237 1918 memoriam
1266 1879 1363 1918 re·-

277 1955 539 2005 vocatur.
581 1965 639 2004 v.
682 1947 945 2024 Propert.
988 1945 1085 2020 IV,
1134 1954 1189 2017 1,
1239 1943 1361 2009 114

276 2051 365 2112 sq.
445 2031 630 2088 Multa
676 2033 963 2109 congessit
988 2033 1253 2112 Lennep.
1284 2027 1362 2106 ad

275 2117 509 2176 Phalar.
538 2118 723 2196 Epist.
751 2137 813 2195 p.
842 2114 925 2181 49
954 2137 1083 2198 sqq.

360 2207 507 2267 262.
545 2204 614 2259 In
642 2203 1015 2282 sequentibus
1040 2203 1165 2260 noli
1189 2204 1365 2260 nimis

274 2289 563 2347 subtiliter
590 2305 867 2367 quaerere
884 2331 901 2360 ,
928 2286 1089 2344 unde
1116 2289 1365 2345 Diome—

276 2371 453 2430 desin
480 2373 640 2430 littus
670 2371 968 2429 Calabriae
981 2373 1195 2430 eiectus
1217 2370 1364 2430 haec

276 2458 481 2516 omnia
520 2457 821 2514 resciscere
862 2458 1135 2535 potuerit.
1209 2457 1369 2514 Poe-

274 2556 373 2603 tae
400 2544 539 2600 licet
566 2539 711 2599 haec
756 2560 985 2599 sumere
1014 2561 1081 2600 ac
1124 2559 1365 2620 ponere.

273 2630 403 2688 Etsi
442 2624 749 2684 fatendum
790 2636 874 2684 est
890 2671 904 2699 ‚
957 2624 1113 2705 apud
1142 2628 1367 2683 Home-

276 2734 414 2773 rum
442 2714 749 2770 Nestorem
779 2722 837 2770 et
862 2713 1199 2771 Menelaum
1227 2730 1371 2769 cau-

274 2804 393 2859 tius
434 2816 624 2877 pauca
669 2798 865 2879 eloqui
880 2843 897 2872 ‚
943 2818 1081 2856 cum
1123 2796 1197 2856 de
1239 2796 1369 2855 fatis

278 2884 653 2943 redeuntium
696 2886 1065 2965 quaesivisset
1090 2884 1373 2943 Telema-

276 2970 443 3030 chus.
530 2970 785 3027 Atrides
806 2971 1133 3027 Menelaus:
1170 2968 1243 3028 de
1262 2988 1369 3027 cu·-

280 3060 368 3115 ius
400 3055 689 3114 erroribus
718 3075 778 3113 v.
814 3055 1018 3136 Odyss.
1048 3056 1102 3125 δ,
1138 3056 1215 3118 81
1236 3074 1366 3135 sqq.

278 3142 399 3209 351
446 3161 575 3223 sqq.
620 3140 709 3199 ad
745 3160 934 3219 usque
962 3142 1169 3199 Pmtei
1196 3138 1367 3197 colu-

280 3248 459 3285 mnas
474 3250 499 3300 ;
568 3229 808 3286 novavit
847 3228 1045 3307 paullo
1092 3225 1367 3284 audacius

278 3324 455 3392 poeta
494 3332 601 3392 pro
647 3313 857 3380 finibus
886 3314 1172 3393 Aegypti3
1224 3330 1367 3369 nam

278 3400 525 3457 Proteus
554 3397 628 3456 ad
656 3397 919 3457 Pharum
946 3400 1195 3456 insulam
1224 3416 1368 3477 age-

279 3485 411 3560 bat,
458 3494 521 3541 ut
568 3505 641 3541 ex
674 3484 875 3561 Odyss.
906 3485 947 3541 l.
980 3504 1033 3543 c.
1062 3483 1209 3548 351.
1242 3483 1364 3547 854

281 3572 415 3629 satis
446 3580 703 3629 constat:
748 3570 869 3643 sed,
898 3580 963 3627 ut
991 3571 1211 3627 maiore
1240 3570 1370 3625 ani-

278 3674 451 3713 mum
476 3652 881 3734 phantasmate
908 3665 1251 3734 percuteret,
1268 3674 1369 3710 co-

284 3740 532 3797 lumnas
576 3740 723 3799 dixit
766 3742 1007 3810 Protei,
1060 3750 1129 3797 ut
1174 3750 1370 3797 extre—

280 3842 411 3882 mas
480 3835 665 3883 terrae
734 3828 935 3905 plagas
988 3824 1368 3905 significaret3

284 3909 787 3993 quemadmodum
850 3911 1141 3968 Herculis
1198 3908 1367 3967 colu-

284 4016 465 4053 mnas
506 4006 790 4056 extremas
832 4016 1029 4055 versus
1087 3994 1363 4054 occiden-

282 4093 410 4139 tem
436 4090 614 4139 terras
644 4080 836 4141 dicere
847 4102 975 4141 mos
988 4092 1094 4141 est.
1126 4082 1329 4138 exulat
1344 4102 1362 4137 .·

284 4167 479 4245 simpl.
524 4176 695 4225 errat.
796 4168 953 4227 Male
999 4170 1163 4227 aliter
1200 4166 1367 4225 Serv.

286 4250 495 4309 Cerda.
554 4250 915 4327 (exsulat—
938 4254 1107 4328 vidit,
1146 4250 1266 4311 vid.
1296 4252 1366 4309 V.

283 4340 355 4395 L.
384 4334 463 4395 ad
488 4338 595 4413 IX,
624 4341 687 4400 9.
735 4338 903 4416 Wr.)
988 4338 1133 4405 264.
1148 4338 1371 4416 Regna

286 4422 689 4501 Neoptolemi.
800 4426 1033 4485 Novum
1124 4442 1373 4504 regnum

1442 1767 1654 1850 Pyrrhi
1681 1772 1746 1828 in
1784 1773 1966 1851 Epiro
2009 1791 2069 1832 v.
2096 1793 2226 1854 sup.
2253 1776 2355 1850 111,
2385 1777 2532 1841 296.

1445 1860 1591 1920 319.
1676 1877 1878 1914 versos
1924 1869 2180 1936 penates
2227 1861 2534 1920 Idomenei

1444 1961 1704 2000 eversam
1734 1941 1978 2002 domum
2007 1955 2064 2002 et
2089 1965 2356 2024 regnum.
2410 1945 2532 2009 vid.

1442 2048 1575 2108 sup.
1615 2029 1718 2087 lib.
1744 2031 1849 2103 111,
1883 2035 1998 2094 121
2031 2050 2162 2112 sqq.
2185 2032 2386 2114 ibique
2405 2035 2532 2094 No-

1445 2125 1592 2173 tam.
1675 2116 1825 2180 265.
1853 2113 2161 2192 Libycone
2189 2115 2533 2177 habitantes

1446 2198 1648 2258 littore
1693 2201 1939 2259 Locros.
2047 2203 2360 2262 Memorari
2416 2203 2534 2264 hoo

1446 2287 1560 2342 alio
1589 2286 1720 2343 loco
1749 2305 1872 2342 non
1897 2290 2162 2346 memini.
2221 2289 2344 2348 Sed
2367 2291 2531 2351 Maro

1448 2367 1665 2426 habere
1727 2367 1838 2428 hoc
1881 2374 2073 2448 potuit
2115 2393 2190 2432 ex
2248 2371 2530 2452 Νόστοις,

1447 2473 1552 2512 seu
1594 2454 1767 2533 epicis
1808 2456 1920 2514 illis
1949 2457 2296 2516 carminibus
2312 2503 2330 2534 ,
2379 2479 2532 2541 quae

1446 2536 1810 2597 Achivorum
1865 2559 1900 2597 a
1940 2543 2120 2601 Troia
2161 2542 2532 2606 redeuntium

1452 2642 1618 2681 casus
1645 2624 1985 2701 narrabaut3
2016 2646 2049 2683 e
2077 2629 2284 2707 quibus
2312 2631 2531 2711 Augias

1453 2710 1814 2767 Troezenius
1867 2710 2004 2785 fuit,
2081 2714 2243 2771 cuius
2299 2709 2532 2781 Νόστοι

1453 2796 1612 2853 libris
1641 2794 1692 2851 V
1712 2794 1954 2874 cyclicis
1981 2806 2119 2855 sunt
2146 2803 2530 2861 annumerati.

1450 2881 1886 2958 Argumentum
1953 2900 2159 2939 eorum
2236 2903 2271 2940 e
2338 2886 2531 2944 Procli

1452 2963 1915 3025 Chrestomathia
1934 2986 2122 3046 nuper
2139 2960 2441 3047 hilgatum
2465 2972 2530 3031 in

1454 3050 1628 3109 Bibl.
1682 3051 1789 3109 der
1826 3051 1939 3109 alt.
1973 3052 2124 3133 Liti.
2163 3054 2298 3111 und
2326 3054 2535 3115 Kunst

1448 3139 1602 3195 inter
1637 3134 1842 3196 Inedd.
1890 3158 1950 3217 p.
1995 3136 2078 3203 40
2095 3156 2114 3195 ε
2156 3136 2304 3199 nihil
2331 3151 2530 3201 tamen

1450 3222 1526 3281 de
1570 3222 1660 3281 his
1705 3234 1764 3281 et
1807 3224 1930 3281 aliis
1975 3236 2293 3301 memorat,
2336 3246 2416 3285 ne
2455 3226 2530 3289 de

1446 3308 1732 3367 Diomede
1777 3308 2050 3391 quidem3
2109 3320 2175 3368 ut
2213 3322 2313 3371 aut
2353 3332 2530 3393 argu-

1447 3406 1718 3452 mentum
1771 3414 2050 3454 mancum
2105 3415 2225 3455 esse
2243 3441 2260 3472 ,
2315 3410 2415 3457 aut
2455 3400 2528 3459 ab

1448 3482 1642 3559 Augia
1680 3500 1804 3538 non
1862 3482 2128 3538 omnium
2169 3479 2529 3547 Achivorum

1451 3564 1668 3624 reditus
1697 3577 1952 3624 narratos
1981 3567 2152 3625 fuisse
2177 3586 2411 3629 necesse
2435 3570 2528 3631 sit.

1453 3653 1624 3711 Certe
1652 3653 1842 3710 Aiacis
1871 3652 2016 3709 Oilei
2047 3656 2286 3713 comites
2313 3657 2529 3716 Locros

1454 3736 1672 3796 delatos
1715 3739 1778 3794 in
1821 3738 2010 3795 littora
2035 3739 2265 3797 Africae
2282 3784 2298 3815 ,
2349 3742 2412 3799 in
2437 3740 2529 3803 his

1449 3824 1592 3881 locis
1635 3821 1955 3881 consedisse
1992 3822 2221 3882 tradere
2250 3826 2392 3884 olim
2421 3825 2529 3885 de—

1448 3909 1702 3966 buerunt
1739 3909 2006 3967 nonnulli
2019 3952 2036 3983 ‚
2083 3928 2228 3990 quos
2266 3922 2438 3990 poeta
2464 3910 2528 3973 h.

1450 3995 1490 4051 l.
1541 3995 1815 4074 sequitur.
1903 3995 2108 4054 Variae
2145 3997 2208 4053 in
2239 3998 2528 4057 Servianis

1447 4090 1639 4158 partes
1665 4080 1894 4139 Africae
1925 4098 1958 4137 a
1985 4082 2155 4139 variis
2193 4098 2530 4139 memoran-

1448 4176 1579 4239 tur,
1651 4164 1752 4223 sed
1795 4168 2014 4223 incerta
2063 4164 2179 4222 fide
2202 4209 2217 4240 ,
2276 4166 2527 4223 confusis

1452 4269 1686 4331 quoque
1711 4253 1942 4325 Locris;
1984 4270 2095 4308 nec
2133 4252 2288 4307 enim
2317 4250 2528 4307 Ozolae

1452 4338 1635 4409 (male
1666 4336 1870 4416 Ozoli)
1901 4346 1958 4393 et
1983 4330 2386 4414 Epizephyrii3
2425 4330 2528 4392 sed

1464 4422 1721 4498 Opuntii
1745 4431 1906 4481 erant
1934 4416 2297 4477 memorandi
2324 4436 2400 4475 ex
2425 4420 2530 4479 Ili-

1937 4520 2115 4589 39*
