3009 5050
508 429 661 504 420
836 481 849 492 .
1029 411 1923 494 ExcURsUS
2025 412 2197 488 1·**

512 635 636 676 esse
660 609 1063 674 credebantur.
1148 607 1449 671 eomenut
1472 607 1540 668 in
1581 605 1698 668 boc
1743 606 1934 666 omnis
1973 613 2227 666 vetustas
2241 647 2258 680 ‚
2301 603 2482 664 etiam
2517 603 2780 686 patriar—

510 699 757 762 charum
796 707 855 756 et
892 697 1165 758 Iudaicae
1191 697 1413 776 gemin
1470 693 1757 754 consentit
1785 692 1975 752 omnis
2000 691 2384 750 barbarorum
2407 709 2477 748 ac
2505 689 2780 750 ferorum

510 787 863 866 populorum
904 786 1107 865 εἰῇ-μς
1168 783 1293 864 ipsa
1334 779 1552 839 mentis
1587 777 1881 838 hnmanae
1919 777 2302 838 imbecillitas.
2386 777 2518 834 lam
2571 777 2778 856 prouti

512 873 675 930 cultu
712 871 1083 949 ingeniorum
1126 878 1227 928 aut
1264 867 1431 925 nullo
1446 909 1463 941 ,
1511 875 1614 924 ant
1649 865 1844 946 aliquo
1857 908 1874 936 ‚
1919 873 2022 923 aut
2073 863 2446 945 exquisitiore
2503 863 2778 922 imbutae

510 967 647 1018 sunt
690 966 891 1036 gentes
906 999 924 1032 ,
982 954 1066 1014 dii
1092 965 1193 1012 aut
1230 953 1439 1012 robore
1455 994 1473 1026 ,
1515 961 1620 1010 aut
1645 953 1952 1030 sagacitate
1981 960 2040 1008 et
2065 948 2400 1029 prudentia,
2429 957 2530 1006 aut
2557 949 2775 1028 opibus

510 1053 571 1102 et
598 1041 859 1123 potentia
886 1041 1233 1102 mellontos
1262 1047 1604 1112 occurrunt3
1645 1039 1728 1096 ita
1767 1035 1844 1096 ad
1869 1055 2006 1095 suae
2031 1046 2272 1094 naturae
2299 1033 2614 1094 modulum
2651 1033 2774 1092 fin-

510 1129 598 1208 git
624 1147 847 1186 numen
876 1126 1135 1186 humana
1159 1143 1363 1200 meu-‘⁸3
1405 1141 1640 1206 quoque
1669 1141 1740 1182 ea
1765 1125 1890 1202 ipsa
1915 1121 2221 1202 perfectior
2248 1131 2308 1180 et
2335 1119 2568 1180 divinae
2595 1119 2772 1178 simi-

509 1215 622 1274 lior
649 1213 961 1295 aliqnando
1000 1215 1115 1272 erit
1140 1210 1363 1270 reddita
1379 1253 1397 1285 ,
1436 1229 1514 1269 eo
1554 1210 1778 1268 veriora
1807 1218 1865 1266 et
1893 1205 2156 1288 digniora
2183 1208 2437 1266 Numine
2462 1206 2768 1285 cogitabit.

514 1298 862 1360 Secundum
904 1297 1051 1358 haec
1080 1298 1248 1356 facile
1278 1305 1363 1356 est
1386 1293 1465 1354 ad
1490 1291 1936 1373 intelligendum
1949 1338 1965 1368 ,
2019 1292 2300 1374 quamdiu
2327 1293 2584 1373 speciem
2609 1289 2770 1352 divi-

508 1405 623 1446 nae
666 1395 909 1444 nami-ae
952 1383 1031 1444 ad
1055 1380 1380 1442 humanam
1424 1381 1824 1460 attemperavit
1859 1381 2168 1462 antiquitas
2187 1424 2206 1454 ,
2251 1380 2307 1438 ei
2333 1377 2600 1438 debuisse
2629 1380 2769 1458 opi-

509 1473 751 1532 nionem
795 1468 869 1528 de
916 1488 1161 1530 occursu
1174 1511 1193 1542 ,
1236 1461 1592 1548 apparitione
1635 1476 1694 1524 et
1721 1467 2100 1524 coutubernio
2129 1463 2374 1524 deorum
2414 1464 2768 1522 familiarem

510 1577 667 1631 ωας
696 1556 960 1638 inprimis
982 1575 1123 1614 cum
1146 1555 1289 1614 locis
1314 1551 1486 1627 adeo,
1502 1553 1666 1611 terris
1691 1562 1750 1610 et
1775 1552 2032 1626 urbibus,
2055 1549 2194 1612 deos
2211 1571 2347 1610 suos
2366 1551 2638 1609 tutelares
2667 1569 2768 1608 as·-

508 1645 825 1722 signarent.
872 1643 1143 1701 Imbuere
1170 1642 1277 1698 ista
1292 1639 1566 1718 opinione
1580 1635 1888 1696 hominum
1903 1640 2128 1696 anixnos
2147 1638 2336 1696 multo
2357 1637 2548 1714 magis
2562 1634 2766 1695 debuit

508 1725 759 1786 solitudo
788 1729 934 1786 ruris
968 1747 1037 1785 ac
1067 1727 1371 1799 silvai-:mu
1412 1725 1554 1784 raris
1579 1721 1893 1782 hominum
1919 1725 2281 1782 commerciis
2309 1732 2368 1781 et
2403 1720 2765 1781 advenarum

510 1813 866 1872 accessibus:
908 1821 1335 1894 potueruntque
1362 1807 1520 1870 cradi
1549 1808 1794 1868 deorum
1820 1809 2040 1890 species
2059 1809 2239 1870 oculis
2259 1809 2540 1881 obiectae,
2573 1809 2764 1887 inpri-

510 1897 621 1956 mis
646 1894 973 1974 hominum,
1002 1897 1104 1977 qui
1124 1897 1391 1974 religioso
1418 1905 1584 1954 metu
1598 1905 1966 1971 tenerentur3
1993 1895 2072 1955 cf.
2101 1893 2210 1954 od.
2228 1917 2286 1971 x,
2311 1898 2435 1960 201
2449 1913 2582 1976 sqq.
2611 1893 2762 1974 Opi-

508 1985 753 2042 nionem
776 1983 937 2042 illam
970 1992 1269 2061 acceptam
1294 1982 1532 2040 retinuit
1558 1983 1854 2061 posteritas
1874 2025 1892 2057 ,
1943 1991 2004 2039 et
2023 1981 2201 2059 vulgo
2229 1989 2460 2038 narrata
2485 1980 2552 2038 in
2576 1980 2764 2038 mira-

510 2069 709 2128 culum
740 2069 921 2128 auxit.
966 2065 1117 2138 Quid
1132 2062 1164 2126 ἲ
1192 2065 1353 2147 quod
1378 2068 1501 2146 ipse
1516 2085 1707 2128 sermo
1729 2065 2040 2128 hominum
2065 2065 2302 2126 rudium
2319 2065 2545 2124 nullam
2563 2066 2761 2140 aliam,

508 2155 623 2213 nisi
662 2154 735 2212 ab
772 2155 1077 2212 oculomm
1116 2171 1287 2212 sensu
1312 2154 1585 2232 petitam,
1639 2155 1892 2234 speciem
1933 2152 2180 2213 deorum
2204 2150 2509 2211 admittere
2535 2151 2762 2231 potuit3

510 2237 789 2320 quodque
828 2240 895 2297 iu
940 2239 1243 2317 vulgarem
1282 2240 1652 2320 loquentium
1701 2259 1876 2298 usum
1917 2259 2265 2299 conversum
2310 2235 2426 2297 hoc
2468 2237 2580 2296 fuit
2595 2281 2612 2312 ,
2671 2248 2758 2312 ut,

510 2322 789 2406 quicquid
830 2325 1085 2383 evenisse
1128 2322 1318 2383 dicere
1360 2325 1603 2398 vellent,
1645 2341 1682 2382 a
1708 2322 1820 2384 deo
1854 2325 2075 2384 factum
2101 2335 2160 2383 et
2185 2335 2486 2405 peractum
2514 2343 2638 2382 esse
2665 2321 2762 2382 di·

510 2419 740 2469 cerent:
784 2408 945 2490 quod
970 2411 1193 2468 nemini
1216 2428 1341 2468 nou
1367 2412 1431 2468 in
1458 2410 1700 2468 Homeri
1723 2411 1972 2470 lectione
1999 2411 2094 2470 vel
2119 2429 2444 2492 paucorum
2481 2429 2764 2468 versuum

511 2513 811 2555 occurrere
838 2493 1059 2555 debuit.
1142 2494 1301 2555 Nihil
1342 2496 1407 2557 in
1449 2493 1540 2555 his
1581 2515 1704 2556 esse
1747 2495 1919 2557 video
1934 2542 1950 2573 ,
1992 2493 2153 2579 quod
2187 2498 2408 2557 mirum
2434 2493 2621 2557 videri
2648 2494 2760 2556 de-

506 2583 645 2640 beat
658 2625 675 2655 ,
719 2581 1016 2663 quomodo
1054 2582 1120 2641 in
1161 2578 1471 2643 hominum
1514 2584 1738 2643 animos
1777 2585 2030 2657 venerit3
2080 2580 2185 2643 sed
2232 2583 2520 2665 probabili
2559 2582 2760 2665 aliquo

506 2666 725 2727 iudicio
766 2664 1041 2727 humanis
1080 2668 1327 2747 ingeniis
1369 2666 1616 2727 insidere
1645 2688 1716 2726 ea
1743 2670 1940 2748 opinio
1967 2667 2186 2751 ubique
2213 2680 2272 2729 et
2300 2669 2464 2727 omni
2489 2679 2760 2748 tempore

508 2750 711 2813 debuit
726 2796 744 2828 ,
796 2764 859 2812 et
898 2752 1091 2812 adhuc
1116 2752 1329 2813 insidet
1355 2756 1608 2813 barbaris
1634 2756 1895 2835 populis,
1925 2765 2213 2837 quotquot
2253 2753 2486 2815 divinae
2513 2764 2760 2825 naturae

508 2838 699 2897 forma
740 2836 1001 2899 humana
1038 2841 1263 2899 animos
1300 2837 1520 2899 habent
1547 2840 1800 2900 imbutos
1816 2884 1833 2915 ,
1883 2838 2062 2899 modo
2091 2860 2215 2901 nou
2243 2842 2318 2899 ab
2347 2840 2512 2901 omni
2539 2836 2760 2899 huma·

506 2925 703 2983 nitatis
730 2926 893 2983 cultu
918 2925 1093 2983 alieni
1120 2928 1265 3000 sint,
1312 2936 1413 2983 aut
1436 2944 1543 3005 per
1587 2922 1968 3007 hieroglypha
2009 2924 2084 2984 ad
2127 2926 2514 2987 animantium
2537 2926 2758 2987 sumas

506 3006 772 3069 divinam
796 3012 1053 3091 speciem
1080 3010 1431 3085 revocas-inu
1474 3012 1702 3069 Horum
1731 3014 1890 3069 enim
1905 3056 1924 3085 ,
1967 3020 2034 3071 ut
2071 3012 2216 3070 olim
2241 3013 2668 3093 Aegyptiorum
2695 3022 2758 3071 et

504 3114 667 3154 nunc
692 3094 977 3155 Indorum
1000 3098 1294 3155 mentibus
1312 3138 1329 3168 ‚
1376 3114 1530 3175 quae
1554 3094 1958 3177 phantasmata
1984 3115 2052 3156 ac
2079 3099 2302 3177 species
2333 3100 2448 3157 sint
2473 3098 2752 3172 obiectae,

508 3180 734 3262 quoties
772 3178 913 3240 deos
956 3182 1243 3260 cogitant,
1298 3180 1467 3239 facile
1511 3182 1648 3241 licet
1697 3184 1956 3265 assequi3
2009 3184 2228 3243 scilicet
2267 3202 2392 3243 nou
2433 3202 2602 3263 posse
2629 3198 2754 3243 esse

506 3266 647 3325 alias
688 3284 871 3347 quam
912 3266 1063 3345 ipsas
1106 3268 1233 3327 illas
1267 3266 1483 3325 formas
1498 3310 1518 3341 ,
1575 3286 1718 3349 quas
1753 3270 1817 3327 in
1863 3269 2094 3347 templis
2123 3288 2418 3351 exp-casas
2449 3268 2752 3329 viderant:

507 3369 627 3433 quo
656 3351 781 3431 ipso
810 3370 1043 3420 necesse
1070 3362 1185 3425 est,
1234 3353 1544 3411 innumera
1581 3354 1652 3412 iis
1679 3354 1792 3413 alia
1830 3373 1867 3412 a
1891 3365 2088 3413 nostro
2117 3354 2474 3436 percipiendi
2501 3365 2562 3414 et
2587 3355 2755 3433 cogi·-

504 3433 669 3495 tandi
694 3455 862 3495 more
890 3432 1115 3495 diversa
1142 3447 1203 3495 et
1228 3437 1419 3497 aliena
1446 3456 1748 3497 occurrere
1763 3482 1780 3513 ‚
1823 3436 1900 3497 de
1939 3440 2150 3521 quibus
2187 3460 2296 3500 nos
2331 3440 2490 3501 male
2519 3460 2588 3498 ac
2613 3458 2753 3519 per—

504 3536 711 3601 peram
748 3519 1108 3597 indicamus,
1148 3541 1291 3581 cum
1330 3520 1566 3583 easdem
1593 3526 1860 3583 notiones
1887 3544 2084 3585 rerum
2123 3528 2320 3587 animo
2345 3546 2470 3586 non
2497 3528 2752 3585 circm-

504 3606 765 3665 ferimus.
847 3607 1055 3665 Graeci
1082 3616 1281 3667 autem
1306 3618 1526 3669 veteres
1563 3611 1751 3669 multo
1789 3612 1978 3689 magis
2002 3612 2285 3691 proclives
2331 3610 2407 3671 ad
2451 3631 2584 3671 eam
2619 3612 2752 3691 opi-

508 3692 751 3749 nionem
766 3733 784 3765 ,
828 3702 897 3749 ut
923 3690 1063 3751 deos
1088 3695 1281 3773 specie
1308 3692 1570 3753 humana
1597 3714 1719 3753 esse
1747 3694 2078 3771 crederent,
2122 3696 2588 3777 amplectendam
2627 3716 2750 3757 esse

374 3817 385 3825 -
507 3771 793 3850 debuere,
836 3774 1315 3859 qnandoquidem
1340 3780 1411 3838 iis
1438 3778 1552 3839 hoc
1579 3791 1884 3862 tamquam
1908 3783 2208 3863 proprium
2237 3784 2507 3842 tribuitur
2535 3782 2608 3841 ab
2625 3783 2750 3840 He-

506 3856 713 3919 rodoto
732 3862 787 3935 1,
818 3866 937 3927 131
985 3858 1130 3937 τούς
1166 3859 1357 3937 &eosic
1392 3857 1873 3947 ἀνθρωποφυεῖς
1911 3887 2034 3927 esse
2050 3913 2067 3942 ,
2111 3888 2291 3951 quem
2327 3870 2529 3927 locum
2573 3887 2750 3927 accu-

506 3954 628 4089 ἓξ
654 3948 1198 4093 ‹slxnpgtsiuiag-uper
1222 3949 1472 4095 vidxirmus
1500 3952 2054 4098 abrdbb.¹1³'ou‹xtlier
2077 3956 2144 4013 in
2164 3955 2366 4057 ‘Il-um.
2395 3952 2749 4099 degn-{magn

504 4116 687 4175 aflinni
715 4114 964 4177 deducta
990 4139 1096 4199 per
1120 4138 1287 4223 signa
1316 4057 1564 4181 degam
1589 4056 1828 4183 iffi
1873 4059 1934 4183 Ξ
1974 4052 2458 4201 ἑῖοῖῗὶεωὲδῖιξιῗ
2493 4060 2749 4206 οωιιιφιο

506 4201 579 4261 ab
608 4198 816 4261 eadem
854 4205 1129 4283 opinione
1169 4224 1412 4265 suorum
1450 4227 1694 4287 operum
1721 4220 2038 4291 protypum
2063 4228 2152 4269 ars
2189 4214 2528 4291 accepisset,
2571 4228 2749 4269 mox·-

504 4305 621 4367 que
648 4284 817 4347 docte
844 4290 1188 4351 elaborasset
1202 4335 1219 4367 ,
1280 4290 1528 4353 deorum
1551 4295 1769 4374 species
1797 4294 1875 4355 ad
1899 4314 2168 4355 summae
2193 4297 2434 4357 alicuius
2463 4296 2750 4375 pulcritu-

504 4370 657 4432 dinis
694 4374 948 4453 speciem
978 4387 1063 4436 est
1088 4375 1431 4439 adumbrata
1446 4422 1467 4455 ,
1509 4390 1670 4439 certo
1713 4382 1914 4443 aetatis
1943 4390 2003 4441 et
2041 4378 2388 4443 characteris
2419 4380 2749 4443 discrimine
