3009 5050
556 433 702 504 116

1023 424 1108 496 P.
1157 419 1683 496 VIRGIIJII
1733 415 2295 494 MARONIS

555 609 904 691 Virbius:
955 605 1344 702 insignem
1375 627 1621 706 quem
1650 616 1906 680 mater
1932 602 2183 680 Aricia
2220 601 2455 697 misit,
2574 633 2583 641 ·
2670 634 2679 660 ι

553 712 953 791 Eductum
981 708 1308 807 Egeriae
1341 705 1533 784 lueis
1550 767 1572 804 ,
1624 706 2037 784 bumentia
2064 706 2356 782 circum

693 939 800 994 762
837 937 1069 993 Verbiue
1093 946 1151 990 et
1175 935 1370 990 Areeia
1389 935 1554 994 Rom..
1590 949 1654 983 ex
1679 947 1827 984 more
1855 941 2087 985 veterum
2112 933 2500 1002 pronuntiandi.
2534 934 2795 1002 (γει-δίκε

561 1005 664 1059 erit
691 1008 916 1061 fortasse
942 1008 1032 1078 qui
1054 1016 1286 1070 tueatur,
1337 1001 1383 1053 si
1419 1018 1595 1052 verum
1621 1011 1704 1052 est
1720 1037 1736 1061 ‚
1787 1000 1929 1070 quod
1964 1003 2253 1056 Bnttmann.
2297 1003 2594 1073 mytholog.
2632 1007 2697 1056 T.
2728 1005 2794 1065 Π.

560 1093 612 1144 p.
639 1076 753 1131 152.
783 1075 1083 1142 contendit,
1114 1091 1256 1126 voce.
1285 1069 1480 1136 herba,
1528 1068 1791 1132 verbena,
1851 1068 2101 1137 Virbius,
2152 1073 2383 1124 eiusdem
2410 1074 2604 1125 radicis
2644 1091 2791 1136 esse5

561 1143 664 1196 vid.
696 1145 852 1198 etiam
879 1145 1016 1198 infra
1041 1163 1118 1196 vs.
1143 1145 1266 1199 777.
1299 1143 1378 1195 W
1378 1142 1445 1204 r.)
1491 1141 1659 1192 Atria
1686 1137 1845 1192 Goth.
1875 1155 1954 1209 pr.
1988 1143 2184 1195 Ariola
2210 1142 2453 1194 Parrhas-
2530 1142 2635 1198 763
2665 1145 2790 1211 Hy-

558 1216 746 1265 mettia
785 1216 851 1266 ab
893 1211 1137 1276 Heinsio,
1185 1210 1276 1282 qui
1313 1222 1484 1264 tamen
1520 1207 1635 1279 ipsc
1666 1207 1957 1277 improbat,
2017 1219 2073 1261 et
2111 1211 2176 1264 ab
2226 1213 2513 1263 Boi-manno
2556 1211 2791 1265 relictum

559 1281 745 1337 miror:
787 1297 905 1334 uam
940 1281 1278 1350 Cuningham.
1330 1286 1457 1348 post
1499 1279 1755 1336 unacum,
1819 1277 2121 1342 Cati-ocum,
2182 1279 2468 1351 Trappium
2513 1281 2793 1333 humentia

556 1358 702 1403 recte
741 1352 977 1407 retraxit.
1059 1348 1266 1403 Monuit
1305 1363 1511 1418 quoquc
1548 1348 1624 1398 Io.
1656 1345 1930 1399 Schrader.
1966 1349 2258 1402 Emendatt.
2298 1368 2353 1420 p.
2394 1349 2447 1405 8.
2514 1350 2619 1403 Sed
2659 1351 2791 1404 reti-

557 1547 700 1586 nore
743 1523 992 1584 habitus.
1077 1525 1438 1596 Arcebantur
1480 1523 1636 1580 anti-

561 1631 678 1692 qua
705 1613 984 1689 religione
1027 1612 1100 1668 ab
1145 1607 1260 1668 hoo
1303 1610 1433 1667 loco
1478 1609 1635 1688 equi.

558 1694 703 1754 Inde
729 1697 948 1754 factum
974 1694 1202 1754 videtur
1215 1738 1233 1767 ‚
1272 1704 1337 1750 ut
1371 1693 1657 1762 virbium,

563 1782 659 1838 alii
698 1782 1078 1860 Hippolytum
1095 1789 1128 1855 ,'
1162 1777 1377 1837 Thesei
1416 1780 1488 1853 f.‚
1538 1780 1636 1836 in-

560 1876 1006 1944 terpretarentur
1057 1884 1092 1922 a
1147 1863 1438 1946 quadrigis
1484 1863 1637 1922 dila-

560 1953 815 2024 niatum,
857 1951 1185 2028 Aesculapii
1225 1959 1420 2008 autem
1462 1969 1635 2029 opera

562 2055 597 2093 a
639 2037 824 2094 Diana
862 2056 941 2093 ex
984 2035 1178 2092 inferis
1223 2033 1533 2093 reductum
1579 2045 1638 2093 et

562 2123 626 2178 in
652 2118 765 2179 hoc
791 2121 926 2180 luco
955 2121 1332 2178 collocatum:
1365 2121 1462 2178 cui
1489 2119 1635 2179 adeo

563 2207 700 2286 equi
753 2204 936 2263 odiosi
993 2225 1113 2263 esse
1171 2203 1472 2264 debebant.
1557 2207 1636 2264 At

561 2293 725 2348 Maro
754 2291 1054 2370 Hippolyti
1097 2291 1283 2347 filium
1323 2291 1459 2348 facit
1499 2290 1636 2349 vir-

564 2376 760 2448 bium,
805 2395 882 2432 ex
907 2376 1100 2432 Aricia
1136 2373 1399 2455 nympha
1439 2395 1637 2435 susce-

562 2471 732 2541 ptum
760 2471 817 2517 et
858 2462 921 2516 in
956 2461 1202 2539 Egeriae
1243 2461 1375 2519 luco
1419 2458 1494 2519 ad
1536 2481 1639 2519 ur·-

562 2547 702 2604 bem
736 2545 994 2603 Ariciam
1034 2545 1362 2605 educatum.
1415 2544 1535 2605 vid.
1575 2550 1640 2605 in

565 2630 774 2688 eodem
830 2632 1074 2689 Excurs.
1131 2632 1282 2690 vm.
1369 2631 1466 2707 (In
1526 2630 1637 2691 hac

565 2716 786 2793 Virgilii
809 2718 1135 2774 narratione
1161 2715 1306 2775 illud
1346 2737 1452 2799 per
1491 2716 1638 2776 mihi

560 2819 789 2881 semper
813 2804 1031 2859 mirum
1071 2812 1158 2861 est
1196 2803 1417 2878 visum,
1477 2803 1637 2885 quod

555 2887 936 2965 cognomines
993 2898 1126 2945 sunt
1175 2898 1341 2966 pater
1390 2900 1448 2947 et
1485 2892 1636 2949 filius

559 2982 760 3030 oontra
795 2992 1028 3029 morem
1067 2975 1196 3029 aevi
1237 2976 1636 3053 antiquissimi.

560 3056 956 3127 Quamobrem
983 3056 1104 3114 sive
1133 3056 1206 3113 ab
1233 3058 1357 3135 ipso
1377 3059 1635 3135 virgilie,

560 3141 682 3201 aive
709 3140 783 3198 ab
813 3140 936 3197 aliis
977 3152 1112 3199 ante
1154 3160 1292 3199 eum
1327 3152 1450 3201 tota
1493 3142 1636 3203 haec

562 3243 652 3281 res
709 3224 1046 3287 conturbata
1103 3244 1224 3285 esse
1241 3270 1258 3301 ,
1318 3229 1637 3311 erron‘sque

563 3326 734 3366 causa
771 3305 916 3365 illud
953 3310 1146 3387 ipsum
1198 3310 1420 3371 Aricia
1467 3336 1531 3371 m
1544 3336 1635 3372 a-

565 3400 721 3463 ter,
755 3411 788 3448 e
815 3403 1008 3451 vetere
1024 3436 1041 3467 ‚
1067 3406 1236 3474 puto,
1265 3399 1458 3481 aliquo
1487 3420 1635 3479 poe—

565 3486 624 3534 ta
699 3478 1007 3555 repetitum
1031 3520 1050 3551 ,
1132 3480 1304 3552 §fuisse
1387 3483 1633 3545 videtur.

563 3558 735 3631 Quod
775 3580 960 3642 quum
1001 3574 1186 3621 essent
1229 3568 1330 3645 qui
1382 3587 1504 3627 non
1557 3574 1637 3629 ita

564 3642 788 3705 dietum
811 3647 1223 3725 intelligerent,
1265 3662 1330 3708 ut
1367 3654 1517 3712 infra
1558 3658 1635 3731 X,

570 3732 710 3794 172.
753 3730 1098 3809 Populonia
1163 3745 1354 3793 nmtar·
1367 3779 1392 3808 ,
1481 3741 1523 3798 i.
1583 3760 1637 3801 e.

563 3816 848 3892 patria,
889 3818 1189 3899 Hippolyti
1227 3832 1423 3880 autem
1459 3827 1639 3885 aliam

631 3898 646 3914 ⁰
705 3918 738 3956 e
777 3912 1026 3959 matrem
1063 3907 1488 3985 meminissent,
1548 3914 1639 3969 al-

563 3992 755 4041 terum
777 3985 1073 4047 finxerunt
1112 3990 1373 4050 virbium
1389 4038 1405 4068 ,
1449 3996 1638 4055 filium

565 4068 864 4149 Hippolyti
901 4073 1005 4131 sub
1047 4075 1230 4134 virbii
1279 4081 1518 4139 nomine
1562 4081 1636 4141 ad

513 4223 518 4229 ·
563 4172 799 4232 superos
857 4155 1096 4218 reducti.
1213 4162 1321 4221 cni
1376 4168 1637 4245 opinioni

563 4238 816 4297 multum
852 4242 1071 4302 accedit
1109 4244 1248 4307 fidei
1301 4268 1378 4308 ex
1415 4250 1637 4311 scholio

565 4322 785 4400 Servii,
815 4328 914 4406 qui
943 4338 1001 4387 et
1025 4328 1138 4389 hoc
1167 4334 1331 4410 loce,
1367 4346 1426 4393 et
1451 4336 1528 4395 ad
1555 4340 1635 4414 X,

574 4410 710 4471 172·
761 4410 1019 4473 Ariciam
1081 4416 1478 4481 civitatem
1538 4424 1635 4481 iu-

1716 1524 1937 1602 telligit,
1968 1522 2127 1584 haud
2156 1524 2331 1586 dubie
2358 1535 2635 1602 auctores,
2671 1528 2796 1585 for-

1716 1619 1863 1667 tasse
1916 1611 2049 1670 satis
2106 1613 2420 1692 locupletes
2452 1658 2468 1687 ,
2542 1623 2792 1674 secums.

1726 1693 1902 1772 Wr.)
1964 1695 2339 1772 pulcerrima
2368 1698 2521 1756 hello
2544 1703 2796 1777 iungunt

1717 1781 1964 1860 interpp.
2034 1784 2192 1861 Ergo
2224 1786 2328 1841 erit
2343 1831 2357 1858 ,
2386 1787 2643 1864 insignis,
2672 1785 2797 1842 cla-

1719 1885 1810 1939 ra,
1841 1869 2180 1945 conspicua,
2225 1889 2301 1927 ex
2328 1865 2527 1944 καλός.
2612 1873 2797 1930 Prae-

1718 1960 1829 2008 stat
1868 1950 2015 2008 forte
2030 1995 2047 2026 ,
2114 1951 2244 2010 ibat
2286 1953 2437 2012 bello
2453 1998 2478 2026 ,
2550 1956 2625 2016 ad
2666 1958 2798 2016 bel-

1716 2037 1873 2110 lu1n3
1914 2039 2101 2096 multo
2140 2048 2337 2098 tamen
2376 2043 2562 2120 magis
2590 2045 2798 2102 malim
2917 2072 2924 2079 ·

1716 2123 1957 2200 iungere
2012 2125 2180 2182 tertio
2241 2128 2370 2185 loco
2428 2125 2580 2184 bello
2644 2131 2799 2188 imi-

1711 2227 1897 2285 gnem
1916 2230 1933 2264 :
1976 2229 2055 2267 ne
2083 2211 2382 2290 insignem
2420 2212 2651 2293 nudum
2690 2215 2799 2272 fri-

1712 2304 1869 2371 geat.
1928 2293 2099 2370 (dura
2156 2307 2243 2356 est
2302 2297 2448 2356 haec
2470 2343 2487 2374 ,
2544 2298 2801 2359 insolens

1720 2381 1897 2436 etiam
1937 2399 2003 2438 ac
2046 2399 2199 2440 nova
2224 2427 2239 2456 ‚
2308 2385 2473 2442 ratio.
2556 2385 2801 2446 Nudum

1718 2465 1953 2543 ponitur
1992 2465 2249 2547 insignis
2292 2471 2467 2529 etiam
2506 2471 2671 2549 alibi,
2729 2483 2799 2533 ut

1720 2551 1975 2627 insignis
2011 2550 2309 2628 pharetra
2330 2598 2353 2625 ,
2425 2557 2613 2635 galea
2626 2601 2652 2629 ,
2722 2561 2797 2633 V,

1720 2638 1863 2699 367.
1892 2636 2043 2707 Vm,
2078 2643 2250 2713 166.;
2296 2661 2653 2723 quamquam
2682 2642 2799 2704 hoc

1718 2739 1837 2777 non
1864 2741 2095 2799 prorsus
2125 2724 2334 2784 eodem
2360 2726 2537 2787 modo
2568 2728 2801 2806 dicitur,

1720 2824 1837 2885 quo
1868 2808 2125 2887 insigms
2164 2808 2429 2870 Virbius.
2522 2816 2677 2874 Sunt
2703 2828 2803 2875 ta-

1716 2892 1794 2949 lia
1822 2910 1929 2968 pro
1952 2896 2235 2974 cuiusque
2281 2901 2551 2959 orationis
2591 2899 2804 2962 habitu

1716 2977 2165 3055 interpretanda.
2240 2984 2443 3063 Itaque
2472 2985 2548 3045 ad
2576 2988 2803 3047 bellum

1720 3080 1905 3141 quum
1933 3074 2025 3121 eat
2053 3066 2277 3125 Virbius
2293 3112 2309 3141 ,
2356 3071 2646 3150 insignem
2676 3094 2804 3133 etse

1719 3164 2016 3205 armorum
2038 3153 2226 3229 specie
2246 3157 2595 3231 putabimus.
2614 3158 2723 3217 W
2706 3161 2804 3240 r.)

1718 3229 1978 3308 Egeriae
2018 3235 2147 3295 fons
2200 3249 2259 3297 et
2298 3237 2475 3299 lucu-⁵·
2490 3286 2510 3312 ‚
2568 3245 2631 3301 in
2676 3266 2805 3325 quo

1718 3314 1991 3376 educatus
2018 3321 2128 3379 fuit
2152 3324 2379 3384 Virbius
2392 3370 2409 3399 ,
2439 3328 2515 3387 ad
2538 3330 2807 3389 Ariciam

1718 3412 1841 3477 est3
1900 3404 2043 3463 alius
2088 3409 2265 3487 vulgo
2308 3424 2572 3473 narratur
2610 3436 2807 3496 prope

1718 3488 1970 3547 Romam
2038 3490 2114 3549 ad
2176 3506 2407 3573 portam
2476 3500 2807 3580 Capenam.

1714 3572 1998 3631 Fabulam
2024 3580 2253 3659 utrique
2274 3602 2653 3645 communem
2676 3608 2809 3647 esse

1718 3655 1793 3715 de
1820 3661 2047 3719 Numae
2074 3684 2213 3722 cum
2226 3668 2437 3745 Egeria
2464 3690 2805 3751 congressu,

1717 3738 1955 3820 putabat
1982 3748 2028 3804 is
2046 3792 2062 3820 ,
2110 3752 2211 3829 qui
2256 3752 2563 3833 diligenter
2604 3756 2683 3816 de
2724 3778 2807 3817 eo

1720 3830 1869 3905 egit,
1916 3831 2144 3892 Cluver.
2202 3856 2262 3915 p.
2316 3844 2462 3905 931.
2516 3844 2645 3909 932
2685 3864 2806 3926 sq„

1713 3912 1820 3971 sed
1845 3916 2071 3976 Ariciae
2096 3940 2304 3982 nemus
2334 3936 2391 3983 et
2416 3926 2641 3986 fontem
2676 3949 2811 3988 esse

1712 4000 1959 4077 Egeriae
1996 4002 2239 4065 domum
2252 4053 2268 4082 ,
2326 4022 2559 4069 antrum
2594 4026 2811 4072 autem

1719 4084 2082 4164 Capenarum
2134 4093 2241 4150 sub
2288 4096 2580 4156 Aventino
2619 4100 2812 4159 fuisse

1716 4171 1916 4230 locum
1970 4194 2305 4253 congressus
2372 4201 2511 4239 cum
2578 4186 2812 4263 Numa,

1718 4257 2000 4316 subtiliter
2019 4259 2217 4321 docuit
2236 4264 2629 4329 Holdsworth.
2644 4273 2816 4332 Dias.

1716 4342 1814 4400 IV.
1898 4344 2013 4401 Pro
2077 4348 2323 4425 Egeriae
2380 4352 2541 4411 fonte
2602 4368 2818 4418 nostra

1718 4436 1903 4487 aetate
1930 4431 2107 4490 etiam
2146 4436 2345 4495 tertius
2382 4438 2545 4499 locus
2584 4442 2819 4505 vendi-
