3009 5050
96 2411 98 2484 {
199 2441 483 2500 nuntiate.

533 385 1156 468 AENEmos
1211 387 1426 466 LIB.
1465 391 1675 488 VIII,
1726 399 2161 470 115--130

2310 403 2455 473 195

205 574 700 676 Adloquere‚
767 597 856 651 ac
912 575 1204 652 nostris
1228 615 1237 624 ·
1261 575 1636 658 succede.
1655 576 2075 676 penatibus
2139 577 2452 680 hospes,

204 679 682 780 Excepitque
735 703 1016 776 manu,
1075 677 1594 778 dextramque
1638 679 2042 780 amplexus
2088 681 2450 762 inhaesit.

205 783 601 880 Progressi
636 783 984 860 subeunt
1019 782 1227 880 luco,
1256 780 1755 883 fluviumque
1782 782 2261 884 relinquunt.
2308 797 2450 864 125

308 889 520 961 Tum
547 907 824 982 regem
851 891 1166 962 Aeneas
1195 884 1422 962 dictis
1449 883 1765 960 adfatur
1798 887 2099 965 amicis:

207 991 560 1090 Optume
595 989 1174 1087 Graiugenum,
1231 990 1354 1064 cui
1386 1011 1525 1064 me
1552 993 1903 1065 Fortuna
1926 991 2258 1090 precari,

202 1096 304 1168 Et
333 1092 520 1168 vitta
563 1105 874 1168 comtos
903 1093 1160 1169 voluit
1185 1091 1715 1195 praetendere
1742 1117 2046 1186 ramos3

204 1201 383 1276 Non
439 1195 822 1297 equidem
875 1197 1238 1296 extimui,
1290 1201 1653 1274 Danaum
1708 1195 1931 1298 quod
1976 1195 2263 1272 ductor
2282 1257 2302 1292 ‚
2372 1209 2453 1274 et

207 1400 610 1504 Quodque
664 1402 764 1478 ab
803 1403 1050 1504 stirpe
1092 1399 1312 1478 sores
1361 1399 1699 1501 geminis
1744 1400 2217 1478 coniunctus
2244 1400 2452 1478 Atri-
2572 1455 2585 1476 .

1368 1303 1632 1396 Arcas,
2162 1359 2173 1370 .

1371 1505 1491 1583 dis
1510 1537 1543 1601 3·
2306 1514 2453 1584 130

344 1675 576 1730 aalma
595 1675 826 1741 Gud.,sc.
850 1675 954 1744 via,
985 1658 1184 1747 inepte.
1223 1678 1331 1746 (et
1361 1680 1574 1733 nostrie
1594 1689 1673 1730 est
1702 1676 1851 1746 prior
1873 1676 2032 1728 lectio
2066 1675 2261 1730 Medio.
2306 1678 2451 1748 Wr.)

209 1745 310 1798 124
331 1748 559 1817 Excepit
589 1747 768 1798 Heins-
794 1764 908 1799 enrn
950 1748 1087 1800 Pier.
1115 1765 1144 1798 e
1184 1747 1336 1814 libb„
1387 1747 1478 1802 alii
1514 1750 1587 1818 (in
1617 1747 1802 1817 quibus
1828 1747 1995 1800 Palat-
2050 1747 2195 1816 Wr.)
2231 1747 2452 1820 accepit.

206 1816 534 1886 Excepitque
561 1835 778 1868 manum
803 1819 886 1868 Hu
927 1831 1012 1872 en.
1075 1821 1427 1900 Eat-ceptoque
1459 1837 1626 1870 manu
1656 1835 1735 1886 pr.
1767 1815 1953 1868 Hamb.
2023 1835 2188 1869 manu
2224 1818 2454 1870 dextra·-

205 1901 311 1953 que
335 1884 536 1951 aliquot
565 1885 700 1937 Pier.
737 1899 852 1938 cum
913 1885 1051 1939 chol.
1079 1887 1232 1939 Statii
1257 1889 1282 1937 I
1328 1887 1498 1941 Theb.
1532 1887 1665 1950 4703
1712 1886 1788 1938 sic
1827 1884 1929 1938 erit
1966 1886 2165 1938 dextra
2200 1887 2455 1938 inhaesit.

205 1953 275 2004 cf.
302 1955 578 2006 Burmann.
645 1955 916 2026 implexus
950 1955 1040 2010 alii
1087 1959 1260 2009 Burm.

1401 1958 1499 2010 125
1539 1957 1719 2008 lucum
1746 1957 1932 2008 Franc-
1988 1957 2279 2026 fluvioque
2316 1955 2454 2006 Gud.

205 2041 235 2074 a
259 2041 324 2074 m.
351 2040 431 2091 pr.
539 2025 638 2078 127
665 2027 874 2096 Optime
898 2026 1074 2095 vulgg.
1101 2038 1220 2077 ante
1252 2026 1436 2078 Heius.
1503 2027 1564 2080 iu
1598 2027 1689 2076 cui
1718 2027 1943 2098 precari
1976 2024 2297 2094 antiquitatis
2337 2034 2455 2076 stu-

205 2091 344 2144 dium
370 2091 652 2146 declaravit
677 2105 858 2164 poeta,
892 2095 1080 2148 saltem
1121 2095 1430 2166 exquisitam
1459 2094 1755 2147 orationem
1797 2094 2043 2162 captavit.

202 2161 309 2211 duo
333 2161 507 2215 Burin.
577 2176 776 2216 exutus
817 2181 920 2218 sec.
965 2165 1157 2218 Mox-et.
1227 2179 1386 2218 arces
1425 2166 1578 2218 Rom.

96 2263 98 2274 .
201 2229 393 2281 Medio.
435 2232 515 2296 (et
537 2233 755 2283 Mentel.
782 2233 874 2286 alt.
903 2252 934 2286 a
957 2253 1027 2285 m.
1053 2253 1134 2304 pr.
1165 2244 1216 2286 et
1248 2234 1367 2286 cod.
1399 2234 1545 2285 Gud.
1572 2233 1810 2286 Arusiani
1836 2249 1889 2300 p.
1916 2233 2035 2287 221.
2070 2233 2155 2282 ed·
2185 2231 2455 2299 liudem-3

2149 2093 2249 2146 129
2296 2095 2457 2145 timui

1732 2163 1833 2218 130
1879 2159 1948 2214 ab
1993 2165 2166 2233 stirpe
2202 2161 2379 2214 fleins.
2422 2179 2455 2215 e

201 2298 309 2350 vid.
340 2301 404 2363 Q.
429 2301 497 2356 V.
521 2301 564 2366 1,
601 2303 680 2366 1.;
717 2302 878 2373 soret
911 2301 1050 2356 male
1081 2304 1224 2356 idem
1249 2303 1368 2358 eod.
1401 2303 1539 2356 Gnd.
1576 2308 1725 2356 arus.
1763 2301 1905 2369 Wr.)
1977 2299 2153 2369 Vulgo
2184 2319 2221 2352 a
2265 2303 2454 2374 stirpe.

597 2442 740 2506 124.
805 2442 1285 2527 (Excepitque,

202 2523 324 2583 vid.
383 2526 454 2597 Q.
509 2526 581 2585 V.
643 2530 894 2605 XXXV,
967 2536 1028 2594 6.
1107 2532 1286 2611 W'r.)

203 2609 594 2689 dextramque
641 2614 958 2689 amplexus
1003 2612 1286 2686 inhaesit,

199 2714 312 2775 pro
328 2738 344 2769 ,
387 2696 656 2755 dextram
681 2700 982 2777 amplexus
1013 2711 1098 2759 est
1125 2703 1292 2779 eique

199 2778 476 2855 inhaesit,
538 2782 643 2863 (ex
681 2784 1028 2844 Homerico:
1095 2782 1164 2846 ἔν
1218 2778 1286 2847 τ’

203 2863 328 2947 ἄρα
355 2867 421 2929 οἱ
443 2870 538 2944 φῦ
565 2867 744 2948 χειρὶ)
777 2881 836 2927 et
861 2868 978 2927 hoe
1005 2890 1114 2950 pro
1141 2870 1287 2929 sim-

199 2954 374 3033 plici:
429 2969 678 3011 manum
717 2952 1045 3034 pnehendit.
1130 2954 1290 3015 Nihil

199 3058 300 3183 2¹1¹
301 3039 1289 3187 ἓᾞίἀιιᾙᾚῖοήἑίἷᾟῖῗὲ

201 3230 308 3269 eae
335 3214 573 3271 rationis
593 3214 660 3269 in
685 3214 882 3271 multis
921 3230 1130 3292 parum
1157 3234 1290 3273 me·-

199 3314 369 3355 mor:
424 3297 696 3355 dextram
735 3297 1052 3377 amplexus
1088 3310 1150 3358 et
1189 3301 1290 3357 in-

199 3382 402 3439 haesit
423 3403 504 3441 sc.
534 3386 762 3447 cervice
785 3386 882 3445 vel
921 3386 1034 3443 alia
1078 3404 1290 3465 eorpo-

201 3469 278 3526 ris
306 3478 490 3549 parte.

291 3558 436 3619 128.
479 3565 700 3614 comtos
713 3596 740 3625 ,
795 3556 988 3635 simpl.
1037 3574 1144 3635 pro
1188 3574 1288 3615 or·-

201 3650 394 3699 natos.
477 3642 691 3721 Ineptit
735 3640 904 3699 Serv.
957 3651 1014 3701 et
1061 3644 1126 3699 in
1171 3638 1286 3701 hoc

100 3750 102 3757 =
201 3735 264 3783 et
318 3727 386 3783 in
439 3743 637 3786 caussa
701 3729 1040 3807 origineque
1089 3726 1282 3805 Enem-

100 4138 108 4281 —v-*-
100 4074 106 4109 ἡ
99 3984 106 4025 ..-
99 3900 102 3933 .-

199 3810 344 3891 qtae
357 3854 376 3885 ,
417 3830 569 3891 quae
595 3810 715 3877 hoe
737 3830 910 3871 versu
937 3811 1287 3890 designatur,

198 3894 574 3975 exponenda.
657 3898 804 3955 Mira
831 3899 1292 3957 comminiscun—

197 3992 300 4041 tur
329 3992 390 4039 et
419 3982 548 4039 alii:
592 3994 659 4041 ut
682 3982 1016 4043 Paschalius
1065 3980 1139 4043 de
1185 4002 1292 4043 oo-

194 4069 396 4141 mnis,
444 4067 544 4140 VI,
594 4072 692 4131 17.
776 4068 834 4125 A
887 4070 1168 4146 religione
1209 4071 1294 4127 ri-

195 4164 336 4213 tum
365 4151 610 4211 ductum
653 4172 772 4211 esse
814 4154 1193 4213 manifestum
1225 4154 1294 4211 fit

193 4260 234 4297 e
262 4240 426 4299 vittis
454 4257 560 4297 seu
593 4237 792 4297 infulis
827 4240 1010 4299 laneis
1023 4282 1042 4312 ‚
1085 4240 1294 4297 obvol-

191 4324 478 4388 ventibm
499 4342 734 4385 ramum
763 4326 1155 4405 oleagineum,
1183 4342 1294 4383 eu-

190 4413 464 4474 iustum
501 4418 630 4470 erat
668 4428 808 4470 eum
845 4413 908 4471 in
947 4412 1124 4473 saci-’u
1161 4420 1294 4469 tum

1369 2446 1432 2503 in
1447 2445 1785 2505 lustratione
1804 2451 1861 2502 et
1876 2443 2224 2522 expiatione.
2252 2441 2455 2503 Adeo-

1373 2552 1490 2613 que
1533 2532 1581 2589 is
1598 2576 1613 2604 ‚
1659 2532 1760 2611 qui
1800 2530 2191 2607 praeferebat,
2238 2528 2454 2610 ἱκέτης,

1371 2616 1621 2695 supplex
1664 2616 1849 2673 factus
1870 2658 1887 2687 ‚
1934 2626 2033 2673 aut
2082 2617 2301 2673 crimen
2346 2634 2455 2673 ex·-

1373 2704 1537 2779 piare
1562 2720 1623 2757 se
1651 2710 1711 2757 et
1736 2700 1969 2777 eulpam
1996 2698 2293 2777 deprecari
2304 2700 2457 2759 velle

1369 2786 1691 2865 symbolice
1734 2794 1791 2841 et
1836 2784 2101 2860 religiose
2162 2784 2455 2860 significa·-

1369 2871 1503 2943 bat,
1549 2879 1649 2925 aut
1675 2868 2009 2945 simpliciter
2050 2886 2157 2945 per
2198 2886 2357 2925 saera
2398 2880 2457 2927 et

1371 2954 1511 3015 deos
1537 2974 1601 3013 se
1627 2953 1947 3033 supplicare
1972 2963 2247 3013 testatum
2272 2953 2456 3011 faeie-

1367 3043 1488 3101 bat.
1574 3042 1726 3101 Hinc
1757 3040 1997 3098 omnino
2024 3037 2271 3097 foederis
2286 3083 2301 3112 ‚
2344 3057 2455 3117 pa-

1371 3130 1450 3185 eis
1495 3136 1555 3185 et
1592 3126 1897 3205 legationis
1914 3170 1929 3199 ‚
1974 3124 2307 3204 symbolum
2367 3134 2455 3183 est

1369 3212 1611 3271 factum.
1698 3210 2204 3291 („Simplicissima
2242 3210 2339 3269 via
2380 3209 2455 3271 ad

1369 3298 1531 3357 hune
1560 3301 1737 3356 ritum
1752 3294 2011 3355 rudiores
2030 3293 2294 3355 homines
2314 3312 2455 3373 per-

1369 3386 1597 3443 venisse
1655 3381 1956 3457 videntur,
2012 3400 2197 3463 quum
2211 3424 2229 3455 ,
2288 3400 2453 3440 ramo

1371 3486 1727 3551 quocunque
1783 3478 2009 3547 arrepto
2025 3512 2039 3541 ‚
2098 3470 2349 3525 inermes
2390 3488 2455 3525 se

1372 3574 1494 3615 esse
1515 3598 1532 3629 ‚
1574 3574 1687 3613 neo
1714 3552 2037 3637 quidquam
2074 3551 2281 3612 hostile
2320 3570 2453 3611 me-

1371 3640 1573 3715 ditari,
1614 3638 1758 3721 qnid
1774 3686 1791 3714 ‚
1834 3637 1994 3721 quod
2037 3640 2253 3697 auxilio
2294 3634 2454 3695 indi-

1371 3746 1510 3805 gere
1527 3772 1543 3801 ‚
1586 3744 1727 3805 prae
1765 3746 1827 3785 se
1872 3726 2106 3783 ferrent.
2190 3724 2293 3783 Sio
2334 3724 2451 3783 Iao.

1373 3810 1629 3871 Cookius
1644 3857 1659 3885 ,
1690 3814 1761 3869 R.
1790 3812 2085 3869 Forsterus
2114 3810 2325 3890 aliique
2352 3810 2453 3866 iti-

1371 3916 1584 3957 nerum
1610 3895 1687 3955 ad
1728 3906 1929 3974 gentes
1968 3894 2225 3953 rudiores
2266 3896 2453 3951 Ame-

1372 3986 1526 4042 rieae
1556 3994 1667 4041 eto.
1698 3980 2071 4061 descriptores
2100 3998 2225 4039 rem
2252 4000 2315 4037 se
2342 3978 2453 4037 ad-

1373 4068 1494 4129 hue
1522 4068 1737 4127 habere
1762 4065 2141 4126 tradiderunt.
2224 4066 2451 4142 Religio

1377 4154 1537 4233 apud
1590 4156 1841 4213 Graecos
1905 4153 2155 4211 aeoeoeit.
2170 4151 2209 4183 ‘⁴
2264 4148 2451 4207 Ruh-

1377 4240 1545 4319 kopf.
1564 4272 1651 4285 --
1655 4236 2053 4316 praetendere
2077 4254 2301 4303 ramos,
2332 4234 2451 4295 ἱκε-

1373 4324 1593 4405 τηρίαν
1620 4320 2056 4405 προβαλέσθαι.
2095 4320 2271 4393 lVr.)

1467 4415 1608 4491 130.
1658 4407 1739 4467 ab
1780 4409 1965 4485 stirpe
2004 4403 2265 4486 gum-im
2306 4418 2451 4459 oon-

1866 4506 2044 4578 18*
