<?xml version="1.0" encoding="UTF-8"?>
<!DOCTYPE html PUBLIC "-//W3C//DTD XHTML 1.0 Transitional//EN"
    "http://www.w3.org/TR/xhtml1/DTD/xhtml1-transitional.dtd">
<html xmlns="http://www.w3.org/1999/xhtml" xml:lang="en" lang="en">
 <head>
  <title>
</title>
<meta http-equiv="Content-Type" content="text/html;charset=utf-8" />
  <meta name='ocr-system' content='tesseract 3.04.00' />
  <meta name='ocr-capabilities' content='ocr_page ocr_carea ocr_par ocr_line ocrx_word'/>
</head>
<body>
  <div class='ocr_page' id='page_1' title='image "./pvblivsvirgiliv00unkngoog_0363.png"; bbox 0 0 3009 5050; ppageno 0'>
   <div class='ocr_carea' id='block_1_1' title="bbox 499 404 649 476">
    <p class='ocr_par' dir='ltr' id='par_1_1' title="bbox 499 404 649 476">
     <span class='ocr_line' id='line_1_1' title="bbox 499 404 649 476; baseline -0.027 0"><span class='ocrx_word' id='word_1_1' title='bbox 499 404 649 476; x_wconf 84' lang='lat'><strong>390</strong></span> 
     </span>
    </p>
   </div>
   <div class='ocr_carea' id='block_1_2' title="bbox 978 387 2261 468">
    <p class='ocr_par' dir='ltr' id='par_1_2' title="bbox 978 387 2261 468">
     <span class='ocr_line' id='line_1_2' title="bbox 978 387 2261 468; baseline -0.002 -2"><span class='ocrx_word' id='word_1_2' title='bbox 978 394 1063 467; x_wconf 88' lang='grc' dir='ltr'><strong>Ρ.</strong></span> <span class='ocrx_word' id='word_1_3' title='bbox 1116 389 1650 468; x_wconf 84' lang='lat' dir='ltr'>VIRGILII</span> <span class='ocrx_word' id='word_1_4' title='bbox 1701 387 2261 465; x_wconf 84' lang='lat' dir='ltr'><strong>MARONIS</strong></span> 
     </span>
    </p>
   </div>
   <div class='ocr_carea' id='block_1_3' title="bbox 496 573 2748 781">
    <p class='ocr_par' dir='ltr' id='par_1_3' title="bbox 496 573 2748 781">
     <span class='ocr_line' id='line_1_3' title="bbox 497 573 2367 681; baseline -0.005 -22"><span class='ocrx_word' id='word_1_5' title='bbox 497 588 861 681; x_wconf 84' lang='lat' dir='ltr'><strong>Desuper</strong></span> <span class='ocrx_word' id='word_1_6' title='bbox 886 577 1264 672; x_wconf 74' lang='lat' dir='ltr'><strong>Ausonias</strong></span> <span class='ocrx_word' id='word_1_7' title='bbox 1294 576 1498 652; x_wconf 81' lang='lat' dir='ltr'><strong>acies</strong></span> <span class='ocrx_word' id='word_1_8' title='bbox 1538 573 1994 675; x_wconf 83' lang='lat' dir='ltr'>urbemque</span> <span class='ocrx_word' id='word_1_9' title='bbox 2022 574 2367 669; x_wconf 67' lang='lat' dir='ltr'><strong>videbat,</strong></span> 
     </span>
     <span class='ocr_line' id='line_1_4' title="bbox 496 671 2748 781; baseline -0.002 -19"><span class='ocrx_word' id='word_1_10' title='bbox 496 686 730 763; x_wconf 87' lang='lat' dir='ltr'>Nube</span> <span class='ocrx_word' id='word_1_11' title='bbox 801 682 1089 758; x_wconf 87' lang='lat' dir='ltr'><strong>sedens</strong></span> <span class='ocrx_word' id='word_1_12' title='bbox 1116 741 1137 779; x_wconf 90' lang='lat'>‚</span> <span class='ocrx_word' id='word_1_13' title='bbox 1244 692 1487 781; x_wconf 82' lang='lat' dir='ltr'><strong>atque</strong></span> <span class='ocrx_word' id='word_1_14' title='bbox 1549 671 1678 753; x_wconf 90' lang='lat' dir='ltr'><strong>his</strong></span> <span class='ocrx_word' id='word_1_15' title='bbox 1748 678 2136 755; x_wconf 83' lang='lat' dir='ltr'><strong>victorem</strong></span> <span class='ocrx_word' id='word_1_16' title='bbox 2212 677 2527 755; x_wconf 84' lang='lat' dir='ltr'><strong>adfatur</strong></span> <span class='ocrx_word' id='word_1_17' title='bbox 2611 684 2748 757; x_wconf 92' lang='lat' dir='ltr'><strong>Iu-</strong></span> 
     </span>
    </p>
   </div>
   <div class='ocr_carea' id='block_1_4' title="bbox 1659 780 2749 866">
    <p class='ocr_par' dir='ltr' id='par_1_4' title="bbox 1659 780 2749 866">
     <span class='ocr_line' id='line_1_5' title="bbox 1659 780 2749 866; baseline 0.011 -11"><span class='ocrx_word' id='word_1_18' title='bbox 1659 780 1871 858; x_wconf 79' lang='lat' dir='ltr'><strong>lum:</strong></span> <span class='ocrx_word' id='word_1_19' title='bbox 2595 794 2749 866; x_wconf 84' lang='lat'><strong>640</strong></span> 
     </span>
    </p>
   </div>
   <div class='ocr_carea' id='block_1_5' title="bbox 498 882 2588 1175">
    <p class='ocr_par' dir='ltr' id='par_1_5' title="bbox 498 882 2588 1175">
     <span class='ocr_line' id='line_1_6' title="bbox 498 882 2389 987; baseline -0.005 -18"><span class='ocrx_word' id='word_1_20' title='bbox 498 896 753 969; x_wconf 81' lang='lat' dir='ltr'>Macte</span> <span class='ocrx_word' id='word_1_21' title='bbox 785 912 991 965; x_wconf 84' lang='lat' dir='ltr'><strong>nova</strong></span> <span class='ocrx_word' id='word_1_22' title='bbox 1039 888 1364 983; x_wconf 82' lang='lat' dir='ltr'><strong>virtute,</strong></span> <span class='ocrx_word' id='word_1_23' title='bbox 1415 909 1651 987; x_wconf 90' lang='lat' dir='ltr'><strong>puer;</strong></span> <span class='ocrx_word' id='word_1_24' title='bbox 1704 885 1814 959; x_wconf 86' lang='lat' dir='ltr'><strong>sic</strong></span> <span class='ocrx_word' id='word_1_25' title='bbox 1849 884 2008 960; x_wconf 84' lang='lat' dir='ltr'><strong>itur</strong></span> <span class='ocrx_word' id='word_1_26' title='bbox 2024 882 2138 961; x_wconf 84' lang='lat' dir='ltr'><strong>-ad</strong></span> <span class='ocrx_word' id='word_1_27' title='bbox 2166 897 2389 978; x_wconf 81' lang='lat' dir='ltr'><strong>astra,</strong></span> 
     </span>
     <span class='ocr_line' id='line_1_7' title="bbox 499 987 2588 1091; baseline -0.002 -20"><span class='ocrx_word' id='word_1_28' title='bbox 499 997 635 1071; x_wconf 90' lang='lat' dir='ltr'><strong>Dis</strong></span> <span class='ocrx_word' id='word_1_29' title='bbox 658 994 963 1091; x_wconf 81' lang='lat' dir='ltr'><strong>genite,</strong></span> <span class='ocrx_word' id='word_1_30' title='bbox 1016 1005 1098 1067; x_wconf 83' lang='lat' dir='ltr'><strong>et</strong></span> <span class='ocrx_word' id='word_1_31' title='bbox 1120 991 1487 1091; x_wconf 81' lang='lat' dir='ltr'><strong>geniture</strong></span> <span class='ocrx_word' id='word_1_32' title='bbox 1525 987 1742 1063; x_wconf 78' lang='lat' dir='ltr'><strong>deos,</strong></span> <span class='ocrx_word' id='word_1_33' title='bbox 1843 991 2028 1063; x_wconf 88' lang='lat' dir='ltr'><strong>Iure</strong></span> <span class='ocrx_word' id='word_1_34' title='bbox 2067 988 2340 1065; x_wconf 82' lang='lat' dir='ltr'><strong>omnia</strong></span> <span class='ocrx_word' id='word_1_35' title='bbox 2375 988 2588 1067; x_wconf 84' lang='lat' dir='ltr'><strong>bella</strong></span> 
     </span>
     <span class='ocr_line' id='line_1_8' title="bbox 502 1089 2310 1175; baseline -0.003 0"><span class='ocrx_word' id='word_1_36' title='bbox 502 1101 761 1175; x_wconf 85' lang='lat' dir='ltr'><strong>Gente</strong></span> <span class='ocrx_word' id='word_1_37' title='bbox 788 1096 938 1173; x_wconf 84' lang='lat' dir='ltr'><strong>sub</strong></span> <span class='ocrx_word' id='word_1_38' title='bbox 971 1096 1317 1173; x_wconf 82' lang='lat' dir='ltr'>Assaraci</span> <span class='ocrx_word' id='word_1_39' title='bbox 1350 1093 1516 1169; x_wconf 81' lang='lat' dir='ltr'><strong>fato</strong></span> <span class='ocrx_word' id='word_1_40' title='bbox 1556 1104 1888 1167; x_wconf 79' lang='lat' dir='ltr'><strong>ventura</strong></span> <span class='ocrx_word' id='word_1_41' title='bbox 1935 1089 2310 1171; x_wconf 80' lang='lat' dir='ltr'><strong>resident.</strong></span> 
     </span>
    </p>
   </div>
   <div class='ocr_carea' id='block_1_6' title="bbox 634 1228 2744 1339">
    <p class='ocr_par' dir='ltr' id='par_1_6' title="bbox 634 1228 2744 1339">
     <span class='ocr_line' id='line_1_9' title="bbox 634 1228 2744 1339; baseline -0.002 -16"><span class='ocrx_word' id='word_1_42' title='bbox 634 1270 735 1323; x_wconf 83' lang='lat'><strong>639</strong></span> <span class='ocrx_word' id='word_1_43' title='bbox 769 1286 924 1323; x_wconf 74' lang='lat' dir='ltr'><strong>arces</strong></span> <span class='ocrx_word' id='word_1_44' title='bbox 965 1266 1252 1339; x_wconf 80' lang='lat' dir='ltr'><strong>urbemque</strong></span> <span class='ocrx_word' id='word_1_45' title='bbox 1282 1266 1419 1319; x_wconf 82' lang='lat' dir='ltr'><strong>alter</strong></span> <span class='ocrx_word' id='word_1_46' title='bbox 1460 1266 1745 1334; x_wconf 81' lang='lat' dir='ltr'><strong>Hamburg.</strong></span> <span class='ocrx_word' id='word_1_47' title='bbox 1783 1284 1896 1318; x_wconf 83' lang='lat' dir='ltr'><strong>cum</strong></span> <span class='ocrx_word' id='word_1_48' title='bbox 1921 1264 2080 1317; x_wconf 82' lang='lat' dir='ltr'><strong>Goth.</strong></span> <span class='ocrx_word' id='word_1_49' title='bbox 2119 1282 2243 1331; x_wconf 63' lang='lat' dir='ltr'><strong>sec„</strong></span> <span class='ocrx_word' id='word_1_50' title='bbox 2289 1228 2444 1331; x_wconf 57' lang='lat' dir='ltr'><strong>male.</strong></span> <span class='ocrx_word' id='word_1_51' title='bbox 2479 1264 2586 1317; x_wconf 75' lang='lat' dir='ltr'><strong>vid.</strong></span> <span class='ocrx_word' id='word_1_52' title='bbox 2609 1267 2744 1320; x_wconf 85' lang='lat' dir='ltr'><strong>Not.</strong></span> 
     </span>
    </p>
   </div>
   <div class='ocr_carea' id='block_1_7' title="bbox 496 1339 1350 1395">
    <p class='ocr_par' dir='ltr' id='par_1_7' title="bbox 496 1339 1350 1395">
     <span class='ocr_line' id='line_1_10' title="bbox 496 1339 1350 1395; baseline -0.008 0"><span class='ocrx_word' id='word_1_53' title='bbox 496 1340 601 1395; x_wconf 77' lang='lat'><strong>640</strong></span> <span class='ocrx_word' id='word_1_54' title='bbox 622 1342 895 1392; x_wconf 77' lang='lat' dir='ltr'><strong>victorem.</strong></span> <span class='ocrx_word' id='word_1_55' title='bbox 943 1339 1193 1391; x_wconf 80' lang='lat' dir='ltr'><strong>iuvenem</strong></span> <span class='ocrx_word' id='word_1_56' title='bbox 1216 1340 1350 1391; x_wconf 86' lang='lat' dir='ltr'><strong>Ven.</strong></span> 
     </span>
    </p>
   </div>
   <div class='ocr_carea' id='block_1_8' title="bbox 1454 1331 2749 1390">
    <p class='ocr_par' dir='ltr' id='par_1_8' title="bbox 1454 1331 2749 1390">
     <span class='ocr_line' id='line_1_11' title="bbox 1454 1331 2749 1390; baseline -0.002 0"><span class='ocrx_word' id='word_1_57' title='bbox 1454 1336 1556 1390; x_wconf 82' lang='lat'><strong>643</strong></span> <span class='ocrx_word' id='word_1_58' title='bbox 1596 1336 1845 1388; x_wconf 68' lang='lat' dir='ltr'><strong>residunt</strong></span> <span class='ocrx_word' id='word_1_59' title='bbox 1871 1344 1996 1386; x_wconf 87' lang='lat' dir='ltr'><strong>tert.</strong></span> <span class='ocrx_word' id='word_1_60' title='bbox 2022 1331 2272 1387; x_wconf 81' lang='lat' dir='ltr'><strong>Rottend..</strong></span> <span class='ocrx_word' id='word_1_61' title='bbox 2305 1338 2442 1390; x_wconf 78' lang='lat' dir='ltr'><strong>alt-er</strong></span> <span class='ocrx_word' id='word_1_62' title='bbox 2473 1336 2663 1387; x_wconf 82' lang='lat' dir='ltr'><strong>Hamb.</strong></span> <span class='ocrx_word' id='word_1_63' title='bbox 2691 1347 2749 1389; x_wconf 83' lang='lat' dir='ltr'><strong>et</strong></span> 
     </span>
    </p>
   </div>
   <div class='ocr_carea' id='block_1_9' title="bbox 494 1402 2746 1549">
    <p class='ocr_par' dir='ltr' id='par_1_9' title="bbox 494 1402 2746 1549">
     <span class='ocr_line' id='line_1_12' title="bbox 496 1402 2746 1471; baseline -0.001 -11"><span class='ocrx_word' id='word_1_64' title='bbox 496 1407 716 1471; x_wconf 64' lang='lat' dir='ltr'><strong>zulich„</strong></span> <span class='ocrx_word' id='word_1_65' title='bbox 750 1417 807 1459; x_wconf 86' lang='lat' dir='ltr'><strong>et</strong></span> <span class='ocrx_word' id='word_1_66' title='bbox 832 1409 1100 1459; x_wconf 82' lang='lat' dir='ltr'><strong>Heinsium</strong></span> <span class='ocrx_word' id='word_1_67' title='bbox 1128 1407 1217 1459; x_wconf 84' lang='lat' dir='ltr'><strong>hic</strong></span> <span class='ocrx_word' id='word_1_68' title='bbox 1242 1424 1387 1457; x_wconf 79' lang='lat' dir='ltr'><strong>suum</strong></span> <span class='ocrx_word' id='word_1_69' title='bbox 1412 1422 1614 1457; x_wconf 84' lang='lat' dir='ltr'><strong>morem</strong></span> <span class='ocrx_word' id='word_1_70' title='bbox 1653 1421 1761 1456; x_wconf 86' lang='lat' dir='ltr'><strong>non</strong></span> <span class='ocrx_word' id='word_1_71' title='bbox 1787 1422 2025 1456; x_wconf 78' lang='lat' dir='ltr'><strong>servasse</strong></span> <span class='ocrx_word' id='word_1_72' title='bbox 2060 1404 2241 1457; x_wconf 85' lang='lat' dir='ltr'><strong>miror.</strong></span> <span class='ocrx_word' id='word_1_73' title='bbox 2311 1402 2578 1456; x_wconf 83' lang='lat' dir='ltr'><strong>Vaticinia</strong></span> <span class='ocrx_word' id='word_1_74' title='bbox 2609 1406 2746 1457; x_wconf 84' lang='lat' dir='ltr'><strong>enim</strong></span> 
     </span>
     <span class='ocr_line' id='line_1_13' title="bbox 494 1472 2746 1549; baseline -0.002 -18"><span class='ocrx_word' id='word_1_75' title='bbox 494 1478 681 1531; x_wconf 79' lang='lat' dir='ltr'><strong>melius</strong></span> <span class='ocrx_word' id='word_1_76' title='bbox 702 1479 967 1545; x_wconf 78' lang='lat' dir='ltr'><strong>praesenti</strong></span> <span class='ocrx_word' id='word_1_77' title='bbox 994 1488 1233 1549; x_wconf 85' lang='lat' dir='ltr'><strong>tempore</strong></span> <span class='ocrx_word' id='word_1_78' title='bbox 1260 1476 1565 1528; x_wconf 83' lang='lat' dir='ltr'><strong>efferuntur.</strong></span> <span class='ocrx_word' id='word_1_79' title='bbox 1611 1473 1888 1537; x_wconf 69' lang='lat' dir='ltr'><strong>(re-vicians</strong></span> <span class='ocrx_word' id='word_1_80' title='bbox 1913 1474 2069 1527; x_wconf 84' lang='lat' dir='ltr'><strong>etiam</strong></span> <span class='ocrx_word' id='word_1_81' title='bbox 2093 1478 2240 1527; x_wconf 78' lang='lat' dir='ltr'><strong>Serv.</strong></span> <span class='ocrx_word' id='word_1_82' title='bbox 2267 1472 2458 1538; x_wconf 70' lang='lat' dir='ltr'><strong>Rresd.</strong></span> <span class='ocrx_word' id='word_1_83' title='bbox 2505 1476 2746 1528; x_wconf 73' lang='lat' dir='ltr'><strong>Praestat</strong></span> 
     </span>
    </p>
   </div>
   <div class='ocr_carea' id='block_1_10' title="bbox 496 1548 1082 1616">
    <p class='ocr_par' dir='ltr' id='par_1_10' title="bbox 496 1548 1082 1616">
     <span class='ocr_line' id='line_1_14' title="bbox 496 1548 1082 1616; baseline -0.003 -15"><span class='ocrx_word' id='word_1_84' title='bbox 496 1548 584 1601; x_wconf 77' lang='lat' dir='ltr'><strong>hic</strong></span> <span class='ocrx_word' id='word_1_85' title='bbox 604 1548 865 1610; x_wconf 73' lang='lat' dir='ltr'><strong>Futurum.</strong></span> <span class='ocrx_word' id='word_1_86' title='bbox 894 1550 980 1603; x_wconf 82' lang='lat' dir='ltr'><em>W</em></span> <span class='ocrx_word' id='word_1_87' title='bbox 971 1548 1041 1616; x_wconf 84' lang='lat' dir='ltr'><strong>r.)</strong></span> <span class='ocrx_word' id='word_1_88' title='bbox 1069 1579 1082 1591; x_wconf 87' lang='lat'><strong>·</strong></span> 
     </span>
    </p>
   </div>
   <div class='ocr_carea' id='block_1_11' title="bbox 484 1686 1602 4506">
    <p class='ocr_par' dir='ltr' id='par_1_11' title="bbox 484 1686 1576 3992">
     <span class='ocr_line' id='line_1_15' title="bbox 496 1686 1571 1759; baseline -0.005 -11"><span class='ocrx_word' id='word_1_89' title='bbox 496 1688 673 1749; x_wconf 84' lang='lat' dir='ltr'><strong>ctoria</strong></span> <span class='ocrx_word' id='word_1_90' title='bbox 714 1686 789 1747; x_wconf 89' lang='lat' dir='ltr'><strong>ad</strong></span> <span class='ocrx_word' id='word_1_91' title='bbox 832 1706 969 1746; x_wconf 88' lang='lat' dir='ltr'><strong>eum</strong></span> <span class='ocrx_word' id='word_1_92' title='bbox 1024 1688 1375 1750; x_wconf 80' lang='lat' dir='ltr'><strong>referebatur</strong></span> <span class='ocrx_word' id='word_1_93' title='bbox 1398 1686 1571 1759; x_wconf 89' lang='lat' dir='ltr'>.v111,</span> 
     </span>
     <span class='ocr_line' id='line_1_16' title="bbox 494 1772 1574 1856; baseline -0.009 -18"><span class='ocrx_word' id='word_1_94' title='bbox 494 1772 620 1838; x_wconf 81' lang='lat'><strong>704</strong></span> <span class='ocrx_word' id='word_1_95' title='bbox 648 1794 796 1856; x_wconf 67' lang='lat' dir='ltr'><strong>sqq„</strong></span> <span class='ocrx_word' id='word_1_96' title='bbox 842 1785 900 1833; x_wconf 84' lang='lat' dir='ltr'><strong>et</strong></span> <span class='ocrx_word' id='word_1_97' title='bbox 926 1774 1257 1832; x_wconf 86' lang='lat' dir='ltr'><strong>Palatinum</strong></span> <span class='ocrx_word' id='word_1_98' title='bbox 1285 1774 1574 1852; x_wconf 86' lang='lat' dir='ltr'><strong>templum</strong></span> 
     </span>
     <span class='ocr_line' id='line_1_17' title="bbox 494 1858 1573 1919; baseline -0.005 0"><span class='ocrx_word' id='word_1_99' title='bbox 494 1860 557 1919; x_wconf 85' lang='lat' dir='ltr'><strong>in</strong></span> <span class='ocrx_word' id='word_1_100' title='bbox 583 1861 703 1919; x_wconf 88' lang='lat' dir='ltr'><strong>eius</strong></span> <span class='ocrx_word' id='word_1_101' title='bbox 732 1858 1017 1919; x_wconf 81' lang='lat' dir='ltr'><strong>honorem</strong></span> <span class='ocrx_word' id='word_1_102' title='bbox 1054 1860 1295 1918; x_wconf 85' lang='lat' dir='ltr'><strong>factum.</strong></span> <span class='ocrx_word' id='word_1_103' title='bbox 1339 1858 1413 1916; x_wconf 84' lang='lat' dir='ltr'><strong>cf.</strong></span> <span class='ocrx_word' id='word_1_104' title='bbox 1444 1859 1573 1915; x_wconf 85' lang='lat' dir='ltr'><strong>Ex·-</strong></span> 
     </span>
     <span class='ocr_line' id='line_1_18' title="bbox 494 1942 1574 2009; baseline -0.006 -3"><span class='ocrx_word' id='word_1_105' title='bbox 494 1966 646 2006; x_wconf 84' lang='lat' dir='ltr'><strong>curs.</strong></span> <span class='ocrx_word' id='word_1_106' title='bbox 672 1948 703 2004; x_wconf 91' lang='lat'>1</span> <span class='ocrx_word' id='word_1_107' title='bbox 732 1945 807 2005; x_wconf 90' lang='lat' dir='ltr'><strong>ad</strong></span> <span class='ocrx_word' id='word_1_108' title='bbox 846 1944 908 2003; x_wconf 88' lang='lat' dir='ltr'><strong>h.</strong></span> <span class='ocrx_word' id='word_1_109' title='bbox 949 1946 1079 2003; x_wconf 85' lang='lat' dir='ltr'><strong>libr.</strong></span> <span class='ocrx_word' id='word_1_110' title='bbox 1156 1947 1301 2009; x_wconf 81' lang='grc'><strong>689.</strong></span> <span class='ocrx_word' id='word_1_111' title='bbox 1358 1942 1574 2001; x_wconf 74' lang='lat' dir='ltr'><strong>Auso-</strong></span> 
     </span>
     <span class='ocr_line' id='line_1_19' title="bbox 494 2028 1573 2109; baseline -0.003 -20"><span class='ocrx_word' id='word_1_112' title='bbox 494 2032 632 2089; x_wconf 76' lang='lat' dir='ltr'><strong>nias</strong></span> <span class='ocrx_word' id='word_1_113' title='bbox 672 2034 831 2089; x_wconf 77' lang='lat' dir='ltr'><strong>acies</strong></span> <span class='ocrx_word' id='word_1_114' title='bbox 863 2028 1213 2109; x_wconf 80' lang='lat' dir='ltr'><strong>urbemque,</strong></span> <span class='ocrx_word' id='word_1_115' title='bbox 1261 2046 1573 2109; x_wconf 80' lang='lat' dir='ltr'><strong>oppugna-</strong></span> 
     </span>
     <span class='ocr_line' id='line_1_20' title="bbox 491 2116 1572 2177; baseline -0.002 -2"><span class='ocrx_word' id='word_1_116' title='bbox 491 2116 713 2176; x_wconf 83' lang='lat' dir='ltr'><strong>tionem</strong></span> <span class='ocrx_word' id='word_1_117' title='bbox 740 2126 1057 2177; x_wconf 70' lang='lat' dir='ltr'><strong>castrorum</strong></span> <span class='ocrx_word' id='word_1_118' title='bbox 1095 2136 1197 2173; x_wconf 86' lang='lat' dir='ltr'><strong>seu</strong></span> <span class='ocrx_word' id='word_1_119' title='bbox 1226 2116 1382 2174; x_wconf 82' lang='lat' dir='ltr'><strong>urbis</strong></span> <span class='ocrx_word' id='word_1_120' title='bbox 1410 2116 1572 2173; x_wconf 88' lang='lat' dir='ltr'><strong>Tro-</strong></span> 
     </span>
     <span class='ocr_line' id='line_1_21' title="bbox 492 2198 1570 2277; baseline -0.003 -16"><span class='ocrx_word' id='word_1_121' title='bbox 492 2204 761 2262; x_wconf 88' lang='lat' dir='ltr'><strong>ianorum</strong></span> <span class='ocrx_word' id='word_1_122' title='bbox 774 2247 789 2277; x_wconf 96' lang='lat'>‚</span> <span class='ocrx_word' id='word_1_123' title='bbox 846 2220 1033 2261; x_wconf 81' lang='lat' dir='ltr'><strong>novae</strong></span> <span class='ocrx_word' id='word_1_124' title='bbox 1090 2201 1324 2260; x_wconf 85' lang='lat' dir='ltr'><strong>Troiae.</strong></span> <span class='ocrx_word' id='word_1_125' title='bbox 1420 2198 1570 2265; x_wconf 83' lang='lat'><strong>641.</strong></span> 
     </span>
     <span class='ocr_line' id='line_1_22' title="bbox 492 2286 1569 2369; baseline -0.004 -23"><span class='ocrx_word' id='word_1_126' title='bbox 492 2299 728 2346; x_wconf 78' lang='lat' dir='ltr'><strong>mactus</strong></span> <span class='ocrx_word' id='word_1_127' title='bbox 766 2286 910 2369; x_wconf 89' lang='lat' dir='ltr'><strong>quid</strong></span> <span class='ocrx_word' id='word_1_128' title='bbox 951 2288 1025 2345; x_wconf 88' lang='lat' dir='ltr'><strong>sit</strong></span> <span class='ocrx_word' id='word_1_129' title='bbox 1074 2288 1295 2365; x_wconf 81' lang='lat' dir='ltr'><strong>origine</strong></span> <span class='ocrx_word' id='word_1_130' title='bbox 1338 2296 1397 2343; x_wconf 90' lang='lat' dir='ltr'><strong>et</strong></span> <span class='ocrx_word' id='word_1_131' title='bbox 1438 2306 1569 2360; x_wconf 84' lang='lat' dir='ltr'><strong>usu,</strong></span> 
     </span>
     <span class='ocr_line' id='line_1_23' title="bbox 490 2370 1570 2454; baseline -0.004 -21"><span class='ocrx_word' id='word_1_132' title='bbox 490 2376 722 2454; x_wconf 85' lang='lat' dir='ltr'><strong>copiose</strong></span> <span class='ocrx_word' id='word_1_133' title='bbox 774 2372 1095 2433; x_wconf 75' lang='lat' dir='ltr'><strong>declaratur</strong></span> <span class='ocrx_word' id='word_1_134' title='bbox 1144 2374 1209 2429; x_wconf 84' lang='lat' dir='ltr'><strong>in</strong></span> <span class='ocrx_word' id='word_1_135' title='bbox 1264 2370 1570 2431; x_wconf 85' lang='lat' dir='ltr'><strong>Thesauro</strong></span> 
     </span>
     <span class='ocr_line' id='line_1_24' title="bbox 490 2458 1570 2538; baseline -0.004 -21"><span class='ocrx_word' id='word_1_136' title='bbox 490 2460 761 2534; x_wconf 64' lang='lat' dir='ltr'><strong>Gesner„</strong></span> <span class='ocrx_word' id='word_1_137' title='bbox 818 2476 928 2516; x_wconf 88' lang='lat' dir='ltr'><strong>nec</strong></span> <span class='ocrx_word' id='word_1_138' title='bbox 955 2458 1136 2516; x_wconf 85' lang='lat' dir='ltr'><strong>latere</strong></span> <span class='ocrx_word' id='word_1_139' title='bbox 1178 2467 1369 2538; x_wconf 85' lang='lat' dir='ltr'><strong>potest</strong></span> <span class='ocrx_word' id='word_1_140' title='bbox 1412 2476 1570 2531; x_wconf 88' lang='lat' dir='ltr'><strong>eum,</strong></span> 
     </span>
     <span class='ocr_line' id='line_1_25' title="bbox 491 2544 1568 2626; baseline -0.004 -22"><span class='ocrx_word' id='word_1_141' title='bbox 491 2547 595 2626; x_wconf 89' lang='lat' dir='ltr'><strong>qui</strong></span> <span class='ocrx_word' id='word_1_142' title='bbox 636 2563 809 2604; x_wconf 86' lang='lat' dir='ltr'><strong>usum</strong></span> <span class='ocrx_word' id='word_1_143' title='bbox 848 2546 1103 2604; x_wconf 83' lang='lat' dir='ltr'><strong>similem</strong></span> <span class='ocrx_word' id='word_1_144' title='bbox 1142 2563 1272 2603; x_wconf 80' lang='lat' dir='ltr'><strong>voc.</strong></span> <span class='ocrx_word' id='word_1_145' title='bbox 1302 2544 1568 2619; x_wconf 67' lang='lat' dir='ltr'><strong>Aucta-s,</strong></span> 
     </span>
     <span class='ocr_line' id='line_1_26' title="bbox 490 2627 1570 2710; baseline -0.001 -22"><span class='ocrx_word' id='word_1_146' title='bbox 490 2641 665 2710; x_wconf 82' lang='lat' dir='ltr'><strong>atque</strong></span> <span class='ocrx_word' id='word_1_147' title='bbox 696 2629 844 2688; x_wconf 90' lang='lat' dir='ltr'><strong>adeo</strong></span> <span class='ocrx_word' id='word_1_148' title='bbox 872 2651 1105 2710; x_wconf 75' lang='lat' dir='ltr'><strong>augens</strong></span> <span class='ocrx_word' id='word_1_149' title='bbox 1120 2630 1356 2707; x_wconf 80' lang='lat' dir='ltr'><strong>(Catuss.</strong></span> <span class='ocrx_word' id='word_1_150' title='bbox 1368 2627 1570 2709; x_wconf 79' lang='lat' dir='ltr'><strong>Epith.</strong></span> 
     </span>
     <span class='ocr_line' id='line_1_27' title="bbox 488 2715 1574 2791; baseline -0.002 -17"><span class='ocrx_word' id='word_1_151' title='bbox 488 2715 615 2774; x_wconf 87' lang='lat' dir='ltr'><strong>Pel.</strong></span> <span class='ocrx_word' id='word_1_152' title='bbox 664 2719 788 2780; x_wconf 82' lang='lat'><strong>323</strong></span> <span class='ocrx_word' id='word_1_153' title='bbox 808 2761 825 2791; x_wconf 91' lang='lat'>,</span> <span class='ocrx_word' id='word_1_154' title='bbox 892 2727 949 2774; x_wconf 86' lang='lat' dir='ltr'><strong>et</strong></span> <span class='ocrx_word' id='word_1_155' title='bbox 992 2719 1053 2774; x_wconf 90' lang='lat' dir='ltr'><strong>in</strong></span> <span class='ocrx_word' id='word_1_156' title='bbox 1100 2717 1331 2775; x_wconf 83' lang='lat' dir='ltr'><strong>Catonis</strong></span> <span class='ocrx_word' id='word_1_157' title='bbox 1384 2716 1574 2774; x_wconf 78' lang='lat' dir='ltr'><strong>verbis</strong></span> 
     </span>
     <span class='ocr_line' id='line_1_28' title="bbox 491 2799 1576 2883; baseline -0.003 -23"><span class='ocrx_word' id='word_1_158' title='bbox 491 2799 648 2883; x_wconf 85' lang='lat' dir='ltr'><strong>apud</strong></span> <span class='ocrx_word' id='word_1_159' title='bbox 688 2801 837 2860; x_wconf 83' lang='lat' dir='ltr'><strong>Gell.</strong></span> <span class='ocrx_word' id='word_1_160' title='bbox 877 2803 1099 2878; x_wconf 86' lang='lat' dir='ltr'>XVIII,</span> <span class='ocrx_word' id='word_1_161' title='bbox 1134 2803 1240 2879; x_wconf 83' lang='lat'><strong>12)</strong></span> <span class='ocrx_word' id='word_1_162' title='bbox 1280 2804 1576 2861; x_wconf 89' lang='lat' dir='ltr'><strong>memine-</strong></span> 
     </span>
     <span class='ocr_line' id='line_1_29' title="bbox 484 2887 1573 2962; baseline -0.004 -14"><span class='ocrx_word' id='word_1_163' title='bbox 484 2889 597 2962; x_wconf 80' lang='lat' dir='ltr'><strong>rit3</strong></span> <span class='ocrx_word' id='word_1_164' title='bbox 636 2908 747 2946; x_wconf 88' lang='lat' dir='ltr'><strong>nec</strong></span> <span class='ocrx_word' id='word_1_165' title='bbox 776 2899 974 2946; x_wconf 86' lang='lat' dir='ltr'><strong>tamen</strong></span> <span class='ocrx_word' id='word_1_166' title='bbox 994 2887 1087 2947; x_wconf 88' lang='lat' dir='ltr'><strong>hic</strong></span> <span class='ocrx_word' id='word_1_167' title='bbox 1116 2899 1175 2946; x_wconf 86' lang='lat' dir='ltr'><strong>et</strong></span> <span class='ocrx_word' id='word_1_168' title='bbox 1202 2891 1265 2946; x_wconf 90' lang='lat' dir='ltr'><strong>in</strong></span> <span class='ocrx_word' id='word_1_169' title='bbox 1292 2887 1573 2946; x_wconf 79' lang='lat' dir='ltr'><strong>similibus</strong></span> 
     </span>
     <span class='ocr_line' id='line_1_30' title="bbox 488 2973 1574 3050; baseline -0.004 -18"><span class='ocrx_word' id='word_1_170' title='bbox 488 2975 628 3032; x_wconf 90' lang='lat' dir='ltr'><strong>locis</strong></span> <span class='ocrx_word' id='word_1_171' title='bbox 655 2973 955 3050; x_wconf 79' lang='lat' dir='ltr'><strong>satisfacit,</strong></span> <span class='ocrx_word' id='word_1_172' title='bbox 1000 2975 1053 3034; x_wconf 90' lang='lat' dir='ltr'><strong>si</strong></span> <span class='ocrx_word' id='word_1_173' title='bbox 1079 2986 1275 3032; x_wconf 85' lang='lat' dir='ltr'><strong>teneas</strong></span> <span class='ocrx_word' id='word_1_174' title='bbox 1304 2983 1574 3029; x_wconf 75' lang='lat' dir='ltr'><strong>mactum</strong></span> 
     </span>
     <span class='ocr_line' id='line_1_31' title="bbox 492 3059 1572 3139; baseline -0.002 -23"><span class='ocrx_word' id='word_1_175' title='bbox 492 3079 613 3116; x_wconf 87' lang='lat' dir='ltr'><strong>esse</strong></span> <span class='ocrx_word' id='word_1_176' title='bbox 641 3070 907 3136; x_wconf 88' lang='lat' dir='ltr'><strong>auctum,</strong></span> <span class='ocrx_word' id='word_1_177' title='bbox 949 3059 1382 3139; x_wconf 83' lang='lat' dir='ltr'><strong>amplificatum.</strong></span> <span class='ocrx_word' id='word_1_178' title='bbox 1465 3059 1572 3115; x_wconf 87' lang='lat' dir='ltr'><strong>Est</strong></span> 
     </span>
     <span class='ocr_line' id='line_1_32' title="bbox 492 3143 1570 3225; baseline -0.002 -23"><span class='ocrx_word' id='word_1_179' title='bbox 492 3143 711 3225; x_wconf 87' lang='lat' dir='ltr'><strong>aliquid</strong></span> <span class='ocrx_word' id='word_1_180' title='bbox 725 3191 741 3220; x_wconf 88' lang='lat'>‚</span> <span class='ocrx_word' id='word_1_181' title='bbox 771 3147 821 3204; x_wconf 87' lang='lat' dir='ltr'><strong>si</strong></span> <span class='ocrx_word' id='word_1_182' title='bbox 846 3143 1084 3203; x_wconf 81' lang='lat' dir='ltr'><strong>reddas:</strong></span> <span class='ocrx_word' id='word_1_183' title='bbox 1131 3163 1167 3200; x_wconf 92' lang='lat' dir='ltr'><strong>o</strong></span> <span class='ocrx_word' id='word_1_184' title='bbox 1209 3163 1356 3223; x_wconf 89' lang='lat' dir='ltr'><strong>puer</strong></span> <span class='ocrx_word' id='word_1_185' title='bbox 1384 3153 1570 3218; x_wconf 84' lang='lat' dir='ltr'><strong>aucte,</strong></span> 
     </span>
     <span class='ocr_line' id='line_1_33' title="bbox 490 3226 1571 3290; baseline -0.002 -2"><span class='ocrx_word' id='word_1_186' title='bbox 490 3240 693 3289; x_wconf 86' lang='lat' dir='ltr'><strong>ornate</strong></span> <span class='ocrx_word' id='word_1_187' title='bbox 740 3251 893 3290; x_wconf 82' lang='lat' dir='ltr'><strong>nova</strong></span> <span class='ocrx_word' id='word_1_188' title='bbox 936 3233 1166 3290; x_wconf 77' lang='lat' dir='ltr'><strong>virtute.</strong></span> <span class='ocrx_word' id='word_1_189' title='bbox 1252 3226 1375 3288; x_wconf 88' lang='lat' dir='ltr'><strong>Sed</strong></span> <span class='ocrx_word' id='word_1_190' title='bbox 1402 3227 1571 3288; x_wconf 79' lang='lat' dir='ltr'><strong>vide-—</strong></span> 
     </span>
     <span class='ocr_line' id='line_1_34' title="bbox 491 3312 1566 3397; baseline -0.002 -23"><span class='ocrx_word' id='word_1_191' title='bbox 491 3325 587 3374; x_wconf 84' lang='lat' dir='ltr'><strong>tur</strong></span> <span class='ocrx_word' id='word_1_192' title='bbox 612 3313 774 3374; x_wconf 81' lang='lat' dir='ltr'><strong>aliud</strong></span> <span class='ocrx_word' id='word_1_193' title='bbox 802 3312 945 3397; x_wconf 88' lang='lat' dir='ltr'><strong>quid</strong></span> <span class='ocrx_word' id='word_1_194' title='bbox 968 3317 1205 3394; x_wconf 86' lang='lat' dir='ltr'><strong>insuper</strong></span> <span class='ocrx_word' id='word_1_195' title='bbox 1237 3313 1566 3389; x_wconf 83' lang='lat' dir='ltr'><strong>desiderari,</strong></span> 
     </span>
     <span class='ocr_line' id='line_1_35' title="bbox 491 3399 1571 3482; baseline -0.002 -23"><span class='ocrx_word' id='word_1_196' title='bbox 491 3399 651 3482; x_wconf 88' lang='lat' dir='ltr'><strong>quod</strong></span> <span class='ocrx_word' id='word_1_197' title='bbox 706 3420 781 3459; x_wconf 82' lang='lat' dir='ltr'><strong>ex</strong></span> <span class='ocrx_word' id='word_1_198' title='bbox 835 3403 1073 3458; x_wconf 87' lang='lat' dir='ltr'><strong>notione</strong></span> <span class='ocrx_word' id='word_1_199' title='bbox 1128 3410 1346 3458; x_wconf 66' lang='lat' dir='ltr'><strong>auctus</strong></span> <span class='ocrx_word' id='word_1_200' title='bbox 1362 3441 1388 3470; x_wconf 91' lang='lat'><em>,</em></span> <span class='ocrx_word' id='word_1_201' title='bbox 1468 3401 1571 3482; x_wconf 90' lang='lat' dir='ltr'><strong>qui</strong></span> 
     </span>
     <span class='ocr_line' id='line_1_36' title="bbox 488 3487 1570 3564; baseline -0.001 -20"><span class='ocrx_word' id='word_1_202' title='bbox 488 3488 745 3545; x_wconf 78' lang='lat' dir='ltr'><strong>fluctum</strong></span> <span class='ocrx_word' id='word_1_203' title='bbox 786 3495 846 3542; x_wconf 86' lang='lat' dir='ltr'><strong>et</strong></span> <span class='ocrx_word' id='word_1_204' title='bbox 884 3505 1058 3547; x_wconf 83' lang='lat' dir='ltr'><strong>usum</strong></span> <span class='ocrx_word' id='word_1_205' title='bbox 1102 3502 1169 3542; x_wconf 84' lang='lat' dir='ltr'><strong>ac</strong></span> <span class='ocrx_word' id='word_1_206' title='bbox 1212 3487 1570 3564; x_wconf 80' lang='lat' dir='ltr'><strong>voluptatem</strong></span> 
     </span>
     <span class='ocr_line' id='line_1_37' title="bbox 490 3569 1572 3645; baseline 0.001 -15"><span class='ocrx_word' id='word_1_207' title='bbox 490 3571 659 3630; x_wconf 84' lang='lat' dir='ltr'><strong>affert</strong></span> <span class='ocrx_word' id='word_1_208' title='bbox 674 3616 691 3645; x_wconf 95' lang='lat'>,</span> <span class='ocrx_word' id='word_1_209' title='bbox 750 3569 1100 3628; x_wconf 76' lang='lat' dir='ltr'><strong>elIciendum</strong></span> <span class='ocrx_word' id='word_1_210' title='bbox 1147 3579 1250 3629; x_wconf 77' lang='lat' dir='ltr'><strong>est.</strong></span> <span class='ocrx_word' id='word_1_211' title='bbox 1336 3572 1572 3630; x_wconf 73' lang='lat' dir='ltr'><strong>Scilicet</strong></span> 
     </span>
     <span class='ocr_line' id='line_1_38' title="bbox 491 3653 1571 3739; baseline 0 -24"><span class='ocrx_word' id='word_1_212' title='bbox 491 3667 726 3715; x_wconf 77' lang='lat' dir='ltr'><strong>mactus</strong></span> <span class='ocrx_word' id='word_1_213' title='bbox 772 3653 955 3712; x_wconf 76' lang='lat' dir='ltr'><strong>laude</strong></span> <span class='ocrx_word' id='word_1_214' title='bbox 968 3697 992 3725; x_wconf 88' lang='lat'><em>,</em></span> <span class='ocrx_word' id='word_1_215' title='bbox 1035 3658 1253 3712; x_wconf 74' lang='lat' dir='ltr'><strong>virtute</strong></span> <span class='ocrx_word' id='word_1_216' title='bbox 1266 3697 1292 3726; x_wconf 86' lang='lat'><em>,</em></span> <span class='ocrx_word' id='word_1_217' title='bbox 1334 3667 1423 3715; x_wconf 84' lang='lat' dir='ltr'><strong>est</strong></span> <span class='ocrx_word' id='word_1_218' title='bbox 1466 3661 1571 3739; x_wconf 90' lang='lat' dir='ltr'><strong>qui</strong></span> 
     </span>
     <span class='ocr_line' id='line_1_39' title="bbox 490 3738 1569 3820; baseline 0.004 -22"><span class='ocrx_word' id='word_1_219' title='bbox 490 3743 697 3799; x_wconf 77' lang='lat' dir='ltr'><strong>fmitur</strong></span> <span class='ocrx_word' id='word_1_220' title='bbox 720 3738 895 3798; x_wconf 87' lang='lat' dir='ltr'><strong>laude</strong></span> <span class='ocrx_word' id='word_1_221' title='bbox 924 3762 957 3798; x_wconf 86' lang='lat' dir='ltr'><strong>e</strong></span> <span class='ocrx_word' id='word_1_222' title='bbox 985 3760 1049 3798; x_wconf 89' lang='lat' dir='ltr'><strong>re</strong></span> <span class='ocrx_word' id='word_1_223' title='bbox 1077 3743 1225 3800; x_wconf 86' lang='lat' dir='ltr'><strong>bene</strong></span> <span class='ocrx_word' id='word_1_224' title='bbox 1254 3753 1416 3820; x_wconf 83' lang='lat' dir='ltr'><strong>gesta</strong></span> <span class='ocrx_word' id='word_1_225' title='bbox 1430 3787 1445 3816; x_wconf 91' lang='lat'>‚</span> <span class='ocrx_word' id='word_1_226' title='bbox 1492 3763 1569 3802; x_wconf 80' lang='lat' dir='ltr'><strong>ex</strong></span> 
     </span>
     <span class='ocr_line' id='line_1_40' title="bbox 486 3823 1570 3904; baseline 0 -18"><span class='ocrx_word' id='word_1_227' title='bbox 486 3845 751 3886; x_wconf 66' lang='lat' dir='ltr'><strong>&amp;necessu</strong></span> <span class='ocrx_word' id='word_1_228' title='bbox 776 3823 1033 3904; x_wconf 83' lang='lat' dir='ltr'><strong>gaudens</strong></span> <span class='ocrx_word' id='word_1_229' title='bbox 1050 3871 1067 3901; x_wconf 89' lang='lat'>,</span> <span class='ocrx_word' id='word_1_230' title='bbox 1105 3828 1361 3886; x_wconf 84' lang='lat' dir='ltr'><strong>fructum</strong></span> <span class='ocrx_word' id='word_1_231' title='bbox 1399 3829 1570 3886; x_wconf 84' lang='lat' dir='ltr'><strong>laeti-</strong></span> 
     </span>
     <span class='ocr_line' id='line_1_41' title="bbox 488 3910 1570 3992; baseline 0.004 -24"><span class='ocrx_word' id='word_1_232' title='bbox 488 3912 604 3970; x_wconf 86' lang='lat' dir='ltr'><strong>tiae</strong></span> <span class='ocrx_word' id='word_1_233' title='bbox 643 3910 781 3968; x_wconf 88' lang='lat' dir='ltr'><strong>inde</strong></span> <span class='ocrx_word' id='word_1_234' title='bbox 808 3915 1069 3992; x_wconf 83' lang='lat' dir='ltr'><strong>capiens:</strong></span> <span class='ocrx_word' id='word_1_235' title='bbox 1115 3923 1172 3971; x_wconf 88' lang='lat' dir='ltr'><strong>et</strong></span> <span class='ocrx_word' id='word_1_236' title='bbox 1200 3915 1281 3972; x_wconf 87' lang='lat' dir='ltr'><strong>sic</strong></span> <span class='ocrx_word' id='word_1_237' title='bbox 1311 3913 1456 3972; x_wconf 85' lang='lat' dir='ltr'><strong>nihil</strong></span> <span class='ocrx_word' id='word_1_238' title='bbox 1484 3924 1570 3972; x_wconf 84' lang='lat' dir='ltr'><strong>est</strong></span> 
     </span>
    </p>

    <p class='ocr_par' dir='ltr' id='par_1_12' title="bbox 484 3995 1602 4506">
     <span class='ocr_line' id='line_1_42' title="bbox 572 3995 1568 4079; baseline 0.002 -25"><span class='ocrx_word' id='word_1_239' title='bbox 572 3995 649 4054; x_wconf 92' lang='lat' dir='ltr'><strong>od</strong></span> <span class='ocrx_word' id='word_1_240' title='bbox 676 3997 881 4056; x_wconf 84' lang='lat' dir='ltr'><strong>melius</strong></span> <span class='ocrx_word' id='word_1_241' title='bbox 920 4019 1130 4057; x_wconf 82' lang='lat' dir='ltr'><strong>vocem</strong></span> <span class='ocrx_word' id='word_1_242' title='bbox 1156 3997 1361 4058; x_wconf 81' lang='lat' dir='ltr'><strong>reddat</strong></span> <span class='ocrx_word' id='word_1_243' title='bbox 1386 4019 1568 4079; x_wconf 84' lang='lat' dir='ltr'><strong>quam</strong></span> 
     </span>
     <span class='ocr_line' id='line_1_43' title="bbox 488 4075 1569 4163; baseline 0.002 -21"><span class='ocrx_word' id='word_1_244' title='bbox 488 4075 782 4162; x_wconf 78' lang='grc' dir='ltr'><strong><em>σνήμενος</em></strong></span> <span class='ocrx_word' id='word_1_245' title='bbox 808 4083 869 4140; x_wconf 85' lang='lat' dir='ltr'><strong>in</strong></span> <span class='ocrx_word' id='word_1_246' title='bbox 898 4085 999 4144; x_wconf 87' lang='lat' dir='ltr'><strong>illo</strong></span> <span class='ocrx_word' id='word_1_247' title='bbox 1022 4085 1330 4144; x_wconf 82' lang='lat' dir='ltr'><strong>Homerico</strong></span> <span class='ocrx_word' id='word_1_248' title='bbox 1360 4085 1569 4163; x_wconf 83' lang='lat' dir='ltr'><strong>Odyss.</strong></span> 
     </span>
     <span class='ocr_line' id='line_1_44' title="bbox 488 4159 1566 4248; baseline 0 -17"><span class='ocrx_word' id='word_1_249' title='bbox 488 4166 563 4248; x_wconf 86' lang='grc' dir='ltr'><strong>β,</strong></span> <span class='ocrx_word' id='word_1_250' title='bbox 606 4171 688 4231; x_wconf 81' lang='lat'><strong>33</strong></span> <span class='ocrx_word' id='word_1_251' title='bbox 726 4159 980 4243; x_wconf 76' lang='grc' dir='ltr'><strong><em>Ἐσθλός</em></strong></span> <span class='ocrx_word' id='word_1_252' title='bbox 1028 4193 1134 4246; x_wconf 81' lang='grc' dir='ltr'><strong>μοι</strong></span> <span class='ocrx_word' id='word_1_253' title='bbox 1176 4171 1351 4232; x_wconf 72' lang='grc' dir='ltr'><strong><em>δοκεῖ</em></strong></span> <span class='ocrx_word' id='word_1_254' title='bbox 1391 4165 1566 4244; x_wconf 79' lang='grc' dir='ltr'><strong><em>εἶναι,</em></strong></span> 
     </span>
     <span class='ocr_line' id='line_1_45' title="bbox 490 4245 1602 4336; baseline -0.004 -21"><span class='ocrx_word' id='word_1_255' title='bbox 490 4245 822 4334; x_wconf 77' lang='grc' dir='ltr'><strong><em>σ’νήμενος,</em></strong></span> <span class='ocrx_word' id='word_1_256' title='bbox 867 4259 967 4336; x_wconf 91' lang='lat' dir='ltr'><strong>qui</strong></span> <span class='ocrx_word' id='word_1_257' title='bbox 1014 4257 1269 4320; x_wconf 82' lang='lat' dir='ltr'><strong>fructum</strong></span> <span class='ocrx_word' id='word_1_258' title='bbox 1294 4253 1434 4311; x_wconf 84' lang='lat' dir='ltr'><strong>inde</strong></span> <span class='ocrx_word' id='word_1_259' title='bbox 1461 4273 1568 4312; x_wconf 76' lang='lat' dir='ltr'><strong>ca-</strong></span> <span class='ocrx_word' id='word_1_260' title='bbox 1595 4269 1602 4276; x_wconf 87' lang='lat'><strong>·</strong></span> 
     </span>
     <span class='ocr_line' id='line_1_46' title="bbox 484 4339 1565 4418; baseline 0.005 -23"><span class='ocrx_word' id='word_1_261' title='bbox 484 4341 636 4418; x_wconf 87' lang='lat' dir='ltr'><strong>piat,</strong></span> <span class='ocrx_word' id='word_1_262' title='bbox 680 4339 775 4398; x_wconf 88' lang='lat' dir='ltr'><strong>cui</strong></span> <span class='ocrx_word' id='word_1_263' title='bbox 802 4341 950 4398; x_wconf 81' lang='lat' dir='ltr'><strong>bene</strong></span> <span class='ocrx_word' id='word_1_264' title='bbox 979 4343 1081 4414; x_wconf 87' lang='lat' dir='ltr'><strong>sit,</strong></span> <span class='ocrx_word' id='word_1_265' title='bbox 1125 4341 1273 4398; x_wconf 87' lang='lat' dir='ltr'><strong>bene</strong></span> <span class='ocrx_word' id='word_1_266' title='bbox 1304 4339 1565 4400; x_wconf 82' lang='lat' dir='ltr'><strong>eveniat!</strong></span> 
     </span>
     <span class='ocr_line' id='line_1_47' title="bbox 486 4420 1566 4506; baseline 0.005 -23"><span class='ocrx_word' id='word_1_267' title='bbox 486 4423 659 4483; x_wconf 85' lang='lat' dir='ltr'><strong>Unde</strong></span> <span class='ocrx_word' id='word_1_268' title='bbox 700 4426 939 4506; x_wconf 78' lang='lat' dir='ltr'><strong>vulgare</strong></span> <span class='ocrx_word' id='word_1_269' title='bbox 981 4427 1337 4484; x_wconf 81' lang='lat' dir='ltr'><strong>Graecorum</strong></span> <span class='ocrx_word' id='word_1_270' title='bbox 1366 4420 1566 4502; x_wconf 76' lang='grc' dir='ltr'><strong><em>ὄναιο,</em></strong></span> 
     </span>
    </p>
   </div>
   <div class='ocr_carea' id='block_1_12' title="bbox 1649 1676 2770 4081">
    <p class='ocr_par' dir='ltr' id='par_1_13' title="bbox 1649 1676 2770 4081">
     <span class='ocr_line' id='line_1_48' title="bbox 1653 1676 2742 1765; baseline 0.005 -22"><span class='ocrx_word' id='word_1_271' title='bbox 1653 1696 1721 1743; x_wconf 88' lang='lat' dir='ltr'><strong>ut</strong></span> <span class='ocrx_word' id='word_1_272' title='bbox 1763 1682 1824 1744; x_wconf 89' lang='lat' dir='ltr'><strong>h.</strong></span> <span class='ocrx_word' id='word_1_273' title='bbox 1851 1686 1894 1743; x_wconf 88' lang='lat' dir='ltr'><strong>l.</strong></span> <span class='ocrx_word' id='word_1_274' title='bbox 1939 1682 2120 1749; x_wconf 77' lang='grc' dir='ltr'><strong><em>ὄναιο</em></strong></span> <span class='ocrx_word' id='word_1_275' title='bbox 2160 1688 2275 1765; x_wconf 79' lang='grc' dir='ltr'><strong>τῆς</strong></span> <span class='ocrx_word' id='word_1_276' title='bbox 2319 1682 2462 1759; x_wconf 81' lang='grc' dir='ltr'><strong><em>νέας</em></strong></span> <span class='ocrx_word' id='word_1_277' title='bbox 2503 1676 2742 1765; x_wconf 78' lang='grc' dir='ltr'><em>ἆρετῆς-</em></span> 
     </span>
     <span class='ocr_line' id='line_1_49' title="bbox 1653 1769 2747 1851; baseline 0 -22"><span class='ocrx_word' id='word_1_278' title='bbox 1653 1774 1818 1829; x_wconf 88' lang='lat' dir='ltr'><strong>Bene</strong></span> <span class='ocrx_word' id='word_1_279' title='bbox 1847 1774 2074 1831; x_wconf 84' lang='lat' dir='ltr'><strong>eveniat</strong></span> <span class='ocrx_word' id='word_1_280' title='bbox 2115 1774 2374 1851; x_wconf 86' lang='lat' dir='ltr'><strong>primum</strong></span> <span class='ocrx_word' id='word_1_281' title='bbox 2415 1769 2530 1829; x_wconf 81' lang='lat' dir='ltr'><strong>hoc</strong></span> <span class='ocrx_word' id='word_1_282' title='bbox 2557 1774 2747 1831; x_wconf 79' lang='lat' dir='ltr'><strong>virtu-</strong></span> 
     </span>
     <span class='ocr_line' id='line_1_50' title="bbox 1655 1855 2746 1920; baseline -0.001 -4"><span class='ocrx_word' id='word_1_283' title='bbox 1655 1859 1726 1916; x_wconf 83' lang='lat' dir='ltr'><strong>tis</strong></span> <span class='ocrx_word' id='word_1_284' title='bbox 1773 1855 2225 1920; x_wconf 81' lang='lat' dir='ltr'><strong>documentum!</strong></span> <span class='ocrx_word' id='word_1_285' title='bbox 2279 1858 2418 1916; x_wconf 89' lang='lat' dir='ltr'><strong>laeti</strong></span> <span class='ocrx_word' id='word_1_286' title='bbox 2461 1859 2534 1915; x_wconf 86' lang='lat' dir='ltr'><strong>sit</strong></span> <span class='ocrx_word' id='word_1_287' title='bbox 2587 1860 2746 1916; x_wconf 86' lang='lat' dir='ltr'><strong>omi-</strong></span> 
     </span>
     <span class='ocr_line' id='line_1_51' title="bbox 1653 1938 2748 2024; baseline -0.002 -21"><span class='ocrx_word' id='word_1_288' title='bbox 1653 1938 1769 2003; x_wconf 84' lang='lat' dir='ltr'><strong>nis!</strong></span> <span class='ocrx_word' id='word_1_289' title='bbox 1843 1946 2061 2002; x_wconf 82' lang='lat' dir='ltr'><strong>Mirum</strong></span> <span class='ocrx_word' id='word_1_290' title='bbox 2097 1954 2297 2003; x_wconf 85' lang='lat' dir='ltr'><strong>tamen</strong></span> <span class='ocrx_word' id='word_1_291' title='bbox 2341 1940 2501 2024; x_wconf 89' lang='lat' dir='ltr'><strong>quod</strong></span> <span class='ocrx_word' id='word_1_292' title='bbox 2543 1962 2748 2021; x_wconf 83' lang='lat' dir='ltr'><strong>gram-</strong></span> 
     </span>
     <span class='ocr_line' id='line_1_52' title="bbox 1651 2026 2742 2089; baseline 0 -2"><span class='ocrx_word' id='word_1_293' title='bbox 1651 2029 1869 2088; x_wconf 72' lang='lat' dir='ltr'><strong>metica</strong></span> <span class='ocrx_word' id='word_1_294' title='bbox 1905 2032 2054 2089; x_wconf 87' lang='lat' dir='ltr'><strong>ratio</strong></span> <span class='ocrx_word' id='word_1_295' title='bbox 2091 2031 2156 2087; x_wconf 85' lang='lat' dir='ltr'><strong>iu</strong></span> <span class='ocrx_word' id='word_1_296' title='bbox 2183 2050 2295 2087; x_wconf 88' lang='lat' dir='ltr'><strong>usu</strong></span> <span class='ocrx_word' id='word_1_297' title='bbox 2321 2030 2480 2089; x_wconf 83' lang='lat' dir='ltr'><strong>vocis</strong></span> <span class='ocrx_word' id='word_1_298' title='bbox 2512 2026 2742 2087; x_wconf 84' lang='lat' dir='ltr'><strong>deficit:</strong></span> 
     </span>
     <span class='ocr_line' id='line_1_53' title="bbox 1652 2112 2745 2197; baseline -0.001 -25"><span class='ocrx_word' id='word_1_299' title='bbox 1652 2134 1794 2173; x_wconf 86' lang='lat' dir='ltr'><strong>nam</strong></span> <span class='ocrx_word' id='word_1_300' title='bbox 1852 2114 2010 2197; x_wconf 87' lang='lat' dir='ltr'><strong>apud</strong></span> <span class='ocrx_word' id='word_1_301' title='bbox 2065 2116 2303 2174; x_wconf 77' lang='lat' dir='ltr'><strong>Livimn</strong></span> <span class='ocrx_word' id='word_1_302' title='bbox 2369 2112 2535 2171; x_wconf 77' lang='lat' dir='ltr'><strong>iubet</strong></span> <span class='ocrx_word' id='word_1_303' title='bbox 2606 2132 2745 2172; x_wconf 75' lang='lat' dir='ltr'><strong>eum</strong></span> 
     </span>
     <span class='ocr_line' id='line_1_54' title="bbox 1653 2202 2742 2261; baseline 0.002 -4"><span class='ocrx_word' id='word_1_304' title='bbox 1653 2210 1848 2257; x_wconf 80' lang='lat' dir='ltr'><strong>macte</strong></span> <span class='ocrx_word' id='word_1_305' title='bbox 1905 2204 2123 2261; x_wconf 65' lang='lat' dir='ltr'><strong>mit-tute</strong></span> <span class='ocrx_word' id='word_1_306' title='bbox 2177 2220 2319 2259; x_wconf 78' lang='lat' dir='ltr'><strong>esse.</strong></span> <span class='ocrx_word' id='word_1_307' title='bbox 2403 2202 2484 2261; x_wconf 85' lang='lat' dir='ltr'><strong>Et</strong></span> <span class='ocrx_word' id='word_1_308' title='bbox 2529 2210 2742 2259; x_wconf 69' lang='lat' dir='ltr'><strong>*tamen</strong></span> 
     </span>
     <span class='ocr_line' id='line_1_55' title="bbox 1649 2284 2744 2357; baseline -0.002 -12"><span class='ocrx_word' id='word_1_309' title='bbox 1649 2284 1845 2345; x_wconf 82' lang='lat' dir='ltr'><strong>idem:</strong></span> <span class='ocrx_word' id='word_1_310' title='bbox 1887 2288 2076 2345; x_wconf 74' lang='lat' dir='ltr'><strong>macti</strong></span> <span class='ocrx_word' id='word_1_311' title='bbox 2106 2287 2350 2357; x_wconf 62' lang='lat' dir='ltr'><strong>aab-uae,</strong></span> <span class='ocrx_word' id='word_1_312' title='bbox 2376 2285 2744 2343; x_wconf 71' lang='lat' dir='ltr'><strong>militesRo-</strong></span> 
     </span>
     <span class='ocr_line' id='line_1_56' title="bbox 1653 2360 2744 2454; baseline 0.002 -25"><span class='ocrx_word' id='word_1_313' title='bbox 1653 2373 1825 2429; x_wconf 82' lang='lat' dir='ltr'><strong>mam&#39;</strong></span> <span class='ocrx_word' id='word_1_314' title='bbox 1838 2414 1864 2443; x_wconf 87' lang='lat'><em>,</em></span> <span class='ocrx_word' id='word_1_315' title='bbox 1909 2382 2043 2431; x_wconf 81' lang='lat' dir='ltr'><strong>este.</strong></span> <span class='ocrx_word' id='word_1_316' title='bbox 2141 2360 2456 2449; x_wconf 72' lang='lat' dir='ltr'><strong>(Mac-ms·</strong></span> <span class='ocrx_word' id='word_1_317' title='bbox 2476 2374 2744 2454; x_wconf 84' lang='lat' dir='ltr'><strong>antiquos</strong></span> 
     </span>
     <span class='ocr_line' id='line_1_57' title="bbox 1654 2457 2740 2533; baseline 0.002 -17"><span class='ocrx_word' id='word_1_318' title='bbox 1654 2457 1868 2516; x_wconf 86' lang='lat' dir='ltr'><strong>dixisse</strong></span> <span class='ocrx_word' id='word_1_319' title='bbox 1885 2502 1900 2533; x_wconf 90' lang='lat'>‚</span> <span class='ocrx_word' id='word_1_320' title='bbox 1959 2459 2119 2517; x_wconf 84' lang='lat' dir='ltr'><strong>testis</strong></span> <span class='ocrx_word' id='word_1_321' title='bbox 2174 2468 2258 2516; x_wconf 90' lang='lat' dir='ltr'><strong>est</strong></span> <span class='ocrx_word' id='word_1_322' title='bbox 2301 2459 2646 2517; x_wconf 84' lang='lat' dir='ltr'><strong>Priscianus&#39;</strong></span> <span class='ocrx_word' id='word_1_323' title='bbox 2667 2458 2740 2532; x_wconf 81' lang='lat' dir='ltr'><strong>V,</strong></span> 
     </span>
     <span class='ocr_line' id='line_1_58' title="bbox 1660 2546 2746 2626; baseline -0.006 -16"><span class='ocrx_word' id='word_1_324' title='bbox 1660 2549 1760 2618; x_wconf 82' lang='lat'><strong>12,</strong></span> <span class='ocrx_word' id='word_1_325' title='bbox 1804 2549 1940 2616; x_wconf 84' lang='lat'><strong>66.;</strong></span> <span class='ocrx_word' id='word_1_326' title='bbox 1995 2563 2356 2626; x_wconf 84' lang='lat' dir='ltr'><strong>quamquam</strong></span> <span class='ocrx_word' id='word_1_327' title='bbox 2385 2547 2488 2626; x_wconf 90' lang='lat' dir='ltr'><strong>qui</strong></span> <span class='ocrx_word' id='word_1_328' title='bbox 2526 2547 2608 2604; x_wconf 89' lang='lat' dir='ltr'><strong>ita</strong></span> <span class='ocrx_word' id='word_1_329' title='bbox 2649 2546 2746 2604; x_wconf 88' lang='lat' dir='ltr'><strong>lo·-</strong></span> 
     </span>
     <span class='ocr_line' id='line_1_59' title="bbox 1657 2632 2746 2705; baseline 0.002 -18"><span class='ocrx_word' id='word_1_330' title='bbox 1657 2640 1822 2688; x_wconf 78' lang='lat' dir='ltr'><strong>cutus</strong></span> <span class='ocrx_word' id='word_1_331' title='bbox 1875 2632 1981 2705; x_wconf 82' lang='lat' dir='ltr'><strong>sit,</strong></span> <span class='ocrx_word' id='word_1_332' title='bbox 2024 2633 2328 2688; x_wconf 84' lang='lat' dir='ltr'><strong>neminem</strong></span> <span class='ocrx_word' id='word_1_333' title='bbox 2369 2649 2529 2688; x_wconf 87' lang='lat' dir='ltr'><strong>nunc</strong></span> <span class='ocrx_word' id='word_1_334' title='bbox 2574 2633 2746 2689; x_wconf 80' lang='lat' dir='ltr'><strong>inve-</strong></span> 
     </span>
     <span class='ocr_line' id='line_1_60' title="bbox 1655 2713 2744 2796; baseline 0.004 -25"><span class='ocrx_word' id='word_1_335' title='bbox 1655 2717 1800 2774; x_wconf 85' lang='lat' dir='ltr'><strong>nias.</strong></span> <span class='ocrx_word' id='word_1_336' title='bbox 1887 2713 2010 2774; x_wconf 87' lang='lat' dir='ltr'><strong>Sed</strong></span> <span class='ocrx_word' id='word_1_337' title='bbox 2037 2735 2223 2796; x_wconf 87' lang='lat' dir='ltr'><strong>quum</strong></span> <span class='ocrx_word' id='word_1_338' title='bbox 2250 2717 2370 2773; x_wconf 86' lang='lat' dir='ltr'><strong>fere</strong></span> <span class='ocrx_word' id='word_1_339' title='bbox 2413 2717 2476 2773; x_wconf 87' lang='lat' dir='ltr'><strong>in</strong></span> <span class='ocrx_word' id='word_1_340' title='bbox 2517 2717 2744 2775; x_wconf 85' lang='lat' dir='ltr'><strong>allocu—</strong></span> 
     </span>
     <span class='ocr_line' id='line_1_61' title="bbox 1655 2800 2744 2876; baseline 0.002 -18"><span class='ocrx_word' id='word_1_341' title='bbox 1655 2801 1814 2860; x_wconf 88' lang='lat' dir='ltr'><strong>tione</strong></span> <span class='ocrx_word' id='word_1_342' title='bbox 1841 2811 2139 2860; x_wconf 88' lang='lat' dir='ltr'><strong>uterentur</strong></span> <span class='ocrx_word' id='word_1_343' title='bbox 2166 2800 2281 2860; x_wconf 89' lang='lat' dir='ltr'><strong>hoc</strong></span> <span class='ocrx_word' id='word_1_344' title='bbox 2301 2804 2561 2876; x_wconf 86' lang='lat' dir='ltr'><strong>nomine,</strong></span> <span class='ocrx_word' id='word_1_345' title='bbox 2613 2823 2744 2860; x_wconf 85' lang='lat' dir='ltr'><strong>cre-</strong></span> 
     </span>
     <span class='ocr_line' id='line_1_62' title="bbox 1654 2885 2770 2962; baseline -0.002 -18"><span class='ocrx_word' id='word_1_346' title='bbox 1654 2885 1760 2944; x_wconf 88' lang='lat' dir='ltr'><strong>ber</strong></span> <span class='ocrx_word' id='word_1_347' title='bbox 1801 2885 2065 2945; x_wconf 78' lang='lat' dir='ltr'><strong>Vocativi</strong></span> <span class='ocrx_word' id='word_1_348' title='bbox 2092 2907 2228 2948; x_wconf 82' lang='lat' dir='ltr'><strong>usus</strong></span> <span class='ocrx_word' id='word_1_349' title='bbox 2258 2885 2483 2962; x_wconf 85' lang='lat' dir='ltr'><strong>effecit,</strong></span> <span class='ocrx_word' id='word_1_350' title='bbox 2525 2898 2592 2946; x_wconf 84' lang='lat' dir='ltr'><strong>ut</strong></span> <span class='ocrx_word' id='word_1_351' title='bbox 2617 2891 2770 2948; x_wconf 79' lang='lat' dir='ltr'><strong>N0-.</strong></span> 
     </span>
     <span class='ocr_line' id='line_1_63' title="bbox 1655 2971 2746 3052; baseline 0.002 -22"><span class='ocrx_word' id='word_1_352' title='bbox 1655 2974 1964 3032; x_wconf 81' lang='lat' dir='ltr'><strong>minativus</strong></span> <span class='ocrx_word' id='word_1_353' title='bbox 1974 2975 2147 3052; x_wconf 86' lang='lat' dir='ltr'><strong>plane</strong></span> <span class='ocrx_word' id='word_1_354' title='bbox 2165 2971 2575 3048; x_wconf 78' lang='lat' dir='ltr'><strong>obsolesceret3</strong></span> <span class='ocrx_word' id='word_1_355' title='bbox 2601 2971 2746 3032; x_wconf 87' lang='lat' dir='ltr'><strong>hinc</strong></span> 
     </span>
     <span class='ocr_line' id='line_1_64' title="bbox 1657 3059 2746 3130; baseline 0.001 -15"><span class='ocrx_word' id='word_1_356' title='bbox 1657 3059 1835 3115; x_wconf 88' lang='lat' dir='ltr'><strong>etiam</strong></span> <span class='ocrx_word' id='word_1_357' title='bbox 1875 3069 2068 3116; x_wconf 74' lang='lat' dir='ltr'><strong>mete</strong></span> <span class='ocrx_word' id='word_1_358' title='bbox 2103 3069 2221 3118; x_wconf 81' lang='lat' dir='ltr'><strong>esto</strong></span> <span class='ocrx_word' id='word_1_359' title='bbox 2239 3102 2263 3130; x_wconf 92' lang='lat'><em>,</em></span> <span class='ocrx_word' id='word_1_360' title='bbox 2323 3079 2446 3117; x_wconf 85' lang='lat' dir='ltr'><strong>non</strong></span> <span class='ocrx_word' id='word_1_361' title='bbox 2505 3070 2746 3117; x_wconf 72' lang='lat' dir='ltr'><strong>mac-cm,-</strong></span> 
     </span>
     <span class='ocr_line' id='line_1_65' title="bbox 1655 3142 2746 3223; baseline 0.002 -23"><span class='ocrx_word' id='word_1_362' title='bbox 1655 3153 1794 3201; x_wconf 82' lang='lat' dir='ltr'><strong>est0.</strong></span> <span class='ocrx_word' id='word_1_363' title='bbox 1879 3142 1950 3202; x_wconf 91' lang='lat' dir='ltr'><strong>Id</strong></span> <span class='ocrx_word' id='word_1_364' title='bbox 1991 3145 2170 3223; x_wconf 85' lang='lat' dir='ltr'><strong>igitur</strong></span> <span class='ocrx_word' id='word_1_365' title='bbox 2206 3146 2454 3202; x_wconf 82' lang='lat' dir='ltr'><strong>minime</strong></span> <span class='ocrx_word' id='word_1_366' title='bbox 2495 3143 2714 3202; x_wconf 80' lang='lat' dir='ltr'><strong>mirum</strong></span> <span class='ocrx_word' id='word_1_367' title='bbox 2718 3187 2746 3215; x_wconf 86' lang='lat'><em>,</em></span> 
     </span>
     <span class='ocr_line' id='line_1_66' title="bbox 1654 3227 2744 3311; baseline 0.001 -24"><span class='ocrx_word' id='word_1_368' title='bbox 1654 3227 1814 3311; x_wconf 86' lang='lat' dir='ltr'><strong>quod</strong></span> <span class='ocrx_word' id='word_1_369' title='bbox 1832 3273 1850 3302; x_wconf 85' lang='lat'>,</span> <span class='ocrx_word' id='word_1_370' title='bbox 1895 3229 1996 3288; x_wconf 90' lang='lat' dir='ltr'><strong>ubi</strong></span> <span class='ocrx_word' id='word_1_371' title='bbox 2047 3231 2241 3310; x_wconf 85' lang='lat' dir='ltr'><strong>plures</strong></span> <span class='ocrx_word' id='word_1_372' title='bbox 2287 3232 2744 3311; x_wconf 77' lang='lat' dir='ltr'><strong>appellabantur,</strong></span> 
     </span>
     <span class='ocr_line' id='line_1_67' title="bbox 1652 3315 2744 3397; baseline 0.003 -25"><span class='ocrx_word' id='word_1_373' title='bbox 1652 3315 1876 3386; x_wconf 78' lang='lat' dir='ltr'><strong>macti,</strong></span> <span class='ocrx_word' id='word_1_374' title='bbox 1921 3317 2024 3397; x_wconf 73' lang='lat' dir='ltr'><strong>qui</strong></span> <span class='ocrx_word' id='word_1_375' title='bbox 2053 3327 2109 3374; x_wconf 83' lang='lat' dir='ltr'><strong>et</strong></span> <span class='ocrx_word' id='word_1_376' title='bbox 2139 3319 2261 3397; x_wconf 80' lang='lat' dir='ltr'><strong>ips‘e</strong></span> <span class='ocrx_word' id='word_1_377' title='bbox 2283 3317 2603 3376; x_wconf 70' lang='lat' dir='ltr'><strong>vocativus</strong></span> <span class='ocrx_word' id='word_1_378' title='bbox 2633 3327 2744 3390; x_wconf 82' lang='lat' dir='ltr'><strong>est,</strong></span> 
     </span>
     <span class='ocr_line' id='line_1_68' title="bbox 1653 3399 2746 3484; baseline 0.003 -25"><span class='ocrx_word' id='word_1_379' title='bbox 1653 3399 1944 3459; x_wconf 85' lang='lat' dir='ltr'><strong>dixerunt.</strong></span> <span class='ocrx_word' id='word_1_380' title='bbox 1989 3400 2143 3474; x_wconf 83' lang='lat' dir='ltr'><strong>Quid</strong></span> <span class='ocrx_word' id='word_1_381' title='bbox 2171 3413 2387 3477; x_wconf 82' lang='lat' dir='ltr'><strong>autem,</strong></span> <span class='ocrx_word' id='word_1_382' title='bbox 2417 3401 2577 3484; x_wconf 90' lang='lat' dir='ltr'><strong>quod</strong></span> <span class='ocrx_word' id='word_1_383' title='bbox 2603 3422 2746 3462; x_wconf 78' lang='lat' dir='ltr'><strong>usus</strong></span> 
     </span>
     <span class='ocr_line' id='line_1_69' title="bbox 1654 3485 2746 3568; baseline 0 -24"><span class='ocrx_word' id='word_1_384' title='bbox 1654 3505 1726 3545; x_wconf 87' lang='lat' dir='ltr'><strong>eo</strong></span> <span class='ocrx_word' id='word_1_385' title='bbox 1769 3485 2039 3562; x_wconf 81' lang='lat' dir='ltr'><strong>deflexit,</strong></span> <span class='ocrx_word' id='word_1_386' title='bbox 2091 3499 2157 3546; x_wconf 86' lang='lat' dir='ltr'><strong>ut</strong></span> <span class='ocrx_word' id='word_1_387' title='bbox 2195 3498 2489 3568; x_wconf 85' lang='lat' dir='ltr'><strong>postremo</strong></span> <span class='ocrx_word' id='word_1_388' title='bbox 2547 3499 2746 3545; x_wconf 80' lang='lat' dir='ltr'><strong>macte</strong></span> 
     </span>
     <span class='ocr_line' id='line_1_70' title="bbox 1657 3573 2748 3653; baseline 0.001 -23"><span class='ocrx_word' id='word_1_389' title='bbox 1657 3574 1832 3630; x_wconf 85' lang='lat' dir='ltr'><strong>etiam</strong></span> <span class='ocrx_word' id='word_1_390' title='bbox 1857 3573 2152 3632; x_wconf 84' lang='lat' dir='ltr'><strong>femininis</strong></span> <span class='ocrx_word' id='word_1_391' title='bbox 2178 3575 2514 3632; x_wconf 74' lang='lat' dir='ltr'><strong>nominibus</strong></span> <span class='ocrx_word' id='word_1_392' title='bbox 2531 3577 2748 3653; x_wconf 84' lang='lat' dir='ltr'><strong>iunge-—</strong></span> 
     </span>
     <span class='ocr_line' id='line_1_71' title="bbox 1651 3653 2747 3736; baseline 0.002 -20"><span class='ocrx_word' id='word_1_393' title='bbox 1651 3669 1810 3716; x_wconf 86' lang='lat' dir='ltr'><strong>retur</strong></span> <span class='ocrx_word' id='word_1_394' title='bbox 1828 3653 1860 3718; x_wconf 71' lang='grc' dir='ltr'><strong>Ξ)</strong></span> <span class='ocrx_word' id='word_1_395' title='bbox 1921 3654 2104 3736; x_wconf 54' lang='lat' dir='ltr'><strong>ler.)</strong></span> <span class='ocrx_word' id='word_1_396' title='bbox 2187 3661 2256 3720; x_wconf 88' lang='lat' dir='ltr'><strong>Si</strong></span> <span class='ocrx_word' id='word_1_397' title='bbox 2282 3661 2344 3717; x_wconf 87' lang='lat' dir='ltr'><strong>in</strong></span> <span class='ocrx_word' id='word_1_398' title='bbox 2375 3661 2638 3718; x_wconf 81' lang='lat' dir='ltr'><strong>formulis</strong></span> <span class='ocrx_word' id='word_1_399' title='bbox 2667 3657 2747 3718; x_wconf 81' lang='lat' dir='ltr'><strong>ad</strong></span> 
     </span>
     <span class='ocr_line' id='line_1_72' title="bbox 1654 3742 2746 3825; baseline 0.001 -24"><span class='ocrx_word' id='word_1_400' title='bbox 1654 3742 1790 3802; x_wconf 86' lang='lat' dir='ltr'><strong>deos</strong></span> <span class='ocrx_word' id='word_1_401' title='bbox 1817 3743 2093 3825; x_wconf 81' lang='lat' dir='ltr'><strong>precandi</strong></span> <span class='ocrx_word' id='word_1_402' title='bbox 2123 3747 2402 3820; x_wconf 73' lang='lat' dir='ltr'><strong>oomrrit,</strong></span> <span class='ocrx_word' id='word_1_403' title='bbox 2446 3757 2576 3804; x_wconf 79' lang='lat' dir='ltr'><strong>tum</strong></span> <span class='ocrx_word' id='word_1_404' title='bbox 2604 3763 2746 3802; x_wconf 73' lang='grc' dir='ltr'><em>ηια-</em></span> 
     </span>
     <span class='ocr_line' id='line_1_73' title="bbox 1651 3829 2744 3910; baseline 0.002 -24"><span class='ocrx_word' id='word_1_405' title='bbox 1651 3840 1783 3890; x_wconf 71' lang='lat' dir='ltr'><strong>ctus</strong></span> <span class='ocrx_word' id='word_1_406' title='bbox 1810 3829 2040 3888; x_wconf 79' lang='lat' dir='ltr'><strong>videtur</strong></span> <span class='ocrx_word' id='word_1_407' title='bbox 2070 3851 2190 3889; x_wconf 87' lang='lat' dir='ltr'><strong>esse</strong></span> <span class='ocrx_word' id='word_1_408' title='bbox 2206 3833 2407 3905; x_wconf 77' lang='lat' dir='ltr'><strong>laetus,</strong></span> <span class='ocrx_word' id='word_1_409' title='bbox 2439 3833 2744 3910; x_wconf 84' lang='lat' dir='ltr'><strong>propitius.</strong></span> 
     </span>
     <span class='ocr_line' id='line_1_74' title="bbox 1651 3913 2743 3996; baseline 0 -23"><span class='ocrx_word' id='word_1_410' title='bbox 1651 3913 1726 3973; x_wconf 79' lang='lat' dir='ltr'><strong>cf.</strong></span> <span class='ocrx_word' id='word_1_411' title='bbox 1759 3916 1900 3974; x_wconf 83' lang='lat' dir='ltr'><strong>Cato</strong></span> <span class='ocrx_word' id='word_1_412' title='bbox 1931 3915 2179 3975; x_wconf 59' lang='lat' dir='ltr'><strong>dean.</strong></span> <span class='ocrx_word' id='word_1_413' title='bbox 2201 3915 2340 3981; x_wconf 83' lang='lat'><strong>134.</strong></span> <span class='ocrx_word' id='word_1_414' title='bbox 2395 3916 2539 3981; x_wconf 82' lang='lat'><strong>642.</strong></span> <span class='ocrx_word' id='word_1_415' title='bbox 2563 3917 2743 3996; x_wconf 50' lang='lat' dir='ltr'><strong>genif-</strong></span> 
     </span>
     <span class='ocr_line' id='line_1_75' title="bbox 1655 4001 2748 4081; baseline 0.004 -25"><span class='ocrx_word' id='word_1_416' title='bbox 1655 4010 1787 4057; x_wconf 62' lang='grc' dir='ltr'><em>ειη-ε</em></span> <span class='ocrx_word' id='word_1_417' title='bbox 1827 4001 1967 4058; x_wconf 81' lang='lat' dir='ltr'><strong>deos·</strong></span> <span class='ocrx_word' id='word_1_418' title='bbox 2009 4013 2247 4081; x_wconf 84' lang='lat' dir='ltr'><strong>propter</strong></span> <span class='ocrx_word' id='word_1_419' title='bbox 2282 4003 2500 4059; x_wconf 85' lang='lat' dir='ltr'><strong>Iulium</strong></span> <span class='ocrx_word' id='word_1_420' title='bbox 2525 4003 2748 4060; x_wconf 77' lang='lat' dir='ltr'><strong>Gaesa-</strong></span> 
     </span>
    </p>
   </div>
   <div class='ocr_carea' id='block_1_13' title="bbox 1653 4087 2750 4232">
    <p class='ocr_par' dir='ltr' id='par_1_14' title="bbox 1653 4087 2750 4232">
     <span class='ocr_line' id='line_1_76' title="bbox 1653 4087 2748 4165; baseline 0.003 -22"><span class='ocrx_word' id='word_1_421' title='bbox 1653 4105 1782 4143; x_wconf 86' lang='lat' dir='ltr'><strong>rem</strong></span> <span class='ocrx_word' id='word_1_422' title='bbox 1810 4098 1870 4144; x_wconf 90' lang='lat' dir='ltr'><strong>et</strong></span> <span class='ocrx_word' id='word_1_423' title='bbox 1894 4089 2230 4165; x_wconf 85' lang='lat' dir='ltr'><strong>Augustum</strong></span> <span class='ocrx_word' id='word_1_424' title='bbox 2247 4131 2263 4162; x_wconf 93' lang='lat'>,</span> <span class='ocrx_word' id='word_1_425' title='bbox 2291 4097 2360 4144; x_wconf 84' lang='lat' dir='ltr'><strong>ut</strong></span> <span class='ocrx_word' id='word_1_426' title='bbox 2385 4089 2552 4146; x_wconf 76' lang='lat' dir='ltr'><strong>Serv.</strong></span> <span class='ocrx_word' id='word_1_427' title='bbox 2611 4087 2748 4162; x_wconf 82' lang='lat' dir='ltr'><strong>(Si-</strong></span> 
     </span>
     <span class='ocr_line' id='line_1_77' title="bbox 1653 4171 2750 4232; baseline 0.001 -3"><span class='ocrx_word' id='word_1_428' title='bbox 1653 4173 1816 4229; x_wconf 76' lang='lat' dir='ltr'><strong>milia</strong></span> <span class='ocrx_word' id='word_1_429' title='bbox 1859 4171 1979 4232; x_wconf 78' lang='lat' dir='ltr'><strong>vid.</strong></span> <span class='ocrx_word' id='word_1_430' title='bbox 2011 4173 2082 4229; x_wconf 89' lang='lat' dir='ltr'><strong>ab</strong></span> <span class='ocrx_word' id='word_1_431' title='bbox 2119 4171 2352 4230; x_wconf 88' lang='lat' dir='ltr'><strong>Handio</strong></span> <span class='ocrx_word' id='word_1_432' title='bbox 2380 4173 2638 4232; x_wconf 74' lang='lat' dir='ltr'><strong>ad&#39;Stat.</strong></span> <span class='ocrx_word' id='word_1_433' title='bbox 2677 4173 2750 4231; x_wconf 88' lang='lat' dir='ltr'><strong>S.</strong></span> 
     </span>
    </p>
   </div>
   <div class='ocr_carea' id='block_1_14' title="bbox 1649 4256 2752 4511">
    <p class='ocr_par' dir='ltr' id='par_1_15' title="bbox 1649 4256 2752 4511">
     <span class='ocr_line' id='line_1_78' title="bbox 1650 4256 2746 4336; baseline -0.005 -16"><span class='ocrx_word' id='word_1_434' title='bbox 1650 4259 1696 4329; x_wconf 86' lang='lat'><strong>1,</strong></span> <span class='ocrx_word' id='word_1_435' title='bbox 1721 4262 1776 4332; x_wconf 83' lang='lat'><strong>1,</strong></span> <span class='ocrx_word' id='word_1_436' title='bbox 1805 4256 1908 4320; x_wconf 78' lang='lat'><strong>74.</strong></span> <span class='ocrx_word' id='word_1_437' title='bbox 1925 4257 2114 4316; x_wconf 86' lang='lat' dir='ltr'><strong>allata.</strong></span> <span class='ocrx_word' id='word_1_438' title='bbox 2151 4257 2332 4336; x_wconf 76' lang='lat' dir='ltr'><strong>W.)</strong></span> <span class='ocrx_word' id='word_1_439' title='bbox 2419 4257 2568 4322; x_wconf 79' lang='lat'><strong>642.</strong></span> <span class='ocrx_word' id='word_1_440' title='bbox 2597 4257 2746 4332; x_wconf 70' lang='lat'><strong>643.</strong></span> 
     </span>
     <span class='ocr_line' id='line_1_79' title="bbox 1649 4340 2748 4418; baseline -0.002 -16"><span class='ocrx_word' id='word_1_441' title='bbox 1649 4340 2078 4402; x_wconf 75' lang='lat' dir='ltr'><strong>Adscribendus</strong></span> <span class='ocrx_word' id='word_1_442' title='bbox 2107 4353 2197 4402; x_wconf 72' lang='lat' dir='ltr'><strong>est</strong></span> <span class='ocrx_word' id='word_1_443' title='bbox 2221 4341 2318 4401; x_wconf 88' lang='lat' dir='ltr'><strong>hic</strong></span> <span class='ocrx_word' id='word_1_444' title='bbox 2346 4343 2510 4401; x_wconf 81' lang='lat' dir='ltr'><strong>locus</strong></span> <span class='ocrx_word' id='word_1_445' title='bbox 2535 4345 2640 4418; x_wconf 76' lang='lat' dir='ltr'><strong>iis,</strong></span> <span class='ocrx_word' id='word_1_446' title='bbox 2683 4345 2748 4400; x_wconf 86' lang='lat' dir='ltr'><strong>in</strong></span> 
     </span>
     <span class='ocr_line' id='line_1_80' title="bbox 1654 4429 2752 4511; baseline 0.002 -26"><span class='ocrx_word' id='word_1_447' title='bbox 1654 4429 1861 4509; x_wconf 82' lang='lat' dir='ltr'><strong>quibus</strong></span> <span class='ocrx_word' id='word_1_448' title='bbox 1905 4429 2062 4507; x_wconf 76' lang='lat' dir='ltr'><strong>pacis</strong></span> <span class='ocrx_word' id='word_1_449' title='bbox 2092 4449 2198 4511; x_wconf 86' lang='lat' dir='ltr'><strong>per</strong></span> <span class='ocrx_word' id='word_1_450' title='bbox 2229 4430 2434 4489; x_wconf 77' lang='lat' dir='ltr'><strong>orbem</strong></span> <span class='ocrx_word' id='word_1_451' title='bbox 2460 4440 2752 4490; x_wconf 81' lang='lat' dir='ltr'><strong>terrarum</strong></span> 
     </span>
    </p>
   </div>
   <div class='ocr_carea' id='block_1_15' title="bbox 2977 0 2980 545">
    <p class='ocr_par' dir='ltr' id='par_1_16' title="bbox 2977 0 2980 545">
     <span class='ocr_line' id='line_1_81' title="bbox 2977 0 2980 545; baseline 0 0"><span class='ocrx_word' id='word_1_452' title='bbox 2977 0 2980 545; x_wconf 95' lang='lat' dir='ltr'><strong> </strong></span> 
     </span>
    </p>
   </div>
   <div class='ocr_carea' id='block_1_16' title="bbox 2978 4173 2981 4932">
    <p class='ocr_par' dir='ltr' id='par_1_17' title="bbox 2978 4173 2981 4932">
     <span class='ocr_line' id='line_1_82' title="bbox 2978 4173 2981 4932; baseline 0 0"><span class='ocrx_word' id='word_1_453' title='bbox 2978 4173 2981 4932; x_wconf 95' lang='lat' dir='ltr'><strong> </strong></span> 
     </span>
    </p>
   </div>
  </div>
 </body>
</html>
