3009 5050
790 414 978 488 AD
1081 412 1735 494 LIBRUM
1839 417 2013 493 VII
2366 431 2541 504 135‘

264 597 476 666 τόπων
529 599 984 676 ναυσθλῶσεται
1031 637 1106 648 -
1163 605 1244 663 Et
1279 605 1462 666 Varro
1502 608 1573 666 Ia.
1616 609 1688 668 1..
1730 609 1774 668 l.
1816 629 1871 670 c.
1895 611 2049 670 Alba
2076 643 2161 654 —
2188 611 2259 670 id
2284 611 2365 670 ab
2405 635 2511 672 cue

265 685 416 748 alba
444 688 966 768 cognominamu-
1057 689 1236 750 Haec
1289 712 1320 748 e
1363 693 1515 750 navi
1560 691 1809 752 Aeneae
1846 715 1989 754 cum
2004 697 2278 776 fiagieaet
2314 699 2509 760 Lavi-

267 777 438 832 nium
452 817 476 844 ,
547 775 799 853 &lig-iata
839 777 1012 853 parit
1043 796 1280 852 porcos.
1371 779 1472 836 Ex
1510 777 1625 836 hoc
1652 779 1937 859 prodigio
1978 793 2130 862 post
2174 783 2513 843 lavinium

267 861 574 918 conditam
599 861 782 918 annio
811 861 1079 940 ,triginta
1102 861 1254 921 haee
1289 861 1434 922 urbo
1451 862 1643 942 fhoca
1658 907 1683 935 ‚
1712 877 1966 943 propter
2006 867 2259 926 colorem
2288 870 2415 928 suis
2454 880 2513 926 et

267 945 386 1004 Ioci
411 957 697 1007 naturam
719 945 896 1008 Alba
921 947 1146 1025 Longa
1177 947 1362 1006 dicta.
1453 950 1659 1008 Scrofa
1700 952 1808 1010 sub
1837 951 2041 1011 arbore
2068 955 2265 1014 visitur
2302 956 2365 1012 in
2392 975 2509 1014 nu-

265 1037 379 1091 mia
399 1031 644 1090 Adriani
672 1042 730 1091 et
746 1033 1033 1093 Antonini
1057 1033 1150 1092 Pii
1177 1032 1392 1092 affabre
1405 1034 1605 1094 factis.

432 1137 524 1194 ne
567 1133 698 1194 loeo
714 1176 738 1206 ,
787 1136 858 1192 in
903 1155 1024 1213 quo
1049 1155 1156 1194 suo
1192 1137 1444 1196 inventa
1486 1148 1609 1208 eat,
1664 1135 1857 1199 adhuc
1883 1141 2167 1198 nonnulla
2212 1141 2509 1202 monenda

265 1231 431 1295 sunt,
485 1239 624 1281 oum
664 1230 837 1299 poeta
877 1239 1017 1278 eum
1057 1221 1140 1280 ita
1179 1220 1470 1280 declarare
1510 1221 1775 1283 videatur
1788 1269 1805 1300 ‚
1849 1227 2013 1307 quasi
2040 1226 2241 1284 eodem
2284 1229 2351 1285 in
2380 1227 2509 1285 Ioco

264 1325 410 1370 mox
449 1307 588 1364 urba
615 1303 922 1364 condenda
951 1317 1008 1364 et
1037 1305 1269 1366 condita
1293 1308 1505 1367 fuerit:
1558 1329 1699 1367 nam
1726 1312 1879 1368 Aen.
1905 1313 2007 1390 ΠΙ,
2040 1313 2163 1375 889
2190 1331 2353 1392 sequ.
2383 1315 2507 1370 He-

263 1395 431 1451 lenus
448 1410 478 1450 :·
531 1391 736 1467 Quum
759 1389 870 1449 tibi
891 1391 1144 1450 cumcito
1167 1393 1378 1476 aecreti
1407 1394 1801 1473 adflmm'm‘e
1826 1396 2059 1454 undam
2088 1397 2373 1455 Littoreis
2409 1399 2511 1454 ἰη-

259 1475 1455 1638 ῗιῗέἱῗιῖἕῖἔᾝῗῗιῗῖοέἕῴ
1460 1501 1561 1624 ’.ψ’
1562 1481 2511 1644 Zpfflssmssffssffliss}

267 1650 500 1727 requies
535 1667 608 1704 ea
638 1651 799 1705 certa
823 1645 1122 1706 laborum.
1209 1650 1290 1708 Bt
1315 1651 1469 1726 Vm,
1497 1649 1781 1717 42—48
1808 1653 1910 1710 ubi
1938 1653 2237 1712 oraculum
2262 1671 2298 1710 a
2325 1654 2511 1713 Tibe-

267 1737 394 1792 rino
415 1735 726 1813 repetitur:
785 1733 1068 1792 Liuor-eis
1097 1736 1312 1814 ingene
1337 1768 1424 1780 --
1455 1735 1533 1812 (si
1556 1735 1737 1796 modo
1753 1780 1771 1812 ,
1812 1737 1974 1818 quod
2002 1737 2221 1814 dubito,
2262 1757 2375 1798 vas.
2402 1737 2511 1804 46.

265 1819 371 1884 47.
400 1818 484 1884 48
512 1829 670 1877 recte
693 1819 776 1877 ibi
800 1821 998 1878 locum
1025 1817 1272 1900 habent)
1311 1823 1600 1882 Memorat
1624 1841 1765 1902 ergo
1790 1833 1965 1902 poeta
1988 1825 2189 1884 locum
2222 1821 2298 1882 ad
2324 1825 2511 1882 Tibe-

264 1907 410 1980 rim,
449 1903 1110 1984 oecreti.adflum12rm
1151 1906 1426 1978 undam,
1474 1920 1535 1966 et
1574 1906 1676 1967 hic
1714 1910 1923 1968 urbem
1963 1907 2331 1969 condendam
2368 1929 2509 1969 esse.

264 1993 446 2074 Atqui
489 1993 554 2050 in
593 1992 662 2050 iis
697 1991 840 2050 locis
875 1992 1014 2050 urbs
1055 1991 1290 2055 condita
1333 1995 1408 2053 ab
1435 1995 1638 2053 Aenea
1676 2005 2037 2054 memoratur
2074 1995 2256 2054 nulla.

433 2109 804 2173 Conveniunt
839 2122 1038 2169 tamen
1077 2110 1139 2169 in
1186 2131 1256 2170 eo
1297 2111 1466 2192 plura
1505 2111 1729 2192 Virgilii
1757 2115 1886 2172 loca
1903 2159 1919 2189 ,
1964 2113 2171 2173 urbem
2211 2113 2283 2173 ab
2309 2115 2513 2176 Aenea

263 2193 559 2256 conditam
587 2216 708 2255 esse
726 2242 742 2272 ,
775 2217 849 2255 ex
877 2217 995 2278 qua
1021 2197 1274 2282 reliquus
1301 2199 1555 2256 fatorum
1589 2198 1729 2257 ordo
1758 2197 1963 2258 ductus
2000 2211 2164 2258 esset.
2205 2198 2363 2258 unde
2392 2209 2511 2259 sta-

261 2283 368 2340 tim
407 2285 455 2358 1,
515 2281 576 2348 5.
609 2281 824 2339 Multa
870 2301 1106 2362 quoque
1161 2293 1220 2339 et
1262 2279 1416 2340 bello
1455 2305 1685 2362 passus
1700 2328 1726 2356 ,
1780 2283 1929 2344 dum
1968 2285 2241 2343 conderet
2278 2283 2511 2357 urbem,

263 2367 638 2446 Inserretque
664 2367 803 2433 deos
825 2369 1030 2426 Latio.
1119 2369 1272 2426 Bam
1298 2369 1633 2427 Lavinium
1672 2371 1877 2447 fuisse,
1941 2369 2202 2429 dubitare
2228 2390 2353 2429 non
2378 2373 2513 2430 sinit

259 2455 384 2534 ipse
405 2463 579 2534 poeta
605 2451 706 2511 lib.
733 2455 782 2528 1,
811 2453 934 2518 259
962 2453 1180 2535 Iupiter
1209 2453 1284 2512 ad
1311 2455 1631 2514 Venerem:
1681 2475 1881 2514 cernes
1910 2454 2119 2513 urbem
2143 2465 2201 2513 et
2207 2459 2513 2534 promissa

264 2538 520 2600 LavinI
545 2540 800 2595 moenia.
892 2540 1002 2597 Hic
1029 2540 1257 2599 Aeneas
1284 2540 1504 2599 bellum
1534 2553 1725 2620 geret,
1769 2562 2074 2623 moresque
2101 2544 2247 2601 viris
2273 2552 2329 2598 et
2350 2562 2513 2600 moe-

265 2624 375 2681 nia
393 2632 618 2701 ponet,
677 2633 735 2680 et
760 2620 898 2681 hinc
925 2624 1207 2682 Ascanius
1234 2645 1489 2704 reg-num
1518 2624 1598 2683 ab
1638 2626 1773 2684 sede
1800 2628 2059 2685 LavinI
2085 2627 2431 2706 Dansseret
2458 2638 2515 2685 ct

263 2710 552 2788 Longam
577 2704 772 2763 multa
809 2707 874 2765 νί
893 2706 1122 2763 muniet
1141 2706 1398 2767 Albam.
1487 2712 1559 2767 In
1588 2729 1658 2768 ea
1684 2712 1827 2769 urbe
1855 2710 2199 2790 deponenda
2228 2724 2390 2772 erant
2416 2734 2512 2772 sa-

264 2814 364 2854 cra
395 2805 452 2851 et
478 2793 754 2849 Penates:
800 2790 900 2851 lib.
929 2794 1004 2863 II,
1035 2790 1180 2855 294.
1211 2792 1357 2857 295.
1413 2794 1519 2873 ΠΙ,
1576 2796 1717 2859 159.
1750 2800 1891 2859 160.
1964 2796 2041 2854 Et
2060 2794 2161 2852 lib.
2190 2798 2324 2871 XII,
2371 2800 2511 2861 193.

267 2877 410 2954 194,
453 2874 558 2936 ubi
582 2878 842 2935 Aeneas:
899 2874 1054 2934 mihi
1080 2878 1314 2933 moenia
1364 2878 1580 2937 Teucri
1609 2878 2011 2950 Constituent,
2054 2876 2309 2957 urbique
2345 2878 2516 2940 dabit

263 2964 539 3023 Lavinia
583 2981 818 3021 nomen.
909 2964 1130 3021 Verum
1161 2981 1228 3021 ea
1253 2961 1481 3043 longius
1510 2964 1621 3022 fuit
1654 2982 1688 3021 a
1714 2964 1916 3021 Tiberi
1944 2974 2002 3021 et
2030 2982 2064 3021 a
2090 2964 2220 3021 loco
2250 2962 2385 3025 Suis
2414 2966 2516 3023 in-

262 3062 474 3110 ventae
499 3058 745 3109 remota.
827 3050 998 3107 Dices
1025 3045 1334 3107 Lavinium
1360 3050 1539 3108 serius
1569 3068 1689 3107 esse
1719 3046 2045 3123 conditum,
2103 3059 2161 3107 et
2186 3048 2378 3107 aliam
2405 3070 2513 3107 zw-

265 3132 399 3194 bem
437 3138 559 3192 iam
585 3132 844 3192 antehac
886 3134 1060 3193 fuisse
1093 3132 1364 3193 eductam
1389 3134 1483 3193 ad
1520 3132 1805 3210 Tiberim,
1847 3133 1923 3193 ad
1965 3153 2145 3217 quam
2174 3138 2515 3214 spectaverit

262 3222 621 3281 vaticinium.
704 3220 924 3279 Verum
951 3230 1083 3301 post
1121 3240 1421 3279 escensum
1447 3212 1641 3279 atatim
1670 3217 1743 3277 ad
1790 3220 2051 3281 Tiberim
2084 3222 2309 3279 munita
2348 3221 2513 3281 fuere

273 3306 490 3365 Castra
516 3306 616 3365 lib.
645 3306 772 3381 vn,
807 3306 928 3371 157
953 3324 1082 3387 sqq.
1127 3304 1202 3365 de
1231 3308 1440 3389 quibus
1467 3326 1527 3367 v.
1554 3306 1798 3365 Excurs.
1824 3308 1928 3366 m.
2012 3308 2093 3367 At
2117 3307 2253 3367 urbs
2282 3304 2512 3368 condita

263 3392 372 3451 fuit
390 3388 551 3451 haud
573 3386 746 3449 dubie
766 3392 1094 3450 Lavinium.

435 3512 670 3573 Scilicet
709 3512 784 3571 ab
826 3529 942 3574 usu
979 3508 1257 3593 loquendi
1291 3506 1454 3569 haud
1481 3519 1569 3571 est
1595 3510 1853 3571 alienum
1867 3552 1887 3586 ,
1928 3521 1995 3571 ut
2020 3508 2123 3571 hic
2154 3523 2214 3571 et
2240 3513 2295 3571 is
2320 3512 2511 3591 latius,

261 3598 464 3658 vicinis
490 3599 632 3659 locis
659 3595 1113 3677 comprehensis,
1160 3598 1500 3676 accipiam,
1543 3594 1702 3677 quod
1740 3598 1929 3656 multo
1964 3598 2155 3677 magia
2177 3618 2513 3661 accommo-

263 3682 471 3746 datum
507 3693 634 3743 erat
656 3684 924 3743 vaticinio
969 3684 1208 3743 obscure
1241 3702 1332 3741 res
1371 3683 1694 3743 enarranti:
1742 3682 1809 3741 Is
1836 3682 2003 3741 locus
2040 3680 2208 3741 urbia
2246 3686 2359 3743 crit
2369 3708 2397 3758 ;
2442 3704 2513 3745 ea

260 3778 417 3829 terra
431 3814 450 3845 ‚
503 3771 568 3827 in
609 3788 730 3849 qua
751 3770 918 3827 iuxta
955 3788 1194 3827 amnem
1230 3786 1326 3827 sus
1360 3769 1599 3829 inventa
1634 3768 1839 3843 fuerit3
1890 3787 2013 3827 non
2042 3780 2239 3829 autem
2260 3772 2513 3849 spatium

191 3887 196 3891 ·
264 3852 414 3913 illud
455 3864 644 3913 terrae
661 3898 678 3928 ,
718 3856 781 3913 in
826 3872 946 3935 quo
987 3874 1082 3912 sus
1121 3854 1382 3913 iacebat:
1435 3864 1504 3911 ut
1544 3872 1655 3929 nec
1696 3864 1929 3931 tempus
1965 3852 2297 3932 urgendum
2338 3866 2425 3917 est
2448 3857 2513 3915 in

264 3940 500 3999 oraculo
513 3958 533 3996 z
584 3942 751 4019 quasi
776 3940 968 3997 statim
993 3949 1124 4018 post
1149 3957 1448 3997 escensum
1467 3939 1689 3996 factum
1722 3958 1827 3997 sue
1854 3951 2160 4018 conspecta
2176 3983 2193 4014 ,
2254 3949 2313 3997 et
2334 3958 2512 3999 men-

261 4025 341 4083 sis
369 4025 632 4097 ambesis,
689 4024 818 4101 (lib.
854 4026 958 4097 111,
997 4022 1122 4089 255
1137 4056 1222 4067 —-
1238 4023 1392 4101 257)
1435 4023 1571 4082 urbs
1600 4021 1905 4082 condenda
1930 4023 2122 4083 fuerit.
2205 4024 2513 4085 Subvene-

262 4119 399 4169 rant
439 4119 638 4169 tamen
687 4111 989 4188 scriptores
1035 4109 1306 4187 antiquae
1347 4108 1541 4167 famae
1568 4106 1643 4165 de
1676 4108 1823 4167 urbe
1847 4111 1913 4167 in
1938 4110 2069 4167 loco
2086 4152 2103 4183 ,
2158 4110 2223 4165 in
2250 4128 2371 4189 quo
2414 4128 2512 4167 sus

261 4196 502 4255 inventa
528 4194 746 4268 fuerat,
790 4191 1094 4253 condenda
1109 4234 1125 4265 ‚
1167 4191 1311 4249 dum
1337 4190 1450 4258 luc
1481 4191 1855 4255 adiiciebant:
1906 4193 2092 4253 Suem
2116 4194 2357 4251 iamiam
2378 4212 2513 4251 ma-

263 4278 540 4341 ctandam
569 4277 836 4357 effugisse
857 4323 877 4352 ,Α
905 4288 964 4337 et
989 4278 1252 4335 Aeneam
1269 4320 1284 4350 ‚
1315 4280 1416 4359 qui
1443 4297 1577 4335 eam
1600 4288 1979 4360 persequutus
2008 4289 2160 4350 erat,
2186 4278 2513 4357 pervenisse

262 4364 342 4423 ad
369 4384 511 4423 eima
535 4365 734 4426 locum
749 4408 768 4437 ,
809 4367 872 4423 in
901 4382 1020 4445 quo
1050 4361 1362 4442 aliquando
1389 4364 1528 4421 urbs
1556 4361 1789 4421 condita
1813 4364 1953 4422 fuit:
1994 4377 2056 4422 v.
2084 4364 2323 4438 Dionys.
2349 4362 2397 4433 1,
2426 4360 2511 4427 66

257 4468 440 4531 supra
479 4446 815 4522 laudatum,
859 4460 920 4509 et
943 4449 1143 4507 Aural.
1177 4447 1326 4505 Vict.
1357 4448 1426 4507 Ο.
1457 4448 1531 4507 G.
1553 4450 1624 4507 R.
1666 4468 1719 4507 c.
1754 4452 1852 4513 11.
1936 4450 2154 4505 Iterum
2180 4454 2379 4502 tamen
2405 4464 2513 4505 va-
