3009 5050
516 394 669 463 384
991 380 1072 454 P.
1126 374 1656 455 VIRGILII
1716 374 2271 452 MARONIS

512 569 643 647 Bis
677 566 879 667 capti
910 561 1298 661 Phryges,
1354 575 1434 639 et
1465 560 1714 637 morti
1755 559 2287 661 praetendere
2330 573 2668 642 muros?

512 676 675 764 En,
722 668 858 771 qui
892 679 1161 743 nostra
1190 665 1337 741 sibi
1371 663 1594 741 bello
1625 662 2022 739 connubia
2047 674 2430 765 poscunt!
2613 678 2770 749 600

514 775 713 869 Quis
740 772 938 847 deus
978 769 1281 845 ltaliam
1304 828 1325 865 ‚
1382 793 1587 870 quae
1622 792 1767 843 vos
1798 768 2204 843 dementia
2239 767 2500 869 adegit
2521 780 2558 847 ἓ

510 884 695 955 Non
726 875 857 951 hic
886 870 1204 950 Atridae
1222 932 1242 967 ‚
1297 896 1446 949 nec
1474 870 1696 947 fandi
1729 868 1964 947 fictor
1993 870 2274 949 Vlixes,

510 984 822 1057 Durum
850 976 947 1053 ab
990 976 1232 1077 stirpe
1268 997 1525 1074 genus
1562 987 1789 1051 natos
1821 973 1919 1051 ad
1947 972 2278 1052 flumina
2323 976 2680 1075 primum

616 1128 787 1199 599.
838 1120 1113 1193 Man-n

610 1310 713 1365 599
747 1309 926 1361 Marti
958 1324 987 1358 e
1020 1306 1179 1359 codd.
1212 1304 1418 1374 aliquot
1450 1322 1481 1357 a
1506 1304 1682 1357 Pierio
1711 1313 1966 1370 notatum,
2001 1324 2034 1359 a
2060 1322 2167 1359 sec.
2203 1306 2454 1359 Rottend.
2485 1314 2542 1355 et
2565 1302 2756 1357 Scheff.

508 1396 623 1433 cum
656 1379 853 1431 zulich.
888 1376 1177 1439 firmatum,
1228 1385 1497 1445 spreverat
1535 1373 1802 1436 Heinsius,
1853 1375 1950 1425 sed
1998 1376 2228 1444 suscepit
2263 1376 2605 1437 Burmannus,
2655 1392 2756 1425 nec

504 1449 642 1500 male
678 1446 933 1499 arbitror:
992 1454 1074 1496 est
1118 1446 1255 1497 enim
1300 1443 1568 1513 eleganter
1602 1452 1658 1495 et
1716 1444 1873 1495 docte
1919 1444 2113 1516 dictum
2151 1446 2520 1515 praetendere
2565 1460 2757 1496 muros

506 1520 709 1581 Marti,
745 1515 916 1577 bello,
954 1530 1187 1583 pugnae,
1238 1512 1426 1565 vallum
1464 1523 1517 1564 et
1549 1529 1727 1564 muros
1762 1512 1954 1565 ducere
1987 1531 2092 1582 quo
2126 1514 2310 1566 inclusi
2349 1515 2516 1566 latere
2557 1523 2613 1564 et
2648 1531 2755 1582 pu-

577 1605 659 1639 am
706 1586 999 1637 detrectare
1046 1582 1268 1651 possint.
1340 1583 1481 1634 Haec
1523 1582 1715 1648 ’eadem
1762 1599 1877 1647 sup.
1927 1582 2032 1634 hoc
2077 1584 2172 1635 lib.
2221 1602 2272 1635 v.
2310 1582 2392 1637 55.
2425 1584 2506 1637 56.
2544 1582 2629 1638 57.
2665 1584 2752 1637 67.

576 1694 591 1707 .
628 1656 729 1708 142
758 1671 872 1721 sqq.
942 1652 1117 1719 Vulgo
1154 1654 1318 1704 morti
1347 1651 1566 1716 lectum,
1615 1651 1768 1703 etiam
1813 1652 1867 1701 iu
1903 1652 2126 1717 Medic.,
2171 1662 2226 1705 et
2275 1652 2352 1704 sic
2387 1652 2594 1705 Servius
2635 1669 2752 1705 cum

503 1726 601 1777 Iul.
634 1723 854 1776 Sabino:
896 1738 991 1773 nec
1027 1721 1131 1772 hoc
1164 1720 1331 1783 ma103
1380 1720 1543 1789 magis
1577 1730 1752 1772 tamen
1787 1718 1990 1789 epicum
2025 1721 2171 1775 illud.
2245 1722 2526 1790 (Revocavi
2559 1724 2750 1783 πονεῖς

500 1792 745 1846 ‘similiter
775 1800 1049 1861 peccatum
1082 1808 1115 1841 a
1142 1790 1374 1855 librariis
1398 1792 1503 1857 Xl,
1543 1790 1691 1853 115.;
1724 1805 1822 1841 nec
1857 1791 2136 1858 probabile
2181 1804 2291 1856 est,
2338 1792 2618 1843 lectionem
2643 1804 2748 1843 tam

500 1863 724 1926 facilem,
761 1860 925 1930 qualis
960 1868 1043 1911 est
1077 1860 1269 1923 Marti,
1305 1858 1357 1909 in
1408 1858 1558 1922 hanc,
1593 1878 1625 1912 a
1662 1858 1866 1927 vulgari
1901 1858 2155 1928 loquendi
2197 1880 2291 1913 usu
2324 1862 2532 1929 lougius
2567 1878 2750 1912 remo-

500 1942 643 1995 tam,
674 1931 939 1981 transisse.
1011 1928 1150 1991 Quid
1184 1937 1355 1979 autern
1390 1929 1643 1982 abiectius
1677 1927 2017 1997 ignaviusque
2051 1930 2345 2000 putabimus
2385 1948 2450 1982 eo
2469 1970 2485 1995 ‚
2535 1930 2624 1999 qui
2659 1926 2750 1981 ni·-

500 2000 577 2053 hil
609 2001 790 2068 magis,
823 2016 975 2067 quam
1008 2008 1229 2049 mortem
1260 1998 1445 2049 timeat
1477 2009 1531 2050 et
1563 1998 1633 2049 de
1665 1998 1834 2049 salute
1869 2015 2044 2067 pugna
2079 2010 2134 2051 et
2165 1998 2324 2053 armis
2357 2000 2552 2054 tuenda
2589 2001 2750 2069 plane

500 2068 787 2137 desperet?
824 2068 957 2119 Hinc
990 2065 1263 2135 plurimum
1299 2068 1606 2119 acerbitatis
1639 2066 1842 2119 accedit
1875 2069 2100 2129 Numani
2147 2068 2449 2140 opprobriis
2483 2087 2546 2121 ex
2581 2087 2746 2137 repo-

500 2138 605 2191 sita
670 2137 919 2190 lectione.
1002 2148 1174 2188 morte
1224 2146 1281 2187 et
1327 2138 1659 2207 protendere
1719 2148 1992 2205 utrumque
2038 2157 2071 2192 a
2115 2156 2184 2191 m.
2229 2156 2310 2208 pr.
2356 2140 2551 2196 Medic.
2605 2141 2744 2205 Wr.)

498 2208 603 2261 602
638 2226 739 2259 nec
759 2206 997 2279 fraudis
1034 2204 1199 2258 Goth.
1236 2216 1361 2263 tert.
1494 2207 1598 2260 603
1633 2204 1701 2259 ab
1736 2219 1805 2258 sc.
1839 2206 2020 2263 Heius.
2055 2226 2086 2261 e
2119 2212 2300 2277 sprot.
2351 2219 2405 2261 et
2453 2228 2517 2261 ex
2551 2210 2742 2263 obser-

498 2277 729 2329 vatione.
778 2276 847 2329 cf.
882 2274 951 2328 ad
984 2276 1125 2341 vm,
1162 2274 1279 2329 180.
1317 2275 1445 2339 (vid.
1482 2277 1549 2339 Q.
1584 2277 1651 2330 V.
1683 2277 1726 2342 1,
1765 2278 1820 2329 1.-
1855 2278 2001 2345 Wr.)
2063 2347 2070 2353 .

496 2435 567 2495 V.
580 2436 649 2493 11.
666 2432 741 2493 ad
755 2454 840 2493 π.
852 2434 997 2499 598.
1044 2432 1216 2511 Wr.)
1303 2434 1447 2501 597.
1478 2433 1580 2491 ina—
1661 2434 1939 2517 Phoeyges
1968 2434 2238 2512 dicerem,
2269 2440 2370 2520 qui
2400 2450 2570 2499 antea
2598 2410 2738 2499 urbe

488 2532 730 2602 gentem
772 2541 835 2578 se
860 2516 1133 2600 serebat,
1164 2516 1223 2579 h.
1254 2541 1309 2591 e,
1336 2518 1578 2580 incede-
1661 2533 1828 2602 capta
1881 2524 2112 2604 profugi
2153 2545 2312 2584 nunc
2361 2529 2610 2586 tolerant
2652 2529 2739 2585 al-

494 2609 593 2667 bat
613 2651 630 2682 ,
686 2605 865 2666 homo
906 2617 1066 2666 vasto
1109 2626 1377 2686 corpore,
1436 2627 1576 2665 cum
1656 2617 1844 2666 teram
1869 2608 2022 2669 hanc
2047 2613 2110 2668 in
2141 2610 2334 2670 castris
2379 2612 2738 2672 obsidionem

462 2676 765 2752 ‘clamen-e.
848 2693 969 2750 Nec
989 2711 1127 2752 vero
1154 2695 1433 2751 inutiliter
1462 2690 1573 2750 ad-

492 2777 683 2838 ditum
708 2778 851 2837 hoc:
897 2782 1112 2859 quippe
1159 2781 1401 2858 legentis
1432 2799 1573 2836 seu-

488 2866 647 2924 sibus
676 2885 813 2922 eum
841 2865 1185 2924 clamoribus
1216 2866 1411 2924 obiicit
1426 2883 1574 2923 ocu-

488 2951 683 3010 lorum
710 2952 902 3010 sensui
931 2953 1184 3032 speciem
1224 2951 1429 3009 ferocis
1458 2947 1575 3007 ho-

487 3039 680 3094 minis.
768 3037 914 3101 598.
973 3046 1311 3116 comparant
1352 3038 1572 3093 Hecto-

486 3124 564 3180 ris
594 3123 770 3181 verba
795 3119 959 3181 Iliad.
992 3139 1045 3195 σ,
1078 3125 1225 3185 287.
1265 3123 1334 3178 In
1356 3121 1572 3176 iterum

490 3219 551 3266 et
574 3209 639 3266 in
678 3207 735 3266 Ο
777 3206 1054 3286 Phryges
1102 3204 1193 3262 bis
1232 3207 1399 3283 capti
1426 3207 1572 3265 Ser-

484 3294 610 3353 vius
664 3304 721 3351 et
762 3294 861 3349 alii
903 3293 1145 3350 Troiam
1202 3292 1275 3350 ab
1319 3293 1570 3350 Hercule

486 3391 718 3459 captam
746 3376 863 3435 huc
892 3375 1197 3435 advocant.
1280 3379 1365 3436 Ita
1406 3397 1566 3436 nunc

483 3464 819 3524 obsidentur
844 3463 1087 3520 Troiani
1112 3463 1299 3538 tet-tin,
1329 3465 1415 3522 bis
1442 3466 1564 3522 iam

482 3562 653 3609 antea
694 3550 1030 3628 expugnati.
1116 3547 1277 3608 Saue
1314 3548 1420 3606 inf.
1451 3549 1560 3624 xl,

478 3635 606 3700 402
632 3631 841 3694 eodem
865 3631 1043 3691 modo
1067 3631 1273 3692 dicitur
1299 3653 1443 3714 gens
1470 3635 1562 3692 bis

443 3775 455 3783 ,
478 3722 641 3778 victa
658 3761 681 3790 ,
710 3729 777 3777 ut
804 3715 1020 3798 duplex
1048 3716 1239 3779 clades
1267 3722 1373 3779 sub
1400 3724 1560 3779 Lao-

476 3803 755 3864 medonte
798 3815 858 3862 et
892 3806 998 3863 sub
1056 3806 1289 3864 Priamo
1346 3809 1564 3866 intelli-

474 3889 669 3970 genda
723 3907 843 3948 esse
882 3889 1165 3951 videatur.
1263 3894 1343 3950 Et
1384 3895 1561 3953 Silius

474 3979 521 4050 1,
550 3974 634 4042 43
676 3975 889 4033 D-oius·
926 3975 1068 4034 exul
1093 3977 1400 4057 (Aeneas)
1444 3981 1560 4038 In-

474 4059 680 4122 &clarit
732 4061 918 4120 Latio
984 4063 1379 4122 Dardaniam
1394 4106 1417 4135 ,
1453 4102 1462 4111 -
1500 4075 1561 4122 et

477 4145 567 4204 bis
583 4149 839 4206 numina
857 4159 1038 4225 capta
1054 4149 1340 4219 Penatoe,
1364 4150 1552 4228 Scep-

1653 2705 1784 2773 post
1809 2697 1974 2754 illam
2002 2696 2073 2754 ab
2089 2694 2325 2756 Achivis
2352 2698 2586 2758 factam.
2615 2703 2738 2758 Lu·-

1657 2799 1790 2838 sum
1837 2783 1900 2840 in
1941 2780 2030 2842 his
2075 2784 2194 2840 iam
2227 2803 2400 2864 supra
2439 2787 2565 2860 vll,
2609 2785 2734 2850 295

1655 2864 1940 2926 vidimus:
2030 2867 2206 2926 Num
2274 2871 2440 2946 capti
2487 2880 2734 2949 potuere

1657 2953 1800 3028 capi
1810 2952 1843 3007 Ρ
1898 2972 2036 3011 cum
2078 2953 2260 3013 Troia
2308 2967 2473 3036 capta
2527 2976 2732 3038 super-

1653 3037 1828 3095 fuerit
1855 3039 2250 3098 Troianorum
2277 3044 2445 3122 stirps
2473 3043 2580 3100 sub
2608 3044 2730 3100 Ae-

1653 3141 1765 3180 nea
1791 3121 2197 3203 redintegrata.
2229 3147 2430 3184 muros
2443 3140 2730 3206 praeten-

1653 3207 1790 3264 dere
1817 3210 2059 3281 Marti,
2109 3231 2370 3292 pugnae3
2413 3217 2549 3294 quia
2577 3215 2728 3272 vallo

1653 3304 1711 3352 et
1748 3298 1928 3354 muris
1974 3299 2272 3356 continent
2299 3319 2360 3358 se
2375 3343 2392 3374 ,
2439 3310 2498 3358 et
2523 3301 2729 3360 inclusi

1647 3399 1910 3459 pugnam
1950 3380 2298 3458 detrectant,
2357 3395 2490 3464 post
2529 3406 2728 3446 muros

1645 3466 1908 3529 latentes.
1941 3466 2092 3546 (Sed
2103 3474 2498 3530 revocavimus
2515 3476 2697 3530 morti
2707 3493 2726 3548 ς

1644 3551 1764 3610 vid.
1794 3554 1864 3610 V.
1894 3553 1964 3612 1..
2006 3554 2130 3613 W
2155 3555 2184 3634 )
2271 3561 2416 3621 600.
2445 3557 2728 3618 invidiose

1641 3647 1905 3718 respectu
1932 3641 2241 3718 Laviniae,
2289 3661 2471 3724 quam
2515 3645 2725 3705 Turno

1641 3735 1904 3804 ereptum
1929 3726 2050 3784 ibat
2075 3728 2321 3786 Aeneas.
2409 3732 2553 3794 602.
2582 3733 2728 3792 lmi-

1643 3813 1748 3868 tati
1803 3821 1937 3870 sunt
1995 3813 2143 3872 Stat.
2201 3815 2318 3872 XII
2357 3813 2551 3874 Theb.
2595 3821 2714 3880 761

1643 3915 1805 3978 seqq.
1849 3897 2026 3956 Silius
2078 3901 2126 3972 1,
2167 3897 2291 3964 443
2333 3921 2462 3982 sqq.
2527 3901 2728 3978 sandi

1622 3981 1815 4054 fictor
1856 3981 2055 4057 docte,
2099 3987 2202 4064 qui
2243 3985 2412 4064 fingit
2453 3985 2629 4046 fanda
2657 3985 2720 4046 h.

1643 4087 1694 4125 e.
1727 4069 1828 4149 qui
1856 4067 1990 4126 ficta
2017 4068 2200 4143 fatur,
2229 4069 2371 4145 fere,
2403 4071 2562 4153 quod
2593 4071 2724 4134 ἐπί-

1638 4156 1863 4226 nouos·
1918 4148 2144 4232 μύθων
2213 4155 2377 4216 Iliad.
2437 4179 2490 4236 χ,
2546 4156 2718 4224 '281-

474 4244 687 4313 imque
714 4233 1017 4313 fundarit
1054 4235 1242 4295 victor
1281 4236 1554 4294 Lavinia
1640 4242 1785 4302 603.
1825 4241 2017 4298 Locus
2033 4283 2050 4314 ,
2095 4241 2198 4321 qui
2225 4245 2514 4323 sequitur'‚
2548 4263 2720 4322 egre-

446 4392 458 4404 ·
488 4321 751 4378 Teucris.
843 4323 1003 4383 Haec
1051 4323 1162 4379 nisi
1204 4321 1425 4394 forent,
1478 4342 1554 4380 ex
1590 4362 1610 4381 .
1637 4325 1768 4401 gius
1795 4334 1852 4381 et
1883 4335 2115 4386 ornatus
2145 4335 2247 4386 est·
2260 4326 2335 4387 de
2362 4331 2570 4390 veteris
2597 4332 2718 4388 Ita-

469 4407 595 4487 ipso
630 4407 763 4466 loco
810 4416 869 4465 et
907 4409 1187 4466 sententia
1219 4405 1309 4462 bis
1346 4416 1554 4483 captos
1637 4411 1748 4468 liae
1777 4407 2074 4488 disciplina
2105 4421 2164 4472 et
2182 4414 2318 4489 vita,
2347 4434 2498 4496 quae
2521 4417 2586 4472 in
2601 4415 2715 4476 Sa—
