3009 5050
443 404 598 477 298
1012 398 2143 476 EXGURSUSIV

443 590 728 651 debuerit.
810 586 970 648 Sunt
995 597 1340 667 argumenta
1361 588 1465 648 illa
1481 632 1497 665 ,
1540 608 1679 649 meo
1708 587 1949 673 quidem
1970 588 2187 649 iudicio
2204 632 2221 665 ‚
2266 608 2389 651 non
2430 592 2541 653 nisi
2584 616 2701 655 un·-

442 676 670 737 decim:
711 676 764 733 1.
791 676 960 754 Lupa
1007 694 1148 735 cnm
1185 677 1440 735 Romulo
1487 684 1547 733 et
1585 678 1792 735 Remo.
1878 678 1953 735 Π.
1998 677 2253 737 Sabinae
2292 688 2513 757 raptae.
2594 684 2699 741 111.

441 760 672 821 Foedus
702 758 776 819 ad
807 780 988 819 aram.
1070 762 1170 820 IV.
1197 763 1341 819 Meti
1365 760 1601 822 Fuffetii
1624 762 1995 843 supplicium.
2078 762 2151 821 V.
2181 764 2411 823 Tiberis
2452 776 2511 823 et
2548 767 2699 825 Por-

441 868 626 909 senna
649 845 1064 905 minabundus.
1146 848 1246 906 VI.
1277 845 1660 927 Capitolium,
1689 849 1963 922 Manlius,
1993 848 2201 908 Anser.
2286 850 2413 909 vn.
2430 880 2435 885 ·
2452 852 2697 932 Suppli-

441 937 616 994 catio.
699 934 852 993 vm.
899 933 1176 991 Tartarus
1215 952 1353 993 σιιιιι
1411 934 1676 993 Catilina.
1720 936 1871 995 IX.
1924 933 2191 1013 Elysium
2254 954 2393 995 cum
2452 938 2691 999 Catone.

439 1023 526 1079 X.
575 1022 784 1098 Pugna
837 1016 914 1077 ad
965 1020 1222 1079 Actium.
1322 1021 1537 1100 Apollo
1574 989 1797 1079 Actius.
1880 1020 2065 1079 Nilus.
2152 1022 2488 1101 Cleopatrae
2530 1024 2689 1104 fuga.

315 1192 337 1201 Ὦ
437 1108 548 1167 xl.
577 1102 936 1185 Triumphus
961 1105 1231 1185 Augusti.
1323 1179 1329 1185 ι

609 1277 978 1357 Elegantiam
1031 1276 1104 1334 in
1163 1274 1534 1354 disponendo
1590 1285 1945 1353 argumento
1998 1276 2173 1355 clipei
2218 1277 2453 1351 flustra,
2522 1289 2687 1357 puto,

437 1362 706 1423 laudibus
763 1363 1049 1421 extollunt
1103 1362 1216 1420 viri
1256 1360 1430 1421 docti.
1515 1363 1761 1420 Interior
1802 1361 2051 1421 ambitus
2088 1362 2258 1421 nullo
2300 1362 2479 1423 modo
2520 1362 2687 1423 dele-

437 1462 595 1510 ctare
624 1459 812 1529 potest
839 1446 1142 1527 adspectu,
1191 1450 1256 1504 in
1284 1458 1535 1529 quatuor
1560 1457 1689 1521 aut,
1741 1445 1901 1528 quod
1926 1449 2113 1507 multo
2142 1450 2440 1509 molestius
2480 1461 2565 1509 est
2610 1450 2689 1509 ad

439 1536 638 1595 oculos
653 1580 668 1609 ‚
709 1536 773 1591 in
801 1544 914 1591 tres
941 1538 1132 1613 partes
1159 1532 1466 1593 discretus:
1512 1534 1774 1611 inprimis
1816 1542 1904 1592 tot
1929 1546 2129 1593 rerum
2157 1546 2217 1593 et
2242 1533 2555 1595 hominum
2604 1538 2687 1595 si-

437 1624 566 1701 gnis
591 1623 655 1678 in
681 1632 806 1678 tam
831 1628 1143 1699 angustum
1169 1621 1419 1700 spatium
1449 1620 1732 1678 coartatis.

603 1790 683 1849 Ut
707 1792 886 1870 ig1tur
911 1793 1109 1873 paucis
1139 1792 1523 1869 complectar,
1569 1808 1723 1871 quae
1746 1786 1895 1852 mihi
1923 1789 1998 1849 de
2022 1794 2177 1849 artc's
2204 1790 2471 1861 iudicio,
2524 1790 2681 1873 quod

407 1902 410 1907 ·
431 1886 640 1957 poetae
668 1878 920 1935 tribuere
947 1879 1165 1953 solent,
1204 1874 1635 1956 pronuntianda
1661 1874 2000 1935 videantur.
2053 1875 2259 1937 habuit
2304 1879 2407 1937 ille
2441 1878 2634 1935 sorte
2616 1898 2679 1937 ιιι

433 1964 630 2022 animo
655 1963 1020 2043 singulorum
1047 1966 1346 2041 signorum
1371 1963 1847 2044 singularumque
1873 1982 2071 2021 rerum
2110 1964 2326 2023 formas
2372 1974 2431 2021 et
2474 1984 2679 2025 exem-

429 2050 561 2128 pla,
621 2070 770 2133 quae
797 2052 861 2110 in
901 2051 1044 2108 urbe
1073 2061 1132 2108 et
1159 2048 1440 2127 Capitolio
1480 2050 1694 2128 passim
1737 2068 2035 2107 occurrere
2074 2051 2186 2129 ipsi
2226 2048 2549 2111 debebant:
2605 2070 2677 2107 ea

429 2144 662 2209 tamen,
708 2156 856 2217 quae
883 2136 944 2195 in
977 2138 1166 2215 clipeo
1191 2132 1306 2193 hoc
1333 2134 1523 2194 efficta
1554 2134 1741 2205 dedit,
1782 2154 1904 2191 non
1940 2134 2304 2211 sculptoris,
2346 2134 2455 2193 sed
2464 2146 2679 2212 poetae
2692 2158 2711 2173 ·

429 2222 671 2299 ingenio
700 2221 915 2302 delegit
943 2233 1002 2281 et
1037 2225 1100 2280 in
1138 2240 1326 2278 unum
1365 2222 1565 2281 locum
1608 2222 1893 2298 congessit
1936 2219 2142 2281 diversi
2194 2224 2523 2301 argumenti
2566 2242 2673 2296 res,

425 2326 581 2388 quae
618 2318 912 2383 narratae,
967 2309 1018 2367 si
1071 2308 1247 2365 altera
1287 2315 1418 2386 post
1461 2308 1701 2365 alteram
1718 2268 2037 2365 ”auditione
2081 2309 2421 2387 accipiatur,
2481 2306 2673 2366 admi—

423 2394 647 2451 ratione
675 2396 940 2453 animum
977 2413 1216 2452 movere
1253 2402 1522 2472 possunt3
1581 2402 1647 2451 ut
1688 2390 1930 2451 eaedem
1972 2404 2093 2454 arte
2134 2413 2435 2473 expressae
2476 2394 2673 2452 oculos

423 2488 723 2556 tenerent,
780 2500 892 2539 nec
919 2481 1106 2540 voluit
1129 2499 1240 2538 nec
1271 2482 1493 2538 curavit
1520 2488 1623 2538 aut
1649 2497 1889 2559 operam
1934 2474 2072 2538 dare
2114 2477 2333 2542 debuit.
2421 2481 2669 2539 Poetica

420 2565 618 2647 itaque
643 2563 913 2626 habenda
939 2577 1077 2626 sunt
1099 2571 1493 2637 ornamenta,
1556 2584 1707 2646 quae
1746 2575 2051 2646 tamquam
2076 2567 2139 2624 in
2169 2568 2356 2646 clipeo
2386 2585 2669 2646 expressa,

421 2654 712 2728 narravit,
768 2655 997 2733 poetico
1053 2671 1288 2734 quoque
1337 2671 1503 2712 more
1560 2661 1829 2727 metata,
1886 2671 2009 2712 non
2052 2651 2381 2732 anaglypha
2421 2651 2497 2712 ad
2538 2655 2671 2714 artis

421 2737 769 2818 elegantiam
795 2759 899 2798 seu
925 2740 1158 2798 inventa
1188 2759 1292 2797 seu
1320 2739 1595 2818 expolita.
1678 2735 1825 2796 Inde
1864 2735 2357 2817 splendidissimae
2400 2741 2671 2800 carminis

416 2830 608 2902 partes
635 2827 738 2884 vix
765 2845 802 2884 a
828 2827 1114 2905 sculptor-e
1163 2825 1349 2898 bene,
1397 2825 1506 2882 etsi
1545 2823 1836 2882 Comitem
1882 2823 1955 2882 de
2002 2823 2213 2906 Caylus
2250 2845 2322 2884 ea
2360 2823 2435 2884 de
2476 2845 2541 2882 re
2584 2827 2669 2884 nil

417 2907 682 2970 dubitare
722 2911 894 2970 video
936 2909 1289 2988 (Tableaux
1331 2911 1470 2967 tiras
1518 2909 1593 2968 de
1633 2907 1911 2966 l’Eheide
1948 2909 2023 2968 de
2077 2910 2147 2969 V
2134 2909 2315 2989 argzle
2354 2929 2490 2989 pag.
2536 2913 2667 2974 369

411 2997 1174 3163 fflssgtmmd‘ssuffissuuffi
1201 2993 2667 3140 ffffltstpffffiwdiffissffiffliss

411 3166 762 3226 intendebat
813 3165 1048 3246 Apollo
1103 3167 1384 3243 Desuper
1421 3199 1510 3210 -—
1546 3185 1749 3226 omnes
1816 3166 2123 3225 vertebant
2184 3179 2354 3248 terga
2414 3165 2656 3226 Sabaei.

413 3251 564 3328 spect
591 3251 910 3312 videbatur
936 3255 1128 3312 ventis
1161 3255 1378 3332 regina
1422 3255 1653 3312 νοοαέίε
1698 3253 1851 3312 Vela
1882 3253 2031 3312 clare
2072 3265 2131 3312 et
2170 3254 2340 3312 laxos
2380 3255 2663 3310 iamiam-—

407 3357 526 3417 que
585 3341 898 3398 immittes-e
945 3339 1144 3420 funes
1173 3371 1262 3382 —
1299 3339 1526 3397 Coma
1566 3350 1773 3398 autem
1812 3339 2037 3398 Nilum
2060 3373 2147 3384 —
2170 3339 2665 3418 Pandentemque

407 3424 580 3489 sinus
605 3437 665 3487 et
687 3436 812 3485 tota
849 3437 1008 3485 veste
1055 3435 1368 3483 vocantem
1413 3437 1525 3485 etc.
1610 3426 1784 3486 Vides
1826 3424 1973 3485 haec
2010 3428 2151 3488 locis
2194 3447 2263 3486 ac
2302 3425 2662 3506 temporibus

407 3535 529 3576 esse
558 3526 683 3574 tam
723 3511 976 3587 diversa,
1027 3521 1096 3569 ut
1137 3529 1260 3568 uno
1304 3522 1685 3590 argumento,
1733 3533 1841 3571 seu
1882 3532 2005 3570 una
2028 3513 2226 3571 tabula
2266 3514 2427 3570 nullo
2480 3509 2659 3570 modo

405 3597 827 3682 comprehendi
874 3598 1112 3679 possint.
1191 3599 1266 3654 In
1309 3595 1606 3678 triumpho
1652 3611 1849 3658 autem
1892 3599 2147 3658 Caesaris
2183 3600 2353 3680 plura
2402 3595 2661 3657 admixta

403 3698 575 3764 sunt,
627 3705 778 3769 quae
827 3684 1056 3766 poetica
1113 3679 1519 3763 phantasmata
1580 3696 1717 3746 sunt
1772 3687 2101 3766 praeclara,
2168 3683 2272 3744 sed
2334 3687 2497 3744 nulla
2540 3694 2661 3742 arte

403 3793 526 3832 uno
566 3773 844 3852 temporis
899 3779 1203 3833 momento
1263 3789 1502 3855 unoque
1558 3783 1619 3831 et
1672 3770 1882 3831 eodem
1939 3772 2205 3832 locorum
2257 3773 2441 3850 spatio
2490 3768 2661 3830 exhi·-

401 3861 528 3922 beri
575 3861 817 3943 queunt.

577 4031 732 4090 Artis
780 4029 1085 4089 notionem
1124 4039 1332 4111 poetae
1375 4049 1496 4088 non
1538 4049 1661 4088 esse
1704 4029 2066 4089 obversatam
2107 4029 2315 4088 ultimo
2362 4030 2495 4089 loco
2549 4027 2657 4086 de-

405 4119 584 4178 clarat
614 4119 867 4175 materia
905 4115 1124 4194 elcpei,
1171 4119 1322 4176 mira
1357 4119 1611 4176 mixtura
1656 4133 1830 4192 alu-o,
1874 4125 2147 4194 argento,
2196 4115 2349 4172 ferro
2390 4117 2457 4172 in
2498 4111 2657 4172 idem

403 4225 552 4286 opus
595 4203 865 4263 conflato.
949 4205 1065 4262 Per
1103 4205 1358 4284 porticus
1400 4203 1669 4282 Capitolii
1714 4201 1801 4277 (v.
1845 4199 1997 4278 655)
2040 4211 2297 4258 auratas·
2346 4219 2515 4258 anser
2550 4219 2657 4256 ar—

395 4301 652 4372 gentem
679 4291 912 4350 volitat.
971 4289 1081 4372 ipsi
1122 4291 1276 4348 Galli
1316 4309 1506 4346 aurea
1548 4289 1829 4363 caesarie,
1884 4287 2086 4344 aureis
2128 4287 2363 4364 virgatis
2406 4286 2657 4344 vestibus

401 4389 462 4437 et
521 4376 823 4460 torquibus
875 4378 1095 4434 aurens.
1199 4376 1332 4433 Non
1389 4375 1569 4454 igitur
1620 4385 1829 4456 ectypo
1882 4370 2063 4430 modo
2116 4392 2293 4451 opere
2345 4369 2495 4430 haec
2548 4391 2657 4429 ex-

401 4485 596 4543 pressa
610 4509 627 4542 ,
686 4482 892 4524 verum
943 4461 1020 4521 ad
1069 4461 1324 4541 priscum
1382 4472 1441 4520 et
1495 4461 1792 4520 Homerici
1847 4457 1974 4518 aevi
2030 4477 2259 4517 morem
2318 4459 2493 4517 etiam
2550 4476 2657 4516 co·-
