3009 5050
2351 332 2500 443 51¹3

2345 559 2498 630 535

598 357 1213 436 AENEIDOS
1265 359 1486 436 me.
1539 362 1632 456 X,
1685 367 2116 440 525—-541

268 544 397 621 Sic
434 541 643 620 fatus
666 543 971 644 galeam
1004 541 1220 620 laeva
1244 555 1503 639 tenet,
1557 557 1794 646 atque
1831 543 2119 626 reflexa

264 649 595 725 Cervice
628 648 919 732 orantis
949 647 1229 748 capulo
1256 660 1489 724 tenus
1534 647 1870 748 adplicat
1896 673 2194 729 ensem.

260 755 428 828 Nec
473 751 755 852 procul
800 750 1375 870 HaemonideS,
1441 750 1753 828 Phoebi
1829 753 2302 856 Triviaeque
2383 779 2504 832 sa·-

261 943 522 1031 Ini'ula
549 957 670 1032 cui
694 981 907 1032 sacra
943 957 1370 1034 redimibat
1397 853 1765 1056 &iffi-'a
1803 957 2018 1056 vitta,

269 1062 525 1160 Totus
562 1059 991 1138 conlucens
1024 1076 1242 1140 veste
1274 1074 1509 1161 atque
1539 1059 1974 1158 insignibus
2006 1061 2274 1138 armisz

268 1165 529 1256 Quem
595 1187 1061 1262 congressus
1114 1167 1268 1264 agit
1314 1188 1638 1264 camp0,
1703 1163 2180 1265 labsumque
2225 1187 2502 1264 super-

263 1366 649 1467 Inmolat,
698 1370 1161 1472 ingentique
1186 1281 1735 1469 umbrzuilegiu
1789 1393 2006 1445 arma
2043 1273 2505 1446 δετεεωῖω

265 1542 445 1594 rietas.
491 1542 625 1609 (Nec
661 1553 769 1608 est,
822 1543 967 1612 quod
1012 1543 1069 1595 in
1100 1543 1206 1596 hoc
1236 1545 1399 1597 verbo
1446 1543 1690 1597 haereas:
1741 1543 1846 1598 boc
1876 1543 2072 1602 sentit,
2106 1543 2143 1594 ἰ.
2175 1560 2220 1594 e.
2253 1541 2387 1596 haec
2422 1552 2506 1595 est

266 1613 527 1664 sententia
557 1613 833 1678 Anchisae,
866 1613 993 1674 1u1i3
1028 1622 1083 1664 et
1114 1623 1357 1684 spectant
1388 1615 1520 1668 haec
1553 1615 1620 1666 ad
1654 1631 1731 1667 n.
1767 1611 1886 1666 524.
1937 1611 2081 1676 Wr.)
2185 1611 2288 1666 536
2322 1612 2506 1683 appli-

266 1694 357 1732 cat
390 1683 538 1734 Rom.
594 1691 649 1734 et
686 1681 893 1742 Medic„
948 1699 1099 1734 omne
1164 1700 1228 1734 ue
1279 1684 1610 1735 vetustiores.
1691 1684 1884 1749 Vulgg.
1937 1679 2174 1744 abdidit,
2223 1684 2304 1744 (ut
2341 1681 2506 1737 Palat.

266 1766 378 1800 cum
412 1750 463 1804 3.
497 1752 548 1806 8.
588 1753 671 1805 11.
708 1753 790 1807 12.
840 1754 981 1817 Wr.)
1017 1768 1118 1822 quo
1191 1771 1306 1821 sup.
1352 1753 1627 1822 legebatur
1660 1752 1714 1804 in
1761 1749 1920 1803 simili
1974 1766 2126 1801 versu
2172 1749 2276 1804 553
2307 1749 2402 1802 lib.
2438 1753 2502 1803 11.

265 1818 486 1872 variare
517 1833 691 1873 autem
726 1832 884 1888 poeta
918 1821 1055 1873 solet
1086 1820 1169 1872 vel
1202 1821 1396 1874 verbo:
1449 1840 1498 1874 v.
1533 1840 1648 1892 sup.
1699 1821 1766 1874 ad
1799 1821 1896 1880 lx,
1944 1817 2064 1874 814.
2167 1819 2268 1874 537
2303 1825 2507 1872 Aemo-

256 1889 425 1941 -nides
454 1901 574 1942 ante
608 1889 809 1954 Heius„
843 1891 919 1941 nti
950 1890 1081 1943 libb.
1115 1908 1268 1959 pars:
1304 1893 1380 1958 (et
1412 1891 1653 1952 Servium
1690 1891 1786 1943 sed
1819 1899 1961 1941 recte
1997 1888 2144 1940 addit
2177 1887 2504 1956 adspiratio-

264 1974 383 2008 nem
417 1958 535 2011 cod.
570 1960 756 2011 Dresd.
799 1959 942 2024 Wr.)
976 1961 1101 2012 item
1135 1961 1455 2020 Emonides.
1490 1961 1794 2012 Emenides.
1895 1955 1998 2011 538
2036 1957 2128 2008 cui
2159 1973 2316 2010 sacro
2351 1959 2503 2010 Rom.

264 2027 613 2092 redimebant,
660 2029 955 2081 redimebat
980 2067 996 2092 ‚
1032 2035 1113 2092 (ut
1146 2040 1229 2081 est
1262 2028 1317 2082 in
1352 2029 1544 2082 Medic.
1589 2029 1731 2096 Wt.)
1780 2025 2124 2079 redundabat
2159 2037 2382 2078 erratum
2417 2043 2503 2097 ap.

264 2097 434 2148 surm.
501 2098 855 2152 redimeibant
887 2098 979 2150 alii
1014 2117 1098 2168 ap.
1132 2099 1268 2151 Pier.
1306 2099 1518 2168 (vinam
1551 2117 1581 2150 a
1617 2117 1686 2151 m.
1721 2116 1800 2167 pr.
1839 2096 2030 2147 Medic.
2071 2098 2218 2156 Wr.)
2285 2094 2388 2149 539
2410 2098 2504 2148 in-

264 2164 512 2236 signibus
543 2167 697 2220 albis.
766 2169 853 2221 Sic
887 2168 1027 2236 apud
1062 2172 1210 2222 Serv.
1242 2169 1443 2221 Probus
1490 2169 1770 2235 legendum
1805 2165 2041 2218 dicebat:
2084 2173 2180 2226 „ut
2229 2164 2374 2215 albas
2409 2183 2504 2215 ve-

264 2245 373 2285 stes
422 2236 760 2305 accipiamus,
824 2254 957 2306 quae
1005 2237 1365 2290 sacerdotibus
1400 2255 1660 2306 congruae
1707 2239 1884 2286 sanw‘
1969 2235 2084 2286 Nee
2117 2243 2291 2284 tamen
2329 2233 2504 2300 video,

265 2305 528 2370 quomodo
576 2307 821 2375 insignia
852 2307 918 2359 de
961 2316 1109 2358 vecto
1144 2306 1353 2374 possint
1387 2306 1574 2373 accipi.
1655 2304 1776 2358 Nisi
1825 2304 1964 2355 forte
1999 2302 2196 2361 voluit,
2230 2311 2372 2353 certe
2408 2303 2504 2354 de·
2535 2345 2540 2352 .

262 2371 406 2435 buit,
452 2375 693 2444 insignia
727 2374 854 2426 alba
878 2412 894 2438 ‚
940 2375 1007 2426 de
1042 2375 1208 2427 infula
1244 2386 1299 2426 et
1331 2375 1474 2426 vittis
1510 2373 1759 2441 intelligi,
1807 2383 1861 2424 et
1894 2381 2048 2422 veste
2089 2368 2217 2421 alba
2249 2371 2372 2421 inde
2407 2389 2504 2421 ex-

267 2439 421 2509 pleri.
490 2442 569 2492 lta
602 2442 867 2494 blanditur
900 2443 1084 2494 lectio:
1128 2443 1283 2494 etiam
1318 2444 1437 2510 quia
1470 2444 1648 2512 paullo
1685 2451 1810 2509 post
1856 2458 1904 2490 v.
1940 2437 2044 2491 550
2076 2437 2131 2489 in
2153 2437 2507 2508 fulgentibus

266 2511 436 2562 annis
476 2509 657 2562 itidem
706 2512 829 2563 exit.
910 2513 1146 2564 Tueatur
1189 2522 1357 2563 tamen
1407 2512 1562 2581 codd.
1613 2507 1680 2565 τὸ
1721 2507 2031 2580 insignibus
2075 2510 2241 2560 armis
2270 2519 2322 2560 et
2358 2520 2502 2561 vetus

268 2580 640 2631 Grammaticus
674 2584 840 2647 Asper
873 2580 1013 2649 apud
1046 2580 1307 2632 Servium:
1356 2590 1411 2631 et
1445 2599 1600 2631 arma
1628 2582 1770 2631 lecta
1808 2596 1856 2629 v.
1899 2577 2019 2638 541,
2057 2593 2154 2628 nec
2190 2586 2331 2629 extat
2365 2576 2506 2631 albis

266 2647 369 2699 nisi
403 2664 500 2717 pro
536 2666 642 2700 var.
674 2649 798 2700 lect.
834 2648 891 2700 in
918 2667 1002 2718 pr.
1038 2649 1223 2701 Hamb.
1257 2648 1375 2700 Ald.
1411 2667 1489 2717 pr.
1527 2660 1584 2701 et
1614 2648 1738 2699 inde
1773 2644 2044 2712 profectis.
2115 2646 2244 2697 Nam
2271 2648 2502 2713 Nauger-

268 2720 439 2770 armis
474 2717 727 2786 reposuit.
776 2718 900 2785 (vid.
936 2720 1001 2781 Q.
1034 2719 1102 2769 V.
1136 2719 1285 2782 xvi,
1333 2718 1385 2771 6.
1426 2718 1572 2779 Wr.)
1686 2714 1790 2769 540
1824 2729 2122 2781 congressu
2167 2714 2251 2765 ed.
2286 2714 2502 2767 Mediol.

268 2788 349 2839 ait
380 2784 465 2837 ed.
499 2804 579 2855 pr.
616 2788 784 2838 Burin.
854 2804 1097 2854 campum
1138 2788 1301 2839 eiusd.
1344 2788 1465 2839 Exc.
1534 2786 1740 2837 lassum
1780 2801 1858 2851 pr.
1888 2781 2072 2833 Hamb.
2142 2780 2302 2850 lapsu
2330 2782 2504 2834 Lutat.

268 2856 338 2907 ad
370 2860 505 2908 Stat.
541 2857 639 2906 vn
690 2855 861 2908 Theb.
894 2858 1015 2911 710.
1078 2858 1423 2939 (superstant
1469 2854 1679 2915 Medic„
1733 2853 1830 2905 aed
1879 2848 2238 2919 superscripta
2271 2868 2316 2900 s.
2359 2852 2504 2912 Wr.)

267 2923 367 2979 541
406 2928 659 2977 Gerestus
690 2924 890 2995 aliquot
925 2925 1065 2993 edd„
1096 2935 1255 2978 etiam
1288 2924 1467 2977 Heius.
1537 2927 1800 2995 Segestae
1833 2918 2050 2973 Mentel.
2085 2935 2166 2987 pr.
2200 2919 2338 2971 conf.
2359 2924 2503 2972 Serv.

265 3104 353 3143 vs.
381 3084 567 3149 517.:
614 3102 920 3159 „mensae,
952 3104 1093 3165 quas
1124 3082 1349 3143 advena

265 3172 480 3249 primas
496 3170 609 3228 Tu
626 3190 665 3227 n
683 3189 714 3227 c
746 3168 942 3227 adiit.“
968 3170 1144 3245 Wr.)
1203 3170 1349 3235 534.

264 3254 529 3313 Eandem
548 3252 836 3313 Anchisae
866 3256 1130 3313 Manium
1160 3266 1217 3313 et
1238 3257 1349 3313 Iuli
1396 3252 1405 3261 ’

267 3344 611 3399 sententiam
641 3360 760 3399 esse
791 3342 902 3400 aio.
988 3342 1240 3421 Respicit
1274 3340 1350 3399 ad

266 3446 463 3506 preces
490 3446 549 3484 v.
581 3424 724 3491 524.
758 3424 901 3491 525.

352 3510 733 3577 537—542.
771 3510 906 3567 Nec
922 3509 1149 3588 procul
1170 3510 1347 3567 IIae-

268 3596 535 3653 monides
588 3630 675 3639 —
750 3596 942 3673 Quem
1000 3615 1348 3675 congressus

268 3682 403 3759 agit
418 3703 442 3752 ,·
484 3700 649 3739 more
688 3680 849 3740 haud
889 3681 1118 3739 insolito
1136 3726 1151 3755 ,
1195 3692 1357 3757 stru—0

271 3776 497 3823 ctutum
523 3769 797 3842 mutavit3
851 3788 989 3825 cum
1016 3785 1138 3824 esse
1167 3762 1347 3824 debe-

270 3860 396 3909 ret:
482 3852 601 3909 Nec
661 3854 865 3931 procul
922 3850 1348 3910 Haemonidem

268 3936 422 4015 agit.
517 3930 701 4015 (Nec
742 3937 967 4016 procul
994 3939 1083 3995 H.
1105 3978 1131 4007 ,
1186 3946 1345 4016 puta,

271 4032 355 4080 est
381 4020 476 4078 vel
504 4033 793 4099 versatur3
820 4026 921 4099 111,
952 4021 1132 4087 479.:
1178 4022 1347 4095 „Au-

1428 3104 1490 3142 se
1505 3128 1524 3158 ‚
1553 3093 1619 3141 ut
1645 3083 1828 3163 spolia
1851 3083 2026 3160 legat.
2110 3075 2265 3137 Ordo
2291 3078 2504 3138 verbo-

1430 3190 1564 3227 rum
1590 3169 1904 3249 simplicior
1933 3175 2085 3225 erat:
2131 3162 2371 3241 lapsum
2385 3166 2503 3221 im-

1431 3254 1623 3313 molat
1652 3296 1676 3325 ,
1742 3261 2199 3331 super-stansque
2273 3250 2506 3329 ingenti

1432 3339 1650 3397 umbra
1691 3340 1857 3417 tegit.
1963 3340 2048 3393 lta
2092 3336 2342 3414 accipio,
2392 3355 2500 3393 nec

1430 3426 1597 3483 aliter
1638 3425 1818 3504 accipi
1867 3442 2032 3503 posse
2073 3430 2236 3499 pute.
2345 3420 2500 3479 Sane

1410 3509 1505 3577 ‚de
1531 3520 1720 3567 morte
1747 3521 1874 3569 tum
1898 3505 2335 3565 aliitumUrsin.
2354 3504 2502 3563 Sca-

1426 3597 1529 3674 lig.
1563 3593 1746 3653 Cerda
1775 3594 2080 3673 accipiunt,
2107 3600 2172 3648 ut
2198 3592 2271 3647 sit
2290 3582 2502 3663 σκότος
2613 3616 2616 3621 ·

1432 3674 1576 3743 b'cc'
1616 3678 1920 3755 ἐκάλυψεν
1940 3722 1956 3751 ,
2009 3686 2067 3734 et
2109 3694 2257 3757 quae
2293 3676 2502 3733 similia

1430 3768 1542 3823 alia
1585 3764 1742 3845 apud
1793 3768 2117 3823 Homerum
2173 3770 2500 3820 occurrunt.

1427 3853 1510 3913 At
1537 3854 1695 3909 enim
1738 3860 1966 3909 noctem
1983 3889 2008 3917 ‚
2051 3842 2369 3917 umbram,
2413 3856 2498 3902 te-

1393 3956 1566 4015 ,gere
1624 3936 1824 3993 oculos
1874 3945 2027 3993 recte
2068 3930 2312 4013 dixeris:
2373 3932 2498 4013 quis

1388 4020 1411 4093 ξ’
1426 4041 1566 4079 vero
1608 4022 1779 4079 ferat:
1837 4030 2026 4100 tegere
2057 4016 2322 4095 aliquem
2362 4011 2512 4073 unz—⁸

268 4108 467 4165 soniae
494 4126 628 4185 pars
644 4108 736 4165 illa
766 4106 1027 4187 procul-‘⁶
1093 4108 1213 4164 Nec
1250 4126 1345 4163 re-
1376 4102 1404 4183 gi.
1430 4104 1588 4163 bra?
1659 4117 1717 4165 et
1770 4117 1895 4164 tum
1954 4100 2170 4163 umbra
2221 4102 2456 4181 ingenti
2467 4098 2500 4155 P

268 4202 363 4251 ote
419 4192 659 4269 iungas:
738 4192 873 4250 Nec
916 4190 1141 4271 procul
1182 4192 1337 4270 agit.
1392 4184 1400 4195 ⁰
1428 4191 1648 4268 (Miror
1673 4211 1792 4251 non
1819 4192 2056 4250 sensisse
2084 4188 2378 4266 Heynium
2401 4186 2498 4241 in-

276 4276 455 4351 W‘·)
540 4274 685 4341 541.
727 4280 1069 4358 ingentique
1128 4276 1345 4334 umbra
1422 4298 1568 4357 gens
1593 4274 1736 4335 illud
1765 4277 1960 4355 frigus,
1990 4291 2105 4355 quo
2133 4281 2336 4350 poetae
2361 4288 2498 4325 sen·
2527 4338 2534 4346 ⁸

268 4362 417 4443 tegit
442 4380 521 4420 sc.
538 4382 711 4442 super
736 4362 963 4423 adstans
992 4374 1049 4420 et
1062 4362 1344 4421 inclinans
1424 4364 1664 4423 tentiam
1719 4362 1816 4421 illa
1881 4357 2260 4452 explicatione
2301 4352 2494 4411 afficit.

366 4461 677 4539 Vnica.
732 4464 943 4539 Tou.
993 4460 1127 4537 ΠΙ.
1982 4460 2081 4529 33
