3009 5050
535 404 688 477 848
1111 394 2009 471 EXCURSUS
2118 395 2239 471 lv

517 600 722 649 natus.
807 587 1130 647 Antonium
1155 588 1384 647 Musam
1401 632 1420 659 ‚
1461 587 1627 645 cuius
1652 594 1838 645 artem
1877 587 2129 665 Augusti
2171 584 2447 648 valetudo
2486 596 2811 669 tantopere

531 678 875 748 celebravit,
918 674 1026 732 sub
1055 674 1242 731 aliena
1268 692 1516 753 persona
1542 682 1609 729 ut
1650 670 1913 731 laudaret
1930 716 1945 747 ,
1986 674 2295 733 consilium
2334 676 2515 733 fuisse
2540 676 2809 751 Maroni,

531 764 851 905 ffltspicattus
877 760 1200 904 aefflo·
1231 759 1597 903 Atterburrius
1624 756 2103 903 ὶιίἐιιιςιῖιῖἓ
2114 760 2357 904 Ἦιξΰίο
2384 762 2637 839 Anglice
2652 760 2811 863 red-

619 866 736 905 oe
803 865 840 903 a
1133 855 1412 903 ocurato
1499 862 1621 902 om.
1744 884 1765 902 .
1892 864 1946 901 1·
2104 865 2177 903 en
2248 864 2811 927 ocparumvensi-

530 934 674 993 mile
690 977 709 1006 ‚
753 933 1112 1011 omninoque
1151 950 1363 1009 parum
1403 930 1637 1010 probari
1675 948 1845 1010 posse
1888 948 2099 989 censeo
2138 950 2325 1009 genus
2366 931 2482 995 hoc
2500 931 2811 991 referendi

527 1020 661 1077 loca
689 1028 994 1097 poetarum
1022 1015 1098 1074 ad
1125 1026 1312 1075 certos
1339 1014 1607 1075 homines
1634 1034 1741 1095 per
1768 1016 2106 1093 allegoriam
2134 1028 2193 1075 et
2220 1018 2583 1076 allusionem.
2646 1018 2811 1078 Suf-

531 1104 653 1163 ficit
679 1113 916 1182 poetam
941 1100 1204 1181 lapidem
1229 1120 1406 1160 suum
1431 1100 1511 1159 ad
1519 1102 1965 1160 Homericorum
1990 1095 2360 1161 medicorum
2386 1104 2663 1183 exennpla
2681 1106 2809 1163 in-

531 1188 784 1249 duxisse.
869 1190 1121 1247 Sanatur
1143 1188 1224 1247 ita
1254 1207 1289 1246 a
1315 1185 1641 1245 Machaona
1664 1188 1962 1245 Menelaus
2000 1186 2167 1247 Iliad.
2196 1188 2267 1263 δ,
2294 1192 2441 1253 200.
2468 1192 2595 1253 213
2640 1209 2807 1271 sqq„

531 1277 636 1356 qui
661 1276 824 1333 locus
838 1318 854 1347 ‚
883 1292 1002 1331 una
1031 1292 1170 1332 cum
1197 1274 1378 1333 altero
1405 1270 1571 1331 Iliad.
1600 1276 1653 1345 λ,
1682 1274 1829 1346 848,
1858 1274 1961 1331 ubi
1986 1276 2275 1355 Eurypyli
2300 1275 2529 1333 vulneri
2572 1275 2807 1333 Patro—

529 1362 656 1419 clus
679 1358 948 1419 medetur
962 1403 980 1435 ‚
1021 1360 1261 1437 Virgilio
1291 1370 1428 1417 ante
1453 1359 1651 1417 oculos
1678 1358 1949 1417 fuerunt:
1994 1357 2145 1418 adde
2172 1362 2243 1418 iis
2272 1378 2343 1417 ea
2368 1360 2528 1433 loca,
2556 1361 2623 1417 in
2656 1364 2805 1441 qni-

529 1447 640 1505 bus
665 1443 872 1505 heroes
897 1446 1184 1503 vulnerati
1225 1444 1320 1503 dei
1347 1446 1587 1505 alicuius
1612 1445 1941 1503 interventu
1968 1456 2302 1503 recreantur
2344 1456 2405 1503 et
2442 1446 2659 1504 viduus
2694 1466 2807 1504 sa-

527 1542 704 1589 natur
721 1550 740 1589 2
787 1542 856 1589 ut
883 1534 1100 1589 Hector
1123 1528 1292 1589 iliad.
1323 1553 1396 1605 o‚·
1417 1534 1543 1595 236
1572 1548 1721 1611 sqq„
1762 1530 2015 1588 Glaucus
2041 1530 2206 1590 Iliad.
2237 1553 2302 1603 π,
2346 1532 2471 1595 527
2508 1551 2679 1614 sqq„
2738 1543 2805 1589 et

528 1620 654 1697 ipse
673 1618 902 1675 Aeneas
928 1614 1093 1674 Iliad.
1123 1637 1170 1691 ε,
1201 1620 1348 1681 318.
1379 1613 1524 1679 844.
1612 1617 1969 1674 ornamenta
1997 1625 2193 1674 autem
2234 1617 2398 1675 Maro
2442 1618 2805 1699 conquisivit

528 1705 830 1781 ingeniose
859 1722 929 1761 ac
957 1700 1282 1780 diligenter.
1367 1703 1672 1760 Amasium
1700 1700 1884 1760 edidit
1908 1702 2193 1781 Apollinis
2232 1701 2514 1781 lapidem.
2600 1704 2803 1761 Ama-

529 1790 604 1847 tis
629 1790 790 1845 enim
819 1806 854 1845 a
879 1807 944 1845 se
971 1790 1164 1867 pueris
1193 1798 1252 1844 et
1275 1788 1484 1866 puellis
1512 1806 1645 1845 suas
1674 1797 1821 1845 artes
1849 1806 2021 1867 saepe
2048 1798 2151 1845 aut
2164 1789 2513 1867 promittunt
2538 1798 2645 1845 aut
2672 1790 2801 1846 lar-

528 1876 770 1953 giuntur
811 1870 892 1931 dii
919 1871 1076 1953 apud
1102 1884 1332 1953 poetas3
1373 1891 1496 1931 non
1524 1874 1763 1930 insuave
1806 1874 2155 1951 figmentum
2174 1918 2193 1949 ,
2234 1874 2461 1955 quoties
2500 1874 2801 1933 excellere

529 1960 786 2040 aliquem
809 1960 874 2017 in
901 1970 1026 2016 arte
1049 1978 1154 2017 sua
1179 1956 1372 2016 dicere
1395 1958 1605 2015 volunt
1631 1968 1872 2038 poetae3
1914 1978 2023 2039 pro
2066 1976 2183 2041 quo
2214 1960 2337 2017 aliis
2363 1960 2506 2017 locis
2534 1960 2797 2019 conten-

527 2042 680 2103 disse
703 2064 844 2101 eum
871 2063 1010 2103 cum
1037 2041 1148 2101 deo
1177 2042 1368 2100 dicere
1385 2043 1593 2101 solent.
1676 2042 1833 2101 Illud
1856 2062 1997 2103 vero
2024 2046 2317 2125 praeclare
2326 2044 2571 2119 factum,
2600 2044 2793 2127 quod,

527 2148 666 2187 cum
707 2147 908 2187 caussa
945 2129 1196 2205 optionis
1239 2137 1388 2185 esset
1431 2126 1815 2187 memoranda
1830 2172 1847 2203 ,
1922 2148 2027 2188 cur
2065 2132 2217 2210 Iapis
2244 2138 2451 2189 ‘artem
2488 2129 2793 2190 medicam

523 2214 888 2293 praetulisset
915 2212 1130 2271 artibus
1159 2210 1517 2291 augurandi,
1564 2211 1790 2272 cithara
1818 2213 2067 2274 cauendi
2098 2226 2155 2274 et
2196 2214 2485 2275 iaculandi
2504 2257 2523 2289 ,
2569 2218 2647 2275 ab
2696 2218 2793 2275 af-

523 2300 686 2357 fectu
712 2300 938 2378 pietatis
967 2316 1102 2357 eam
1137 2300 1302 2379 petiit
1341 2309 1551 2378 poeta:
1612 2310 1685 2356 ut
1710 2300 1965 2378 depositi
1989 2300 2291 2380 proferret
2322 2302 2461 2368 sata
2476 2304 2781 2376 parentas.

525 2386 617 2443 De
663 2385 848 2442 mutis
875 2382 1112 2441 artibus
1151 2395 1208 2442 et
1247 2386 1550 2443 mdieina
1568 2426 1591 2455 ‚
1638 2397 1813 2443 muta
1858 2396 2017 2459 arte,
2066 2388 2252 2445 multa
2294 2385 2583 2466 disputata
2610 2398 2787 2461 sunt;

525 2472 804 2553 pleraque
847 2480 1050 2550 argute
1093 2473 1282 2549 magis
1323 2490 1504 2553 quam
1546 2490 1705 2530 vere.
1788 2474 1941 2530 Nam
1980 2474 2275 2532 silentium
2314 2470 2682 2532 medicor-mn
2710 2494 2789 2532 ex

523 2555 897 2616 iureiurando
941 2559 1305 2636 Hippocratis
1346 2559 1442 2616 vel
1479 2577 1559 2616 ex
1600 2556 1789 2638 adytis
1830 2560 2257 2638 Aegyptiorum
2298 2560 2556 2616 alienum
2582 2561 2789 2638 profe-

527 2653 624 2702 cto
653 2663 688 2700 a
730 2653 906 2722 poeta
945 2654 1050 2704 est.
1134 2645 1278 2703 Erat
1305 2645 1514 2702 saltem
1546 2663 1737 2700 unum
1778 2641 1925 2702 illud
1954 2663 2031 2701 ex
2084 2645 2379 2705 Servianis
2420 2644 2747 2704 tenendum
2764 2665 2783 2704 ε

524 2739 686 2785 artes
723 2739 926 2786 mutas
963 2748 1086 2787 esse
1125 2731 1382 2788 musicae
1421 2731 1852 2808 comparatione
1867 2748 1886 2787 τ
1954 2746 2079 2786 non
2128 2731 2355 2789 vocales
2408 2741 2467 2788 et
2518 2749 2782 2790 canoras.

525 2813 700 2886 Quod
726 2823 1004 2896 sequutus
1033 2833 1270 2896 quoque
1297 2825 1382 2873 est
1409 2825 1468 2872 et
1493 2816 1800 2873 illustravit
1826 2817 2087 2873 Gronov·
2118 2815 2193 2876 ad
2240 2817 2427 2876 Statii·
2454 2813 2653 2876 Theb.
2682 2819 2783 2892 W,

532 2903 688 2975 1833
731 2919 926 2980 neque
967 2901 1286 2980 quicquam
1331 2911 1445 2974 est,
1505 2899 1666 2982 quod
1710 2919 1849 2960 cum
1888 2900 2191 2982 loquendi·
2210 2923 2317 2960 usu
2346 2902 2531 2980 magis
2560 2921 2785 2962 conve-

521 2986 666 3042 niat.
765 2983 1043 3043 Desidet-o
1089 2997 1284 3044 tamen
1327 2983 1473 3060 hoc,
1532 2983 1691 3067 quod
1732 2989 1813 3044 sic
1854 2997 2059 3043 nactae
2098 2998 2259 3044 artes
2296 2997 2527 3046 tantum
2568 2990 2679 3046 uni
2706 3009 2783 3048 ex

521 3071 704 3128 tribus
746 3070 962 3128 artibus
976 3113 992 3143 ‚
1049 3089 1194 3151 quas
1239 3073 1547 3130 contemsit
1586 3071 1735 3150 Iapis
1748 3115 1765 3145 ‚
1808 3071 2159 3152 respondent
2178 3117 2195 3147 ‚
2241 3074 2459 3131 scilicet
2499 3075 2779 3132 musicae.

522 3153 837 3213 Adiectum
863 3153 1012 3214 illud
1039 3155 1338 3234 inglorius
1361 3155 1671 3216 videbatur
1694 3155 1842 3215 mihi
1868 3159 2059 3237 potius
2086 3160 2389 3217 notionem
2416 3161 2532 3221 τοῦ
2574 3169 2779 3216 mutus

522 3242 874 3299 constituere
891 3285 908 3315 ‚
967 3251 1032 3298 ut
1073 3251 1278 3299 mutae
1315 3253 1475 3298 artes
1514 3243 1761 3300 solleuni
1802 3243 1991 3321 figura
2032 3262 2155 3302 non
2195 3246 2310 3303 sint
2326 3289 2342 3320 ,
2401 3263 2557 3326 quae
2582 3245 2773 3320 silent,

519 3323 624 3384 sed
669 3344 820 3406 quae
845 3327 1087 3384 silentur
1100 3371 1116 3400 ‚
1144 3327 1238 3385 vel
1267 3327 1488 3386 faciunt
1503 3369 1521 3402 ‚
1564 3339 1631 3386 nt
1656 3329 1699 3385 ii
1714 3371 1731 3401 ‚
1792 3330 1894 3409 qui
1922 3349 2018 3388 eas
2046 3330 2277 3404 colunt,
2328 3330 2638 3389 sileantur:
2686 3350 2773 3390 ars

517 3411 746 3470 nullam
801 3411 1022 3470 famam
1083 3410 1286 3471 datura
1303 3457 1320 3487 ‚
1391 3411 1466 3470 de
1507 3432 1629 3494 qua
1681 3413 1933 3472 silebunt
1998 3411 2297 3474 homines:
2376 3418 2641 3496 inprimis
2698 3433 2774 3474 ex

517 3497 680 3556 istius
695 3541 712 3572 ‚
757 3516 875 3578 quo
916 3507 1088 3577 poeta
1116 3499 1344 3557 vivebat
1359 3543 1378 3574 ‚
1419 3499 1635 3558 saeculi
1660 3500 1951 3578 opinione,
1980 3519 2121 3560 cum
2160 3499 2518 3560 medicinam
2542 3512 2771 3560 tantum

515 3584 670 3641 servi
710 3584 804 3641 vel
840 3583 1031 3641 liberti
1079 3599 1148 3642 ac
1177 3585 1384 3642 Graeci
1425 3597 1794 3660 exercerent3
1860 3605 1997 3644 cum
2038 3597 2243 3646 contra
2296 3587 2691 3646 celebritatem
2716 3599 2773 3648 et

515 3667 739 3725 famam
763 3670 918 3727 inter
943 3665 1212 3727 homines
1239 3667 1478 3728 daturae
1505 3671 1747 3730 fuissent
1796 3681 1942 3730 artes
1971 3669 2295 3750 augurandi
2315 3716 2332 3746 ,
2374 3671 2669 3732 iaculandi
2712 3685 2770 3732 et

517 3749 738 3810 cithara
787 3751 1056 3812 canendi.
1143 3754 1298 3825 Quid
1339 3757 1499 3814 enim
1538 3759 1601 3814 in
1649 3753 1901 3816 heroum
1938 3758 2056 3815 vita
2084 3759 2355 3817 illustrius
2383 3755 2472 3817 his
2504 3760 2721 3818 artibus
2738 3755 2771 3818 Ξ)

514 3839 700 3897 Porro
741 3842 1050 3919 antiquum
1107 3859 1336 3899 morem
1374 3851 1548 3920 poeta
1587 3841 1785 3900 retulit
1825 3844 1885 3899 in
1934 3843 2183 3902 amictuz
2268 3853 2484 3902 retorto
2526 3847 2769 3902 succin-

516 3933 649 3980 ctus
685 3925 916 3980 andem
935 3945 954 3980 .-
1041 3924 1256 3984 medici
1297 3929 1458 3984 enim
1495 3927 1619 3985 fere
1658 3928 1880 4008 palliati
1896 3971 1912 4002 ‚
1970 3931 2147 3988 etiam
2190 3931 2413 3988 Romae
2428 3973 2447 4004 ‚
2494 3928 2766 4012 quando-

515 4006 758 4091 quidem
784 4010 994 4067 Graeci
1018 4009 1144 4068 fere
1185 4023 1351 4071 erant
1397 4033 1635 4092 genere.
1720 4014 1937 4073 Obvius
1978 4033 2215 4097 quoque
2239 4013 2401 4074 idem
2437 4015 2767 4096 Aesculapii

513 4093 746 4154 habitus
799 4095 863 4154 in
903 4106 1172 4155 veterum
1216 4099 1394 4178 signis
1435 4110 1494 4158 et
1536 4100 1751 4158 numis.
1855 4098 2027 4171 Quod
2068 4101 2313 4182 pallium
2366 4110 2665 4184 retorquet
2696 4113 2769 4180 ⁴et

513 4180 797 4261 succingit
811 4226 830 4257 ,
871 4177 1258 4262 chirurgicam
1289 4203 1529 4264 operam
1556 4196 1613 4245 et
1638 4187 1833 4266 ipsum
1862 4189 2053 4265 arguit
2067 4229 2093 4257 ,
2117 4202 2243 4244 non
2284 4183 2613 4262 medicam3
2660 4190 2766 4246 etsi

513 4269 785 4326 omnibus
827 4270 1068 4328 omnino
1104 4268 1267 4329 idem
1306 4281 1430 4330 erat
1455 4269 1823 4347 fidendum,
1896 4275 2001 4354 qui
2040 4291 2105 4330 se
2130 4270 2207 4331 ad
2244 4273 2633 4332 ministerium
2670 4275 2767 4331 vel

513 4369 661 4431 opus
687 4354 1090 4432 acchab-nt-
