3009 5050
467 426 616 498 224

959 418 1043 494 P.
1095 415 1626 497 VIRGILII
1672 413 2224 493 MARONIS

461 604 900 685 Ianiculum
929 600 1151 698 huic,
1209 601 1318 677 illi
1349 600 1613 679 fuerat
1646 602 2004 677 Saturnia
2034 626 2361 679 nomen.

465 708 788 785 Talibus
821 708 1030 782 inter
1055 730 1140 782 se
1167 705 1391 783 dictis
1422 705 1523 782 ad
1550 716 1758 780 tecta
1798 706 2168 782 subibant

466 812 874 913 Pauperis·
953 812 1174 886 Euan
1185 806 1305 885 dri
1339 870 1360 907 ‚

1469 808 1925 985 passbimque
2038 821 2391 885 armenta
2490 809 2714 885 vide-

1682 923 1817 986 ant

2560 923 2713 993 360

461 1020 998 1119 Romanoque
1025 1018 1239 1092 Foro
1277 1028 1358 1091 et
1391 1014 1619 1090 lautis
1650 1016 1962 1113 mugire
1996 1014 2327 1092 Carinis.

461 1125 570 1201 Ut
596 1134 928 1197 ventum
967 1117 1067 1194 ad
1091 1117 1361 1197 sedes:
1413 1122 1665 1215 Haec,
1714 1119 2006 1220 inquit,
2058 1118 2331 1195 limina
2358 1118 2611 1195 victor

468 1222 787 1302 Alcides
821 1222 1098 1316 subiit3
1153 1223 1352 1299 haec
1389 1221 1617 1297 illum
1645 1222 1859 1319 regia
1886 1224 2115 1323 cepit.

462 1329 732 1427 Aude,
805 1326 1100 1428 hospes
1123 1386 1144 1425 ‚
1215 1338 1737 1401 contemnere
1800 1348 2036 1425 opes,
2104 1336 2183 1400 et
2249 1337 2329 1401 te
2382 1349 2711 1427 quoque

461 1534 710 1631 Finge
747 1532 943 1625 deo;
995 1531 1398 1632 rebusque
1425 1532 1609 1607 veni
1641 1557 1808 1608 non
1843 1554 2073 1631 asper
2102 1531 2388 1629 egenis,

1627 1428 1961 1527 dignum

2558 1538 2709 1625 365

461 1637 708 1733 Dixit,
764 1649 843 1711 et
877 1636 1179 1733 ang'usti
1211 1635 1486 1711 subter
1519 1632 1821 1734 fastigia
1856 1635 2043 1711 tecti

601 1825 704 1879 359
737 1844 804 1877 ac
839 1838 880 1879 ι’.
916 1826 1056 1877 Gud.
1091 1844 1122 1878 a
1155 1843 1224 1877 m.
1259 1841 1340 1893 pr.

1477 1825 1577 1881 361
1615 1825 1779 1878 laetis
1810 1844 1909 1890 pro
1946 1826 2050 1878 div.
2078 1826 2201 1877 lect.
2234 1822 2377 1895 apud
2399 1822 2575 1876 Schol.
2598 1823 2714 1874 Ho-

461 1894 587 1947 ratii
643 1895 830 1964 Crnqu.
877 1896 900 1945 1
950 1897 1048 1961 Ep.
1082 1896 1133 1959 7,
1167 1894 1250 1947 48.
1323 1894 1456 1945 latis
1505 1898 1761 1946 cavernis
1808 1896 2047 1949 Parthas.
2095 1913 2128 1950 a
2170 1914 2237 1947 m.
2284 1913 2389 1947 teo.
2460 1894 2715 1945 cavernis

466 1965 626 2015 etiam
660 1966 811 2017 Rom.
881 1964 1038 2029 (latis
1077 1964 1235 2015 etiam
1267 1964 1458 2015 Medic.
1495 1966 1635 2032 apud
1668 1965 1887 2033 Foggin.
1929 1968 2075 2029 Wr.)
2176 1965 2364 2019 362111
2384 1979 2499 2015 voc.
2536 1966 2713 2015 victor

462 2032 689 2103 argutati
719 2042 842 2085 nunt
873 2044 1109 2097 veteres,
1159 2033 1280 2083 dum
1327 2032 1396 2084 ad
1429 2050 1721 2101 cognomen
1754 2033 1991 2087 Herculis
2024 2034 2257 2086 Victoris
2304 2032 2562 2097 retulere,
2606 2048 2711 2096 quo

461 2103 674 2154 nomine
707 2102 843 2155 duae
893 2102 1052 2154 aedes
1097 2104 1294 2153 Romae
1341 2102 1522 2167 fuere,
1568 2103 1811 2155 Herculis
1859 2102 2090 2157 Victoris
2140 2104 2329 2155 dictae.
2387 2120 2440 2154 ν.
2474 2100 2709 2153 Macrob.

462 2174 553 2234 111,
587 2173 637 2224 6.

757 2170 860 2225 364
894 2174 1212 2243 contingere
1250 2172 1409 2223 Goth.
1447 2190 1553 2224 sec.
1668 2172 1771 2227 366
1804 2174 2034 2242 augusti
2062 2174 2185 2225 Exc.
2218 2168 2497 2225 Burmann.
2548 2170 2713 2237 (idem

461 2240 836 2309 praescribitur
865 2238 1070 2292 acholio
1107 2245 1250 2293 Serv.
1285 2240 1343 2292 in
1377 2242 1496 2293 cod..
1530 2240 1740 2307 Dresd„
1782 2240 1901 2310 ipso
1936 2252 2111 2295 tamen
2141 2241 2348 2295 scholio
2385 2242 2715 2295 adversante·

467 2312 615 2378 Wr.)
687 2307 920 2362 subeunt
953 2310 1156 2379 aliquot
1188 2310 1324 2361 Pier.
1394 2314 1634 2383 vestigia
1666 2311 1772 2365 dno
1806 2313 1978 2365 Burm-

461 2470 655 2551 posuit
683 2464 686 2467 ’
710 2467 1052 2528 adiunctum
1108 2468 1340 2528 nimbos
1366 2492 1393 2544 ‚·
1489 2481 1549 2532 et

459 2565 696 2637 propter
721 2553 829 2614 hos
861 2558 1016 2634 aegis
1056 2557 1309 2636 nigrans
1323 2599 1349 2626 ,
1389 2559 1549 2616 nube

459 2644 628 2721 nigra
657 2652 714 2699 et
741 2641 1050 2721 caliginosa
1089 2662 1195 2722 per
1231 2654 1549 2722 tempesta-

459 2739 586 2786 tem
611 2727 865 2802 inducta,
940 2725 1090 2801 (Sed
1116 2725 1235 2786 vid.
1266 2731 1335 2787 V.
1366 2731 1436 2787 L.
1459 2763 1547 2774 —

459 2816 489 2872 ι’
489 2835 540 2892 p
558 2835 588 2872 s
605 2834 725 2872 um
755 2815 984 2885 Iovem,
1013 2811 1132 2874 vid.
1155 2815 1225 2886 Q.
1241 2815 1312 2875 V.
1331 2817 1545 2892 XVIII,

463 2905 522 2974 3,
553 2901 612 2958 b.
640 2933 728 2945 —
757 2921 946 2978 quum
971 2919 1234 2978 saepe,
1260 2900 1380 2962 vid.
1408 2904 1544 2960 Not.

464 2982 539 3044 ad
567 2987 644 3060 X,
673 2989 820 3050 723.
872 2985 1047 3061 W.)

547 3069 933 3135 355—358.
963 3070 1152 3126 Habet
1177 3069 1372 3126 nescio
1401 3065 1545 3147 quid

459 3155 753 3231 religionis
796 3151 1128 3210 veneranda
1183 3150 1330 3211 haec
1387 3153 1543 3208 anti-

463 3240 648 3322 quitas
677 3239 878 3296 ruinae
921 3236 1175 3295 duorum
1212 3236 1544 3316 antiquissi-

459 3341 694 3384 morum
751 3321 1096 3401 oppidorum
1112 3366 1128 3396 ‚
1193 3341 1372 3402 quam
1425 3319 1545 3380 ho·-

459 3408 593 3488 spiti
621 3425 726 3464 suo
754 3418 1034 3466 monstrat
1059 3406 1354 3472 Euander.
1427 3407 1543 3467 At-

457 3502 844 3570 temperatum
909 3501 969 3549 et
1021 3490 1136 3552 hoo
1191 3490 1266 3552 ad
1320 3493 1543 3551 famam

457 3587 716 3638 veterem
761 3576 833 3635 de
878 3577 1155 3636 Ianiculo
1213 3589 1272 3637 et
1319 3579 1542 3636 Satur-

458 3665 566 3721 nia
581 3705 607 3733 ,
657 3661 880 3722 duobus
911 3665 1159 3744 antiquis
1205 3664 1432 3744 oppidis
1473 3667 1541 3722 in

455 3749 752 3807 montibus
781 3749 1037 3808 Ianiculo
1087 3759 1144 3808 et
1191 3752 1537 3830 Capitoline,

457 3835 600 3893 olim
630 3835 903 3894 Saturnio
933 3833 1120 3908 dict03
1163 3857 1221 3896 v.
1251 3838 1430 3896 Varro
1465 3835 1541 3895 de

455 3921 614 3978 1..L.
652 3921 749 3994 IV,
791 3925 852 3984 7.
899 3922 1057 3980 eous.
1085 3923 1332 3983 Excurs.
1375 3925 1433 3980 11
1461 3919 1541 3982 ad

457 4003 518 4065 h.
546 4005 677 4064 libr.
705 4005 812 4065 sub
841 4005 885 4064 f.

539 4091 666 4156 359
711 4111 837 4174 sqq.
883 4092 1083 4150 Etiam
1133 4093 1196 4150 in
1240 4091 1331 4152 his
1372 4103 1541 4154 vetus

456 4178 788 4257 simplicitas
819 4175 1080 4252 delectat,
1109 4177 1371 4258 inprimis
1401 4197 1543 4238 eum

455 4263 886 4343 magnificentia
911 4264 1136 4322 serioris
1154 4267 1350 4324 aetatis
1369 4284 1541 4324 com-

455 4360 672 4429 parata.
759 4347 946 4408 lautis
995 4349 1236 4408 Carinis
1251 4394 1277 4421 ,
1333 4353 1436 4434 qui
1475 4352 1539 4408 in

455 4437 538 4494 IV
579 4436 840 4514 Regione
884 4437 1046 4495 locus
1088 4437 1197 4494 suit
1252 4438 1324 4495 ab
1380 4439 1541 4496 Aron

1630 2469 1769 2531 inde
1822 2471 2185 2532 Constantini
2238 2472 2389 2531 inter
2424 2468 2711 2549 Esquilias

1630 2567 1692 2616 et
1736 2558 2002 2618 Coelium
2036 2557 2355 2639 procedens
2372 2601 2389 2632 ,
2443 2555 2713 2633 Pompeii

1628 2645 1713 2703 Μ.
1770 2645 2013 2705 Antonii
2083 2645 2319 2726 aliisque
2388 2640 2713 2720 magnificis

1630 2735 2055 2811 sumtuosisque
2113 2728 2379 2789 domibus
2438 2737 2711 2798 ornatusr,

1629 2813 1789 2876 unde
1838 2816 2043 2874 lautae
2096 2815 2358 2872 Carinae.
2444 2811 2713 2886 (Servius

1628 2903 1813 2959 multa
1839 2903 2033 2979 inepte
2060 2898 2367 2973 cumulat.)
2454 2901 2601 2959 362.
2630 2895 2717 2952 Ue

1630 2995 1875 3043 ventum
1908 2984 1997 3041 ad
2032 2983 2197 3040 sedes·
2215 3025 2237 3051 7,
2280 2977 2543 3038 Euandri
2598 2977 2712 3035 do-

1625 3087 1798 3126 mum
1824 3071 1887 3126 in
1912 3069 2179 3126 Palatino
2206 3075 2427 3136 moute,
2452 3082 2559 3120 seu
2588 3064 2711 3121 Pa·-

1625 3153 1765 3210 latio
1795 3196 1811 3226 ,
1886 3151 2047 3234 quod
2118 3152 2487 3210 Pallanteum
2558 3147 2710 3208 dixit

1624 3247 1815 3317 poeta.
1886 3235 2175 3314 (—-863.
2212 3238 2392 3314 cepit,
2420 3236 2571 3292 bene
2600 3234 2709 3294 de-

1624 3324 1843 3381 lectum
1866 3323 2130 3398 verbum,
2154 3325 2198 3382 i.
2218 3344 2271 3382 e.
2296 3332 2489 3384 tantus
2518 3339 2709 3403 quum

1625 3419 1804 3485 esset,
1846 3420 2045 3468 tamen
2072 3428 2195 3469 non
2222 3419 2309 3468 est
2342 3407 2704 3486 dedignatum,

1623 3493 1777 3554 hanc
1830 3497 2135 3574 parvulam
2193 3496 2437 3555 domum
2492 3494 2703 3552 subire.

1632 3579 1811 3658 W·)
1894 3580 2041 3646 364.
2084 3581 2231 3648 365.
2270 3579 2429 3640 Nihil
2468 3581 2707 3656 magni*-

1622 3665 1887 3726 fioentius
1912 3665 2004 3726 his
2044 3669 2300 3726 versibus
2339 3665 2453 3726 dici
2494 3674 2702 3744 potest.

1624 3750 2146 3830 (magnificentiora
2171 3750 2337 3826 haec,
2366 3755 2415 3812 si
2442 3768 2549 3830 pro
2568 3751 2705 3806 uni-

1622 3857 1785 3896 verse
1814 3837 1980 3898 dictis
2010 3841 2251 3918 accipis;
2295 3849 2353 3896 at
2380 3836 2479 3894 hic
2504 3837 2705 3894 tenui-

1620 3933 1805 3984 tatem
1856 3943 2056 3982 rerum
2109 3922 2373 3982 Euandri
2424 3930 2702 4002 spectant.

1633 4007 1737 4070 W
1722 4011 1809 4089 r.)
1895 4009 2057 4068 aude
2090 4019 2497 4078 contemnere,
2540 4007 2706 4086 quasi

1624 4115 1751 4153 rem
1780 4093 2023 4154 arduam
2052 4103 2110 4152 et
2146 4091 2474 4152 difficilem:
2516 4093 2599 4148 ita
2640 4102 2705 4149 ut

1622 4183 1835 4241 virtute
1866 4199 2009 4260 opus
2038 4180 2112 4237 sit
2152 4181 2332 4236 animi
2374 4175 2451 4237 ad
2498 4177 2707 4255 expel-

1622 4265 1861 4338 lendam
1912 4263 2282 4323 mirationem
2354 4262 2704 4321 divitiarum.

1624 4352 1725 4411 Sic
1766 4353 1917 4411 bene
1960 4350 2125 4408 Serv.
2174 4360 2233 4407 et
2272 4349 2465 4408 Guell.
2552 4357 2611 4402 et
2652 4353 2709 4402 te

1624 4456 1861 4516 quoque
1880 4435 2329 4514 dignumfin-ge
2346 4433 2473 4492 deo.
2526 4433 2707 4490 Com-
2816 4501 2829 4520 1
