3009 5050
536 446 689 520 460
936 497 939 500 -
1012 441 1093 517 P.
1150 439 1671 517 VIRGILII
1719 439 2271 518 MARONIS

534 630 703 702 Hos
729 649 1009 726 parere
1042 625 1321 702 iubent
1352 623 1703 728 Alpheae
1733 627 1828 702 ab
1869 627 2172 725 origine
2204 625 2449 722 Pisae,

536 729 747 808 Urbs
777 731 1101 806 Etrusca
1127 729 1326 810 solo,
1398 731 1776 830 Sequitur
1800 729 2322 831 pulcerrimus
2352 733 2618 824 Astur,
2641 739 2776 809 180

538 838 777 911 Astur
810 856 1021 934 equo
1055 831 1317 910 fidens
1348 846 1429 910 et
1450 833 2055 911 versicoloribus
2083 835 2337 915 armis,

542 939 1029 1014 Tercentum
1110 936 1484 1015 adiiciunt
1510 997 1533 1035 ‚
1639 961 1872 1013 mens
1919 937 2348 1116 domnibus
2415 961 2579 1013 una
2661 935 2776 1012 'se-

542 1142 698 1239 Qui
727 1144 1057 1220 Caerete
1090 1142 1379 1242 dome,
1434 1146 1570 1246 qui
1613 1065 2204 1222 sugliffiidionis
2237 1145 2320 1220 in
2351 1143 2578 1241 arviS‚

661 1353 761 1408 179
789 1351 1005 1424 Alphea
1031 1350 1100 1404 ab
1131 1352 1343 1422 origine
1362 1351 1604 1405 Heinsius
1641 1371 1672 1404 e
1697 1353 1886 1406 Medic.
1929 1362 1984 1406 et
2014 1353 2130 1406 aliis
2157 1360 2482 1421 reposuerat.
2529 1349 2774 1424 stlpheae

542 1419 615 1474 ab
645 1442 694 1475 o.
720 1425 785 1474 P.
812 1421 971 1474 tacite
998 1421 1261 1473 revocavit
1298 1424 1488 1486 But-m..
1523 1431 1580 1473 et
1599 1433 1772 1488 reete,
1807 1422 2064 1483 arbitron
2112 1422 2308 1492 quippe
2353 1421 2655 1488 elegantius
2695 1419 2774 1470 di-

542 1509 629 1544 eas
658 1492 817 1543 Pisas
846 1489 915 1541 ab
946 1492 1156 1562 origine
1170 1491 1443 1562 Alpheae,
1477 1509 1631 1560 quam
1664 1495 1828 1544 Pisae
1859 1491 1928 1544 ab
1959 1494 2172 1564 origine
2196 1491 2428 1562 Alphea.
2477 1487 2774 1542 Wakefield

539 1560 783 1612 refluxit:
820 1561 939 1612 Hos
974 1577 1177 1630 parere
1214 1560 1391 1622 iubet,
1431 1561 1678 1632 Alpheae
1721 1559 1790 1613 ab
1825 1565 2066 1633 origine,
2113 1563 2280 1612 Pisae
2317 1558 2461 1612 Urbs
2477 1597 2494 1624 ,
2543 1563 2774 1610 Etrusca

541 1629 679 1682 eolo.
746 1631 943 1682 Excute
967 1628 1199 1696 singula,
1232 1646 1297 1680 an
1322 1629 1579 1697 placeant.
1649 1631 1916 1703 (Alpheae
1936 1630 2102 1683 Palat.
2172 1629 2390 1700 Alphea
2409 1629 2462 1682 8.
2537 1624 2774 1678 Elidendi

541 1700 682 1750 ratio
706 1697 795 1750 hic
820 1709 1027 1766 quoque
1050 1698 1244 1750 erroris
1310 1715 1459 1750 arens
1479 1737 1494 1762 ,
1526 1700 1631 1752 vid.
1666 1701 1731 1752 V.
1759 1701 1818 1752 1..
1855 1706 1982 1752 Aen.
2007 1702 2048 1764 1,
2086 1699 2232 1762 1933
2281 1698 2418 1750 adde
2451 1699 2519 1749 V.
2557 1699 2623 1749 1..
2649 1697 2714 1748 ad
2737 1697 2774 1756 l,

544 1765 685 1828 642..
714 1765 806 1818 ubi
844 1785 929 1818 an
947 1769 1197 1834 siquae
1234 1717 1307 1818 αἴ
1328 1769 1538 1840 origine
1572 1769 1908 1822 restituimus.
1973 1768 2274 1820 indubitata
2301 1777 2423 1818 suut
2459 1764 2774 1834 diphthongi

543 1854 613 1887 ae
639 1847 759 1888 aute
782 1837 993 1888 brevem
1015 1836 1247 1888 vocalem
1274 1836 1433 1889 elisae
1460 1839 1698 1906 exempla
1727 1841 1763 1904 l,
1799 1839 1918 1892 650.
1945 1841 2192 1910 Argivae
2216 1837 2477 1888 Helenae.
2513 1837 2643 1898 ΧΠ,
2661 1831 2769 1888 548.

550 1907 724 1958 Totae
754 1905 909 1956 adeo.
965 1905 1081 1966 vu,
1109 1905 1228 1959 796.
1250 1909 1530 1958 Sacranae
1561 1910 1722 1962 acies.
1781 1909 1858 1972 X,
1891 1907 2010 1962 360.
2054 1911 2328 1959 Troianae
2351 1907 2516 1958 acies.
2568 1907 2644 1956 ib.
2667 1903 2771 1956 691.

550 1975 871 2042 Tyrrhenae
895 1974 1053 2026 acies.
1118 1975 1230 2040 XI,
1263 1975 1385 2030 618.
1418 1975 1676 2028 turbatae
1713 1979 1871 2029 acies.
1939 1977 2044 2028 Xn
2059 2015 2076 2042 ,
2111 1977 2232 2030 227.
2268 1992 2387 2027 sese
2424 1976 2595 2026 acies.
2667 1971 2770 2026 548-

544 2061 839 2096 conversae
864 2043 1025 2094 acies.
1093 2044 1263 2095 Semel
1288 2044 1499 2112 longam
1527 2063 1563 2097 a
1591 2046 1717 2098 elidi
1747 2064 1776 2098 a
1803 2045 2031 2114 Virgilio
2064 2045 2302 2108 memini,
2351 2045 2450 2105 xl,
2485 2044 2612 2098 862.
2639 2045 2772 2093 Lae-

542 2123 615 2166 νᾶ
644 2114 835 2170 aciem;
890 2112 986 2163 sed
1022 2111 1127 2165 hoo
1170 2113 1258 2181 qui
1302 2131 1415 2166 cum
1460 2115 1816 2184 superioribus
1869 2115 2120 2183 exemplis
2172 2113 2558 2182 comparaverit
2577 2152 2593 2176 ‚
2631 2109 2772 2164 facile

544 2181 645 2233 sibi
676 2179 1039 2248 persuadebit,
1075 2183 1219 2233 acies
1246 2182 1327 2234 his
1357 2183 1487 2234 locis
1520 2201 1625 2236 non
1663 2203 1777 2236 esse
1813 2184 2100 2253 trisyllabi,
2141 2183 2235 2235 sed
2265 2182 2512 2251 disyllabi
2541 2177 2772 2234 vocabuli

542 2269 812 2314 mensura,
858 2259 914 2302 et
956 2251 979 2302 i
1014 2249 1065 2300 iu
1101 2267 1381 2304 consonam
1432 2252 1621 2307 abisse.
1690 2261 1758 2306 At
1795 2255 1910 2317 vn,
1934 2254 2055 2309 361.
2087 2254 2265 2326 primo
2293 2252 2554 2322 aquilone
2583 2246 2772 2317 vulgari

543 2320 669 2373 talia
722 2319 971 2388 iungendi
1024 2321 1396 2374 cousuetudine
1447 2332 1736 2376 excusatur.
1803 2323 1972 2376 Aliam
2021 2323 2274 2375 rationem
2322 2329 2616 2390 sequuntur
2648 2319 2768 2371 Cedo

544 2391 817 2460 equidem,
855 2389 1024 2441 Credo
1052 2390 1321 2460 equidem,
1363 2393 1502 2444 Vivo
1529 2393 1804 2462 equidem,
1843 2397 1996 2462 Ergo
2023 2394 2189 2476 agite,
2222 2401 2330 2441 tum
2359 2390 2552 2458 longae
2579 2387 2770 2442 vocales

543 2463 569 2512 ε’
597 2470 651 2510 et
677 2479 707 2512 e
732 2472 851 2510 ante
876 2459 1059 2510 breves
1096 2459 1301 2512 vocales
1332 2461 1492 2512 elisae
1511 2500 1525 2524 ,
1561 2479 1777 2532 quarum
1807 2477 1967 2514 sonus
1997 2461 2191 2514 exilior
2214 2459 2418 2512 facilius
2449 2459 2631 2510 obteri
2655 2467 2771 2527 pot-

546 2540 677 2581 erat.
744 2530 980 2597 Denique
1020 2538 1169 2581 acute
1198 2531 1432 2583 Iahnius:
1492 2536 1571 2583 Ut
1603 2550 1747 2584 voce.
1773 2530 1842 2583 ab
1872 2534 2083 2603 origine
2109 2542 2161 2582 et
2189 2531 2336 2592 eolo,
2387 2530 2460 2581 sic
2488 2530 2650 2581 etiam
2678 2526 2769 2580 Al-

537 2600 717 2673 pheae
740 2600 903 2651 Pisae
944 2607 1000 2648 et
1026 2597 1157 2650 arbe
1194 2604 1433 2652 Etrusca
1460 2600 1565 2653 sibi
1603 2608 1986 2669 opponuntur.“
2025 2604 2172 2666 Wr.)
2316 2600 2417 2653 180
2449 2602 2633 2667 Astyr
2665 2599 2768 2649 Me-

544 2669 647 2719 dic.
670 2668 767 2719 bis.
784 2668 945 2734 (idem
962 2668 1117 2719 video
1140 2669 1321 2737 Sabiui
1346 2670 1548 2722 scholio
1575 2672 1714 2736 apud
1743 2669 1948 2722 Fabric.
1975 2670 2368 2739 praescriptum.
2388 2670 2532 2735 Wr.)
2567 2672 2771 2719 Ausim

540 2738 781 2791 Parthas.
850 2738 1014 2789 hasta
1034 2736 1233 2791 zalich.
1374 2740 1469 2793 181
1498 2759 1636 2810 equo
1673 2740 1860 2792 sidens
1890 2740 2050 2791 Goth.
2083 2757 2188 2790 sec.
2259 2740 2538 2809 versisque
2580 2736 2770 2790 eolori-

544 2806 645 2858 bus
667 2807 837 2875 Bigot.
906 2808 1154 2875 versique
1180 2826 1225 2859 e.
1256 2809 1412 2860 Goth.
1437 2819 1560 2861 tert.
1653 2808 1780 2863 '183
1808 2813 2027 2861 Caerete
2054 2825 2117 2859 ex
2145 2806 2452 2877 Καίρητος,
2486 2806 2722 2875 adeoque
2744 2822 2769 2855 a

543 2875 777 2946 Καίρης.
830 2876 895 2927 cf.
920 2876 990 2927 ad
1015 2877 1151 2939 vlu,
1187 2875 1309 2933 597.
1380 2878 1639 2929 Chaereae
1671 2878 1861 2929 Medic.
1908 2878 2153 2945 (Celerete
2179 2877 2318 2943 apud
2341 2876 2583 2944 Foggin.,
2625 2878 2662 2927 h
2683 2888 2767 2943 pro

545 2964 599 3011 a,
633 2957 693 2997 ut
718 2948 769 2997 in
796 2946 980 3013 eodem
1004 2944 1143 2996 infra
1170 2964 1243 2997 vs.
1269 2946 1387 3000 209.
1420 2948 1646 2999 cherula
1683 2962 1782 3014 pro
1807 2948 2061 3011 caerula,
2109 2965 2182 2998 vs.
2214 2946 2334 3000 561.
2374 2946 2653 2998 Antaeum
2681 2958 2768 3011 pro

543 3022 832 3069 Ancaeum.
868 3016 1010 3073 Wr.)
1080 3017 1265 3065 Cerete
1286 3016 1355 3066 al.
1386 3034 1417 3067 a
1456 3052 1470 3067 .
1498 3017 1655 3081 Pion,
1689 3016 1786 3067 sed
1815 3024 1897 3067 est
1926 3020 2107 3068 Caere.
2141 3017 2350 3081 Χαῖρε,
2384 3010 2570 3081 Kaloi}
2588 3052 2609 3080 ‚
2634 3010 2768 3067 Kai-

544 3102 662 3153 ρης.
732 3080 852 3137 Non
878 3082 1117 3151 intelligo
1148 3083 1330 3134 Iulium
1352 3088 1418 3136 Sa
1457 3084 1596 3135 inum
1616 3122 1633 3149 ,
1682 3084 1772 3153 qui
1795 3084 2096 3151 adscripsit:
2151 3086 2299 3153 „Ego
2327 3096 2456 3151 puto
2482 3101 2583 3151 per
2609 3102 2668 3136 se
2693 3081 2768 3132 le-

542 3154 627 3223 gi:
663 3155 825 3207 Nunc
854 3158 1020 3205 Caere
1054 3158 1264 3203 vetus.“
1337 3156 1460 3223 (per
1500 3174 1573 3216 ee,
1613 3153 1649 3205 i.
1679 3172 1724 3205 e.
1764 3171 1870 3205 uon
1915 3152 2204 3219 adiective,
2252 3163 2310 3204 ut
2343 3154 2589 3219 iungatur
2629 3154 2770 3204 domo

546 3228 793 3287 Caerete,
840 3222 933 3273 sed
975 3221 1320 3284 substantive3
1357 3223 1452 3273 sed
1492 3224 1632 3292 apud
1672 3223 1964 3275 Fabricium
2011 3234 2279 3275 exaratum
2312 3222 2525 3274 invenio
2563 3240 2672 3293 per
2696 3224 2767 3270 Ge.

542 3293 766 3364 Reliqua
796 3292 872 3344 sic
897 3291 1109 3359 expleo:
1142 3290 1344 3357 „Nune
1374 3295 1573 3359 Caere,
1609 3305 1769 3346 vetus
1802 3311 1839 3345 n
1859 3310 2052 3345 omen
2087 3297 2140 3344 A
2152 3292 2418 3364 gylla.“
2459 3293 2607 3359 Wr.)
2655 3290 2770 3342 Mox

542 3452 647 3512 cfr.
683 3452 864 3529 calig.
910 3470 963 3509 c.
990 3452 1052 3514 8.
1078 3452 1313 3531 Vespas.
1344 3472 1397 3511 ο.
1424 3450 1520 3527 4.,
1549 3462 1618 3511 ut
1700 3452 1774 3512 ab
1817 3452 2040 3532 origine
2082 3448 2344 3531 Alphea,
2407 3470 2513 3510 seu
2549 3450 2769 3519 Eliaca3

542 3556 665 3595 non
692 3546 908 3616 spectet
935 3534 1011 3593 ad
1039 3556 1165 3594 rem
1192 3556 1440 3613 sacram,
1467 3537 1616 3596 nihil
1699 3548 1760 3597 at
1787 3538 1928 3613 eolo,
1958 3534 2094 3596 sede
2113 3556 2182 3595 ac
2209 3540 2341 3611 situ,
2369 3538 2506 3595 urbs
2519 3537 2769 3592 Etrusca.

540 3624 683 3681 istoc
710 3624 837 3681 loeo
852 3618 1170 3680 conficitur.
1221 3622 1398 3704 W.)
1472 3626 1614 3688 178.
1697 3644 1756 3683 v.
1785 3626 2029 3682 Excurs.
2055 3626 2084 3681 I
2099 3668 2115 3698 ,
2157 3632 2224 3680 ut
2253 3624 2428 3680 etiam
2456 3620 2530 3679 de
2559 3619 2768 3678 ceteris.

541 3708 720 3783 rapit,
748 3725 853 3787 pro
882 3708 1124 3785 vulgari,
1168 3706 1344 3784 ducit,
1386 3718 1452 3767 ut
1484 3728 1614 3788 sup.
1703 3713 1847 3774 181.
1878 3728 2026 3789 equo
2058 3708 2268 3783 fidens
2308 3717 2508 3767 ornate
2535 3724 2642 3785 pro
2671 3703 2770 3763 ba-

541 3792 667 3865 vn,
707 3792 829 3856 725
882 3792 1064 3849 Mille
1113 3796 1279 3872 rapit
1327 3792 1608 3872 populos.
1698 3796 1862 3869 bens,
1892 3805 1960 3853 ut
1987 3797 2226 3853 Homer.
2255 3789 2594 3863 πεποιθώς.
2627 3782 2770 3869 ἤνο-

544 3876 783 3953 (dens-os
808 3880 939 3934 acie
955 3918 980 3947 ,
1025 3890 1164 3957 puta
1191 3882 1403 3938 milites
1430 3882 1620 3959 gravis
1705 3880 1814 3963 (²531
1856 3881 2114 3953 πίσυνος
2157 3877 2262 3941 καὶ
2288 3873 2498 3955 κάρτει·
2521 3878 2768 3956 zetas-5113

541 3972 864 4019 armaturae
886 4008 901 4038 ‚
963 3966 1065 4043 qui
1119 3962 1307 4024 densis
1354 3976 1622 4046 pugnant
1705 3967 1842 4024 alias
1869 3964 2160 4043 superbus
2189 3984 2359 4044 equo.
2409 3959 2769 4021 versicolori-

542 4046 859 4107 ordiuibus.
909 4048 1089 4125 W.)
1703 4048 1814 4109 bus·
1849 4051 2038 4109 armis
2053 4092 2075 4122 ,
2135 4071 2170 4109 e
2223 4050 2458 4109 diversis
2493 4046 2768 4105 -metallis-

630 4135 770 4197 179.
815 4134 1093 4193 Similiter
1120 4136 1268 4194 Stat.
1296 4132 1490 4193 Theb.
1517 4134 1615 4208 IV,
1701 4136 1802 4196 Sic
1829 4138 1898 4195 11.
1931 4158 1980 4212 ε,
2009 4136 2136 4201 504
2173 4132 2304 4197 ἐπεὶ
2331 4132 2550 4197 κατέδυ
2593 4120 2770 4193 azoto?

547 4223 667 4284 178
708 4220 884 4277 IIuic
899 4240 1119 4297 parere
1164 4219 1299 4277 dati
1327 4239 1475 4299 quos
1504 4230 1617 4279 eto.
1699 4215 1913 4301 τεύχεα
1949 4222 2195 4283 ποικίλα
2228 4216 2448 4304 χαλαζᾷ.
2507 4220 2770 4276 Haema-

543 4306 729 4364 Pisae
767 4305 1083 4384 Alpheae,
1117 4306 1189 4363 ab
1219 4307 1287 4363 iis
1332 4303 1618 4380 conditae,
1701 4308 1807 4365 lim
1884 4305 2000 4364 huc
2070 4304 2300 4363 trahere
2355 4324 2540 4386 quam
2605 4296 2771 4364 αἰόλα

538 4393 643 4474 qui
698 4394 833 4451 Pisa
882 4392 1064 4453 Elidis
1118 4392 1363 4473 profecti
1404 4401 1567 4450 erant
1591 4412 1617 4464 ;
1701 4384 1914 4471 τεύχεα
1939 4387 2105 4449 Iliad.
2119 4410 2166 4465 ε,
2199 4391 2346 4455 295.
2389 4382 2770 4463 αἰολοθώρηξ

538 4476 697 4537 uude
740 4478 1022 4557 Alpheae
1057 4478 1137 4538 ab
1172 4478 1402 4560 origine
1418 4524 1435 4556 ,
1490 4495 1619 4559 pro,
1705 4475 1878 4559 apud·
1919 4473 2170 4535 eundem
2191 4520 2208 4552 ,
2278 4473 2438 4559 quod
2489 4472 2564 4533 de
2617 4480 2772 4531 motu
