3009 5050
497 409 594 480 16

490 588 696 664 Hinc
719 583 962 661 Italae
994 596 1307 683 genteS,
1363 583 1789 684 omnisque
1824 582 2213 661 Oenotria
2242 577 2498 680 tellu3‚

988 400 1072 475 P.
1113 396 1625 474 VIRGILII
1672 393 2231 472 MARONIS

2640 593 2741 662 85

630 777 698 832 85
738 778 840 828 Hic
887 777 1073 828 Frano.
1155 793 1260 845 que
1308 773 1462 826 abest
1502 773 1639 826 binis
1679 773 1955 826 Burmann.

481 933 611 1016 gel.
669 932 935 1012 Anaetgr.
983 934 1024 991 l.
1073 935 1115 994 l.
1177 951 1314 1012 pag.
1381 933 1569 996 1672.

485 1017 642 1078 hauc
679 1029 845 1098 putat
885 1018 1222 1076 facillirnam
1257 1037 1380 1074 esse
1411 1029 1569 1075 stru-

487 1115 748 1164 ctumm:
807 1105 1074 1162 Albunea
1115 1105 1320 1186 [aqua]
1343 1149 1357 1176 ,
1419 1121 1568 1184 quae

483 1201 653 1250 sonat
677 1191 837 1248 fonte
865 1209 1044 1266 sacrn,
1069 1193 1328 1246 maxime
1355 1191 1569 1269 [aqua-

487 1277 648 1352 rum]
689 1296 1030 1348 nemorum,
1097 1279 1139 1334 i.
1181 1296 1234 1332 e.
1291 1277 1565 1332 nemori&

486 1361 608 1420 Sed
661 1357 809 1418 hanc
855 1381 1088 1442 quoque
1129 1362 1416 1418 rationem
1453 1359 1569 1417 du·-

485 1451 700 1527 riorem
736 1467 854 1504 esse
871 1492 886 1521 ‚
932 1448 1115 1528 quivis
1158 1443 1335 1504 videt.
1388 1445 1565 1524 W.)

484 1531 540 1590 A
599 1530 877 1611 sulphure
961 1551 1244 1612 aquarum
1311 1533 1569 1610 exsurgit

484 1622 673 1695 gravis
701 1615 874 1690 odor,
919 1638 1098 1698 quem
1119 1615 1428 1694 mephitim
1457 1635 1574 1696 ap·-

481 1705 751 1782 pellavit:
815 1704 890 1760 cf.
945 1703 1110 1762 Serv.
1131 1748 1147 1777 ,
1220 1705 1322 1783 qui
1367 1714 1570 1761 tamen

481 1789 668 1846 multa
707 1807 859 1846 vana
897 1787 1192 1846 admiscet.
1280 1789 1429 1846 Hinc
1455 1787 1565 1846 dea

483 1871 788 1952 Mephitis,
833 1876 994 1931 cuius
1043 1873 1214 1931 aedes
1259 1893 1395 1932 cum
1441 1875 1564 1932 aliis

481 1961 622 2017 locis
653 2003 668 2032 ‚
728 1970 857 2016 tum
909 1961 972 2016 in
1029 1961 1281 2038 Hirpinis
1327 1971 1448 2018 erat
1488 1957 1565 2018 ad

480 2045 782 2103 Amsancti
816 2043 1047 2104 vallem.
1112 2044 1230 2102 vid.
1281 2047 1433 2103 Plin.
1488 2047 1563 2122 fl,

481 2133 564 2194 98
587 2141 644 2186 et
671 2129 772 2188 inf.
802 2131 923 2203 VH,
941 2131 1084 2194 564.
1100 2130 1244 2204 565,
1273 2142 1340 2187 ut
1367 2135 1563 2188 omni-

477 2233 560 2272 no
581 2217 643 2271 in
671 2217 853 2272 tutela
896 2218 1015 2273 eius
1043 2217 1217 2272 fuisse
1256 2215 1564 2274 videantur

480 2319 666 2380 aquae
705 2302 1010 2360 sulfureae.
1095 2301 1334 2382 Vaporis
1388 2301 1563 2362 huius

479 2383 776 2465 sulphurei
797 2389 919 2444 vim
941 2389 1196 2466 aliquam
1221 2385 1418 2446 divino
1439 2390 1562 2472 spi-

475 2473 592 2530 ritu
649 2470 883 2531 afflandi
940 2491 1060 2530 esse
1104 2471 1411 2531 credidisse
1452 2495 1562 2535 ve·-

475 2566 624 2615 teres
661 2560 1034 2637 Aborigines,
1085 2560 1359 2637 suspicari
1403 2561 1558 2619 licet.

475 2644 734 2717 Probus,
779 2656 846 2702 ut
871 2646 1160 2723 Pompon.
1200 2644 1340 2704 Sab.
1382 2643 1455 2702 ad
1492 2644 1555 2705 h.

474 2750 534 2786 v.
581 2740 870 2787 memorat
897 2775 912 2804 ,
979 2728 1336 2787 Albuneam
1377 2732 1556 2789 Law—

474 2816 842 2878 rentinorum
907 2814 1129 2872 silvam
1195 2826 1559 2894 exposuerat,

473 2900 540 2957 in
585 2921 709 2979 qua
766 2900 1082 2957 oraculum
1133 2900 1340 2958 Fauni
1391 2912 1519 2957 erat
1530 2926 1556 2975 ;

474 2986 634 3066 quod
673 2996 872 3043 tamen
932 2989 1086 3045 inter
1129 2986 1558 3044 Grammatico-

471 3090 605 3129 rum
668 3065 1092 3151 α’νιστορησίας
1147 3071 1557 3148 referendum3

469 3175 612 3213 nam
641 3154 714 3213 de
740 3158 1050 3218 Tiburtino
1069 3200 1084 3231 ,
1126 3175 1248 3215 non
1287 3160 1556 3217 Lauren-

467 3243 592 3298 tino
617 3284 632 3315 ,
691 3262 828 3321 agro
885 3240 980 3299 hio
1031 3243 1426 3321 cogitandum.
1491 3265 1551 3303 v.

469 3326 698 3385 Cluver.
743 3349 803 3406 p.
851 3332 1000 3391 716.
1067 3326 1153 3404 (at
1188 3329 1354 3405 vide,
1401 3349 1552 3411 quae

467 3432 640 3491 supra
713 3415 1057 3492 scripsimus.
1133 3414 1310 3494 W.)
1429 3414 1553 3475 Sed

467 3496 762 3555 Albunea
795 3501 948 3556 inter
1003 3496 1272 3577 Sibyllae
1315 3520 1552 3581 quoque

465 3594 824 3641 memoratur
860 3604 894 3641 a
938 3586 1178 3643 Tibullo
1224 3588 1297 3659 Π,
1345 3586 1402 3659 5,
1445 3590 1549 3651 69.

465 3674 580 3742 70,
611 3671 662 3726 si
680 3690 816 3727 vera
844 3680 928 3728 est
952 3672 1122 3729 lectio
1142 3716 1157 3745 ,
1213 3682 1272 3729 et
1296 3672 1552 3729 Lactan-

465 3756 548 3812 tio
571 3756 763 3815 Ilnst.
793 3760 852 3830 6,
897 3767 964 3814 ut
1006 3756 1254 3815 Suidam
1287 3766 1549 3834 taceam3

461 3859 574 3897 nec
608 3853 832 3899 constat
847 3886 862 3914 ,
909 3853 1110 3899 utrum
1160 3841 1368 3901 eadem
1410 3863 1551 3901 cum

463 3924 740 4007 Nympha
770 3924 964 3985 habita
989 3928 1164 3987 fuerit
1180 3974 1195 4003 ‚
1243 3948 1317 3985 an
1353 3928 1551 3987 diver-

461 4031 542 4069 sa.
585 4014 940 4071 Manifestior
967 4026 1052 4072 est
1070 4016 1294 4072 inscitia
1323 4034 1546 4089 eorum,

461 4100 565 4178 qui
579 4144 596 4173 ‚
640 4119 820 4178 pravo
861 4102 1080 4159 Graeca
1143 4118 1281 4157 cum
1335 4100 1547 4158 Italicis

459 4185 627 4242 rebus
657 4184 943 4246 miscendi
979 4184 1170 4243 stud10
1211 4184 1314 4260 (de
1338 4204 1459 4266 quo
1486 4206 1545 4244 v.

457 4270 520 4325 in
547 4270 795 4330 Exclu-s.
815 4273 922 4348 IV)
940 4316 956 4344 ,
999 4272 1334 4327 Albuneam
1375 4271 1546 4327 Leu-

458 4354 696 4413 cotheae
721 4376 944 4413 numen
973 4356 1184 4413 referre
1213 4356 1542 4415 voluerunt.

454 4442 638 4522 Atqui
677 4442 776 4501 illa
805 4442 1030 4511 Matuta
1073 4452 1177 4503 est.
1259 4442 1388 4499 Etsi
1425 4443 1545 4500 Ita-

1652 929 1847 988 lorum
1896 929 2121 988 Matuta
2183 948 2323 988 cum
2392 929 2739 1006 Portunum,

1652 1026 1712 1073 et
1763 1016 2119 1073 Graecorum
2152 1017 2259 1074 Ino
2310 1025 2369 1072 et
2402 1015 2741 1076 Leucothea

1652 1121 1790 1159 cum
1850 1102 2205 1158 Palaemone
2256 1119 2360 1158 seu
2418 1103 2737 1177 Melicerta,

1652 1189 2147 1280 interpretatipnes
2202 1196 2432 1244 tantum
2476 1185 2737 1246 Phoeni-

1652 1274 1774 1328 ciae
1814 1273 2107 1352 religionis
2136 1283 2301 1346 sunt,
2346 1283 2411 1330 ut
2440 1275 2535 1332 vel
2562 1275 2737 1332 Meli-

1652 1370 1841 1418 certae
1876 1377 2095 1416 nomen
2137 1361 2345 1436 arguit.
2432 1361 2521 1419 De
2560 1363 2738 1422 vesti-

1651 1445 1758 1520 giis
1800 1445 2003 1522 templi
2044 1441 2215 1501 huius
2234 1488 2250 1517 ,
2296 1463 2447 1524 quae
2488 1445 2596 1503 sibi
2636 1466 2739 1504 re-

1650 1530 1863 1608 perisse
1886 1532 1993 1588 visi
2036 1539 2171 1589 sunt
2208 1531 2318 1586 viri
2370 1529 2553 1604 docti,
2612 1529 2734 1592 vid.

1650 1615 1797 1674 Exo.
1828 1614 1905 1672 ad
1941 1613 2003 1674 h.
2039 1616 2111 1690 1.,
2156 1617 2256 1698 qui
2294 1625 2491 1676 sextus
2534 1628 2618 1676 est
2658 1615 2737 1675 ad

1736 1787 2037 1850 85—91.
2070 1785 2385 1844 Graculum
2416 1787 2603 1844 Fauni
2626 1807 2737 1868 per

1647 1872 2081 1928 incubationem
2131 1873 2253 1950 peti
2312 1873 2547 1930 solitmn
2574 1917 2591 1950 ‚
2666 1885 2737 1934 ut

1646 1967 1734 2014 tot
1764 1957 1874 2014 alia
1904 1959 1967 2014 in
2015 1968 2210 2015 vetere
2242 1959 2503 2016 Graecia.
2583 1957 2735 2016 Pot-

1648 2053 1732 2100 est
1770 2042 2011 2122 quidem
2040 2054 2213 2122 poeta
2242 2043 2427 2102 videri
2460 2042 2537 2102 ad
2576 2046 2731 2102 Am·-

1642 2125 1868 2206 phiarai
1910 2127 2056 2203 (vid.
2086 2129 2334 2189 Pansam.
2380 2131 2427 2202 1,
2467 2127 2578 2204 34)
2618 2148 2734 2208 1¹)-

1644 2215 1931 2272 tissimum
1999 2216 2337 2294 exemplum
2384 2212 2499 2272 hoc
2545 2215 2733 2274 Fauni

1646 2301 1948 2361 oraculum
1980 2301 2371 2358 assimulasse:
2418 2300 2595 2380 idque
2624 2321 2733 2360 nos

1646 2383 1941 2444 doctrinae
1970 2388 2137 2465 copia
2170 2389 2233 2443 in
2255 2383 2371 2444 hoc
2398 2395 2571 2466 poeta
2598 2407 2731 2444 cre-

1644 2468 1781 2529 dere
1820 2471 1989 2531 facit:
2032 2489 2175 2531 nam
2214 2471 2530 2546 Tiburtus,
2590 2491 2731 2531 cum

1644 2557 1847 2615 Catillo
1876 2569 1933 2616 et
1950 2560 2097 2615 Cora
2122 2559 2273 2617 infra
2289 2573 2345 2616 v.
2366 2562 2729 2624 670—-672

1642 2654 2127 2701 commemoratus
2156 2688 2173 2717 ‚
2231 2644 2465 2708 Tiburis
2521 2643 2728 2702 condi-

1642 2738 1738 2786 tor
1764 2740 1822 2787 et
1842 2726 2183 2810 Amphiarai
2193 2729 2351 2787 filius
2375 2728 2603 2790 huntus
2622 2742 2725 2789 est.

1644 2812 1761 2871 vid.
1814 2816 1967 2873 Plin.
2014 2814 2169 2887 er‚
2220 2812 2322 2888 44,
2361 2836 2407 2873 s.
2450 2820 2553 2891 87.
2636 2818 2727 2875 Ita

1642 2901 1847 2957 saltem
1892 2899 2215 2957 coniectare
2251 2900 2484 2975 malim,
2546 2920 2727 2981 quam

1642 3004 1782 3043 eum
1825 2985 2054 3059 (ἕω-ἀει,Ι
2098 3004 2257 3043 sacra
2296 2988 2473 3065 patris
2526 3005 2563 3043 a
2612 2988 2727 3045 Ti-

1644 3069 1813 3143 burto
1856 3072 2046 3129 Tibur
2086 3090 2207 3132 esse
2242 3073 2535 3131 unislaw.
2619 3074 2727 3132 Est

1640 3158 1801 3212 enim
1827 3166 1949 3214 tota
1972 3156 2072 3214 illa·
2122 3156 2195 3214 de
2246 3159 2469 3216 Tibure
2514 3156 2725 3216 condi-

1636 3250 1762 3299 tore
1796 3243 2191 3322 commentitia
2212 3246 2461 3301 narratio
2484 3262 2519 3299 a
2537 3244 2724 3301 Grae-

1639 3330 1847 3385 canicis
1874 3329 2083 3387 fabulis
2112 3330 2355 3409 repetita
2386 3328 2471 3406 (v.
2498 3330 2560 3387 iu
2593 3330 2722 3386 Ex-

1636 3432 1808 3471 cursu
1837 3416 1963 3495 IV).
2050 3412 2208 3472 Nihil
2246 3426 2445 3472 tamen
2484 3414 2722 3473 credere

1634 3510 1793 3557 vetat
1810 3544 1824 3573 ,
1869 3512 2089 3559 veteres
2124 3502 2398 3579 Pelasgos
2436 3498 2593 3559 hunc
2623 3502 2723 3559 in-

1638 3584 1890 3643 cubandi
1912 3606 2145 3643 morem
2177 3588 2299 3644 iam
2333 3588 2405 3644 ab
2445 3588 2610 3645 initio
2656 3589 2721 3643 iu

1636 3670 1871 3729 Latium
1898 3674 2187 3745 intulisse,
2234 3674 2335 3753 qui
2366 3684 2425 3729 et
2452 3674 2588 3730 alias
2620 3692 2721 3728 re·-

1634 3757 1879 3835 ligiones
1950 3758 2288 3817 intulerunt.
2389 3754 2718 3827 lumbare,

1636 3841 2069 3923 ἐγκοιμᾶσθαι,
2127 3864 2304 3902 voces
2340 3846 2607 3924 propriae
2643 3842 2720 3901 de

1633 3931 1701 3986 iis
1721 3973 1736 4003 ,
1796 3930 1897 4009 qui
1937 3928 2233 3987 dormiunt
2270 3928 2346 3987 ad
2382 3926 2717 4009 accipienda

1634 4032 1937 4093 responsa,
1979 4026 2052 4073 ut
2078 4016 2313 4073 Servius
2349 4014 2421 4072 ad
2448 4013 2509 4073 h.
2531 4016 2572 4073 l.
2602 4034 2717 4071 no—

1630 4110 1734 4160 tat.
1778 4100 1853 4157 cf.
1878 4102 2071 4177 Davis.
2100 4100 2175 4157 ad
2218 4102 2337 4159 Cic.
2378 4098 2451 4159 de
2493 4102 2623 4159 Div.
2666 4102 2715 4175 1,

1631 4184 1713 4249 43
1764 4196 1822 4243 et
1869 4185 2055 4244 Cerda
2091 4183 2153 4244 h.
2194 4187 2235 4244 1.
2322 4186 2439 4261 (De
2492 4188 2717 4243 incu-

1630 4270 1976 4344 batione,
2034 4263 2411 4350 ἔγκοιμήσει,
2472 4270 2593 4329 vid.
2646 4274 2715 4331 F.

1628 4358 1703 4413 A.
1718 4356 1925 4413 Wolfii
1954 4358 2317 4413 Miscellanea
2331 4378 2390 4435 p.
2408 4356 2533 4420 403
2548 4376 2675 4438 sqq.
2694 4376 2715 4432 3

1630 4440 1782 4499 adde
1810 4443 2113 4501 Villoison.
2142 4442 2413 4521 Prolegg.
2453 4439 2530 4499 ad
2554 4443 2623 4500 Il.
2650 4462 2714 4521 p.
