3009 5050
750 422 1363 500 AENEmos
1408 421 1629 514 Lm.
1679 424 1808 519 x1,
1865 431 2296 501 515—525
2463 431 2610 504 645

368 615 783 707 Hel-tatum
836 609 1259 711 sociosque
1291 609 1573 697 duces;
1625 620 1708 684 et
1731 609 1988 708 pergit
2011 609 2094 684 in
2123 608 2462 690 hostem.

365 719 504 792 Est
536 737 777 790 curvo
804 711 1159 789 anfractu
1190 713 1467 808 valleS‚
1524 710 2052 790 adcommoda
2091 710 2350 790 fraudi

369 823 967 917 Armorumque
1001 815 1243 909 dolis3
1294 841 1531 917 quam
1571 814 1834 890 densis
1879 813 2300 892 frondibus
2345 831 2606 896 atrum

366 925 669 1022 Urguet
694 921 1097 1022 utrimque
1128 919 1367 1013 latus3
1421 920 1684 994 tenuis
1715 938 1878 1018 quo
1907 921 2182 996 semita
2220 919 2460 1018 ducit,

372 1029 921 1126 Angustaeque
950 1023 1223 1100 ferunt
1250 1021 1522 1100 fauces
1553 1021 1966 1123 aditusque
1993 1022 2333 1121 maligni.
2450 1036 2600 1104 525

500 1249 599 1302 521
646 1245 840 1317 pergit'
866 1247 953 1302 vel
992 1247 1171 1300 tendis
1201 1265 1285 1316 pr.
1322 1250 1606 1317 Hsmburg.
1688 1251 1746 1302 in
1784 1243 1970 1300 hbs‘ees
2004 1248 2089 1300 vel
2133 1250 2310 1301 hostie
2349 1249 2601 1302 nonnulli.

360 1317 465 1373 522
496 1318 661 1369 vallis
693 1317 849 1385 vulgo
886 1316 1110 1369 editum:
1146 1327 1303 1385 atque
1336 1320 1413 1371 sic
1448 1319 1602 1371 codd.
1639 1337 1791 1388 pat-⁸3
1827 1327 1881 1369 et
1913 1318 2184 1370 revocavit
2214 1318 2270 1369 id
2305 1317 2603 1386 Cuningha—

356 1405 499 1450 mus3
534 1404 633 1438 nec
665 1387 818 1438 male.
890 1387 1067 1438 valles
1112 1386 1291 1438 Heius.
1340 1388 1547 1456 recepit
1591 1406 1620 1439 e
1668 1397 1796 1441 vett.
1843 1387 2017 1462 codd:,
2065 1397 2125 1438 ut
2175 1387 2366 1439 Medic.
2417 1397 2470 1439 et
2514 1388 2603 1453 al„

356 1456 487 1508 item
524 1457 674 1508 Rom.
711 1465 767 1507 et
808 1465 958 1521 parte
994 1456 1128 1507 Pier.
1198 1455 1431 1507 Firmant
1467 1467 1520 1509 et
1555 1455 1888 1510 Gmmmatici
1937 1456 2139 1508 Probus
2176 1465 2230 1507 et
2263 1455 2490 1508 Servius.
2545 1459 2602 1510 Si

354 1541 535 1578 verum
572 1536 683 1589 est,
718 1534 931 1592 poetam
965 1524 1041 1576 ita
1074 1525 1176 1580 scri
1216 1525 1380 1588 sisse,
1429 1527 1572 1596 qnod
1621 1526 1774 1578 valde
1818 1526 2036 1586 dubito,
2081 1542 2221 1590 non,
2267 1527 2408 1595 quod
2439 1529 2604 1592 aiunt,

356 1595 427 1647 ob
458 1595 612 1646 metri
648 1593 1045 1656 necessitatem,
1096 1613 1153 1646 se
1225 1595 1547 1663 antiquitatis
1580 1596 1758 1647 studio
1807 1594 1864 1646 id
1911 1595 2099 1646 fecisse
2133 1594 2398 1646 dicendus.
2467 1597 2603 1647 Nam

353 1664 535 1716 valles
570 1671 625 1714 et
658 1663 857 1726 valla,
911 1671 973 1714 ut
1006 1663 1201 1732 vulpee
1234 1673 1289 1714 et
1321 1665 1535 1746 vulpis,
1585 1675 1640 1715 et
1672 1665 1752 1717 sie
1785 1664 1905 1716 alia.
1975 1666 2146 1716 Metro
2181 1662 2308 1715 alias
2342 1665 2399 1714 in
2433 1664 2604 1717 vallis

352 1732 679 1785 metuendum
714 1747 819 1784 non
857 1743 996 1784 erat:
1054 1750 1169 1786 eum
1202 1732 1385 1784 ultima
1417 1751 1473 1784 m
1509 1751 1768 1787 caesuram
1803 1733 2016 1785 incidet.
2086 1733 2212 1796 (Sed
2244 1734 2412 1802 probe
2446 1733 2603 1785 vide-

354 1802 449 1854 bat
480 1801 761 1870 Virgilius,
796 1817 1098 1870 mecumque
1126 1803 1353 1854 sentient
1385 1803 1563 1870 periti,
1599 1803 1734 1855 hanc
1768 1803 1976 1872 quidem
2006 1804 2149 1854 arsin
2183 1819 2287 1854 non
2321 1819 2436 1853 esse
2471 1803 2602 1856 satis

354 1869 577 1923 validam
611 1871 679 1922 ad
715 1871 1102 1938 producendam
1147 1872 1360 1924 brevem
1397 1871 1670 1941 syllabam.
1741 1891 1808 1923 ac
1845 1872 2120 1925 commoda
2155 1872 2296 1941 Lips.
2347 1871 2454 1924 obl.
2522 1873 2601 1924 Ex

350 1939 499 1992 nullo
550 1940 671 1993 eod.
719 1949 986 1992 enotatum
1021 1942 1179 1992 video
1215 1959 1301 1992 am
1330 1955 1546 2006 metus,
1597 1941 1742 2010 quod
1790 1940 1973 2009 optimi
2007 1958 2129 1995 mss.
2179 1951 2416 2004 tuentur,
2459 1949 2601 1994 teste

350 2007 552 2072 Cottio,
590 2010 730 2078 apud
762 2009 957 2062 Lucan.
992 2011 1059 2076 V,
1083 2008 1205 2064 416.
1317 2021 1341 2062 t
1371 2011 1447 2062 ita
1482 2019 1688 2062 veteres
1723 2010 1996 2078 scripsisse
2012 2011 2244 2094 probant
2277 2010 2434 2062 verba
2459 2012 2602 2063 Var-

349 2080 494 2131 ronis
526 2079 595 2130 de
629 2079 689 2130 1..
728 2080 789 2130 L.
825 2080 915 2132 vl.
951 2097 1005 2149 p.
1050 2080 1135 2134 68.
1172 2080 1302 2131 edit.
1341 2081 1516 2134 lea:
1575 2080 1927 2146 ,stessi-actum
1973 2080 2168 2132 dictum
2218 2081 2285 2132 ab
2335 2080 2599 2132 ambitu

350 2159 407 2199 et
440 2149 789 2218 frangendo.“
837 2151 981 2214 Wr.)
1108 2148 1211 2204 523
1244 2150 1299 2202 d.
1328 2148 1415 2219 st.
1454 2162 1637 2202 artum
1671 2151 1795 2202 Exc.
1834 2151 2024 2214 Boi-m„
2057 2165 2164 2200 non
2199 2148 2395 2202 infelici
2431 2149 2598 2218 lapsu.

346 2215 453 2272 524
489 2232 781 2288 uerumque
813 2218 1147 2269 Pan-has..et
1186 2218 1351 2268 Goth.
1386 2227 1514 2272 tert.
1587 2237 1694 2288 quo
1731 2219 1908 2271 Heius.
1943 2238 1973 2270 e
2005 2219 2114 2272 suis
2143 2218 2514 2270 vetustioribus
2541 2227 2600 2271 et

348 2287 511 2352 Pier„
546 2288 705 2338 etiam
739 2291 903 2346 Serv..
945 2286 1086 2337 laud.
1122 2285 1231 2337 Ecl.
1268 2284 1363 2349 1x;
1401 2288 1449 2339 1.
1484 2303 1584 2354 pro
1619 2287 1833 2356 vulgato
1873 2306 1996 2357 qua,
2046 2288 2190 2356 quod
2224 2298 2394 2339 tamen
2430 2287 2600 2340 multo

346 2355 811 2406 accommodatius:
859 2355 1041 2406 Servio
1077 2371 1285 2422 quoque
1320 2355 1580 2421 agnitunn
1616 2366 1671 2406 et
1703 2357 1780 2408 sic
1795 2356 1913 2410 ald.
1982 2373 2142 2424 quam
2179 2356 2261 2408 ed.
2299 2357 2426 2408 qut.
2466 2361 2598 2426 (quo

348 2423 480 2474 satis
515 2421 813 2473 defenditur
846 2423 1020 2473 verbis
1056 2423 1238 2486 ducit,
1262 2423 1481 2492 serunt,
1517 2425 1734 2487 αᾱίωες
1768 2424 1986 2476 necdum
2020 2423 2097 2475 ibi
2133 2435 2213 2476 est
2245 2425 2465 2491 Turnus,
2500 2425 2597 2478 sed

346 2491 515 2542 iturus
551 2506 635 2542 eo·
678 2487 821 2557 Wr.)
918 2489 1020 2543 525
1085 2503 1300 2543 remum
1334 2491 1503 2557 Bigot.
1571 2492 1710 2545 forte
1739 2504 2031 2565 premunt,
2066 2492 2237 2562 inquit
2260 2492 2438 2547 Heius.
2473 2495 2596 2547 Mox

344 2578 423 2613 vs·
456 2560 559 2615 526
592 2560 1019 2629 praeponebatur
1093 2559 1176 2612 uic
1208 2559 1265 2611 in
1298 2562 1483 2629 Regio.

346 2740 427 2795 cis
483 2747 675 2816 partes
716 2736 878 2794 iubet
924 2756 1114 2814 agere.
1222 2738 1424 2818 Itaque
1512 2739 1714 2795 Aenea
1740 2739 2118 2796 Etruseorum
2162 2741 2420 2818 equitatu
2449 2760 2594 2799 eon-

342 2820 457 2880 hoe
486 2822 625 2879 dicit
652 2833 857 2905 poeta:
890 2823 989 2879 Tu
1002 2841 1138 2879 meo
1165 2823 1299 2881 loeo
1316 2822 1423 2882 hae

338 2920 505 2989 parte
549 2909 646 2965 obi
692 2907 851 2966 ducis
879 2910 1100 2965 munia.
1188 2908 1423 2968 Servius

341 2995 586 3071 concipe
656 2995 1095 3073 interpretatur:
1187 3014 1424 3053 mecum

340 3099 517 3159 cape3
572 3078 734 3161 quod
774 3100 911 3139 usus
972 3098 1093 3137 nou
1150 3078 1422 3139 admittit.

340 3199 427 3211 --
459 3166 605 3230 521.
648 3175 719 3221 et
748 3186 822 3243 p.
872 3168 939 3223 in
966 3164 1059 3235 h„
1099 3165 1218 3224 vid.
1252 3167 1321 3236 Q.
1350 3168 1424 3225 V.

338 3252 587 3323 XXXV,
620 3254 681 3313 6.
712 3262 858 3309 extr.
896 3251 1073 3325 Wr.)
1160 3248 1424 3332 522sqq.

338 3338 685 3394 Insidiarum
733 3338 893 3395 locus
939 3346 997 3393 et
1044 3338 1189 3393 ratio
1218 3332 1425 3395 huius—

336 3420 502 3480 modi
544 3424 741 3480 enimo
769 3419 1271 3500 repraesentanda.
1314 3423 1423 3481 Via

338 3509 733 3567 Troianorum
756 3509 977 3586 agmini
992 3505 1423 3588 pedestri,qu0d

335 3596 561 3652 Aeneas
590 3596 713 3673 ipse
742 3592 991 3651 ducebat
1018 3590 1137 3667 (of.
1166 3590 1243 3650 ad
1268 3589 1417 3658 445.

338 3676 509 3755 446),
552 3690 675 3737 erat
700 3677 965 3737 facienda
992 3696 1099 3756 per
1124 3680 1419 3737 montium

336 3764 471 3840 iuga
500 3776 557 3822 et
584 3765 793 3823 saltus:
837 3766 901 3821 in
930 3761 1021 3819 his
1048 3773 1171 3821 erat
1200 3762 1413 3833 vallis,

336 3868 519 3905 curvo
563 3850 851 3927 anfractu.
867 3892 893 3920 ‚
952 3850 1183 3907 sinuoso
1234 3848 1413 3922 flexu,

334 3953 485 4015 quae
514 3953 589 3991 ex
616 3934 855 3993 adversa
894 3935 1153 3991 venienti
1180 3934 1415 3991 Aeneae

332 4029 499 4100 parte
524 4021 588 4075 in
618 4021 833 4077 clivum
858 4020 1219 4099 assurgebatt,
1248 4022 1413 4099 isque

332 4114 458 4163 erat
486 4106 719 4183 agmine
742 4104 1129 4185 superandus:
1160 4105 1233 4162 ab
1256 4115 1418 4162 utra-

332 4210 451 4273 que
478 4190 641 4248 vallis
670 4202 830 4269 parte
859 4192 1053 4249 silvae.
1112 4191 1231 4248 Has
1256 4192 1417 4248 inse-

330 4276 415 4335 dit
473 4276 745 4335 Tamus:
820 4278 1161 4357 Equitatum
1218 4286 1413 4334 autem

310 4352 593 4441 'Messapo
626 4362 939 4420 etcmiua
968 4360 1411 4441 ducepraemit-

322 4452 423 4525 tit,
468 4458 535 4507 ut
577 4466 789 4505 manus
829 4460 966 4506 oum
991 4449 1309 4528 praemisso
1338 4447 1413 4505 ab

1511 2832 1699 2895 serat,
1745 2826 1846 2904 qui
1889 2842 1996 2902 per
2037 2840 2378 2901 camporum
2401 2825 2594 2902 plani-

1509 2912 1652 2967 tiem
1689 2907 2025 2982 incedebat,
2083 2904 2430 2967 Tarchontis
2479 2908 2593 2968 du-

1509 3005 1628 3054 ctu.
1711 2996 1823 3052 Hie
1861 3011 2060 3073 pugna
2103 2994 2378 3073 equestris
2404 2992 2500 3069 fit,
2529 2996 2592 3054 in
2682 3068 2690 3073 .

1510 3100 1624 3161 qua
1641 3124 1657 3154 ‚
1708 3080 1950 3138 Camilia
1977 3096 2142 3137 caesa
2159 3121 2175 3151 ‚
2209 3079 2428 3158 equites
2471 3082 2592 3139 La-

1509 3168 1616 3223 tini
1657 3166 1890 3244 fugiunt
1933 3163 2008 3222 ad
2045 3165 2272 3222 urbem.
2371 3163 2587 3223 Audita

1511 3252 1786 3309 Camillae
1815 3248 1991 3309 caede
2013 3251 2412 3331 equitatusque
2427 3249 2586 3329 fuga,

1507 3338 1744 3395 Turnus
1785 3337 2020 3394 consilio
2059 3333 2398 3395 insidiarum
2426 3338 2589 3395 abie-

1509 3434 1602 3480 cto
1619 3441 1693 3479 ex
1708 3422 1942 3481 saltibus
1965 3422 2200 3479 obsessis
2221 3424 2282 3478 in
2311 3441 2586 3500 campum

1504 3506 1800 3587 procedit,
1857 3518 1926 3565 ut
1979 3507 2179 3586 fugam
2244 3509 2586 3565 Latinorum
2610 3509 2616 3517 ’

1506 3596 1768 3675 equitum
1781 3588 1938 3651 sistat
1951 3594 2290 3672 urbemque,
2307 3612 2383 3649 ne
2391 3592 2584 3671 primo

1497 3680 1734 3737 incursu
1762 3680 2038 3756 capiatur,
2067 3676 2349 3757 praesidio
2369 3676 2582 3737 firmet.

1498 3766 1628 3833 Quo
1675 3764 1826 3821 facto
1868 3764 2094 3823 Aeneas
2141 3764 2348 3821 liberas
2398 3764 2576 3823 saltus

1498 3850 1788 3928 angustias
1832 3860 2110 3927 superat3
2163 3870 2224 3905 v.
2281 3851 2408 3913 896
2451 3868 2580 3932 sqq.

1494 3936 1851 4014 Assequutus
1865 3944 1950 3991 est
1959 3931 2068 3992 hac
2083 3935 2420 3993 oeconomia
2433 3952 2582 4013 poe-

1500 4030 1564 4077 ta
1592 4018 1704 4079 hoo
1727 4064 1746 4093 ‚
1803 4029 1870 4077 ut
1910 4020 2235 4077 absentibus
2277 4020 2474 4076 Aenea
2523 4030 2582 4077 et

1503 4106 1712 4163 Turno
1751 4105 1878 4183 geri
1903 4124 1994 4163 res
2020 4115 2210 4184 posset
2237 4107 2446 4163 virano
2461 4102 2580 4161 Ca-

1498 4193 1697 4249 millae
1725 4200 1784 4248 et
1811 4188 2177 4250 Tarchontis.

1585 4277 1730 4342 528.
1774 4276 1961 4354 qu‘am
1985 4306 2072 4321 --
2095 4284 2298 4333 atnam
2333 4270 2397 4329 h.
2435 4270 2578 4329 silva

1499 4359 1710 4435 densa,
1753 4381 1859 4440 per
1887 4380 2096 4443 quam,
2139 4376 2290 4439 qua,
2331 4364 2576 4433 angusta

1495 4448 1698 4539 semita
1727 4457 1832 4505 est·
1904 4446 2048 4511 525.
2077 4443 2284 4501 aditus
2295 4439 2576 4517 maligni,
