3009 5050
772 402 961 475 AD
1066 397 1720 475 LIBRUM
1823 397 1951 475 xl
2332 407 2482 478 705

242 589 463 651 stimus.
560 589 784 650 clarior
826 611 919 650 res
962 603 1049 651 est
1086 591 1149 650 in
1180 591 1297 649 alio
1342 589 1510 670 signo
1525 634 1542 664 ,
1593 588 1788 649 Midae
1827 589 1974 650 illud
2004 589 2186 651 edunt
2199 635 2224 664 ‚
2263 591 2329 651 in
2355 594 2494 653 Mo·

240 678 513 736 nimeutis
554 675 959 760 Matthaeg'anis
987 689 1031 738 t.
1060 677 1274 747 xcvl,
1319 679 1483 736 cuius
1528 687 1764 736 truncus
1807 697 1882 736 ex
1920 679 2244 738 alabastrite
2272 689 2492 738 temere

242 763 487 822 refectus
526 774 613 822 est
656 767 843 844 capite
886 765 1275 845 manibusque
1292 833 1304 838 -
1317 783 1395 821 ex
1436 780 1729 821 marmore
1755 763 2086 824 Numidico.
2171 763 2293 824 Sed
2321 775 2493 824 trun-

240 868 339 908 eus
378 850 743 928 praeclarum
774 860 859 908 est
888 851 1229 930 exemplum
1254 847 1486 907 habitus
1512 848 1775 930 Phrygii.
1861 850 2229 910 Conveniunt
2255 851 2320 907 in
2348 869 2492 909 ean-

242 933 377 992 dem
416 937 669 1014 speciem
711 936 830 995 duo
858 938 1023 1016 signa
1066 933 1275 994 eodem
1302 937 1367 992 in
1394 934 1528 994 loeo
1555 945 1781 1013 reperta
1799 977 1816 1008 ‚
1881 935 2175 993 simillima
2217 936 2367 994 inter
2409 954 2491 1010 se,

244 1021 465 1102 sibique
513 1020 954 1101 respondentia,
1020 1040 1271 1102 qnorum
1301 1021 1548 1080 alterum
1577 1020 1684 1078 sub
1711 1017 1935 1079 Paridis
1961 1022 2202 1080 nomine
2231 1019 2494 1080 exhibuit

244 1107 516 1164 Guattani
559 1105 973 1184 (Monimena‘
1004 1106 1217 1164 inediti
1256 1104 1331 1166 ad
1359 1126 1414 1172 a,
1454 1105 1802 1164 LXXXVII.
1829 1125 1891 1184 p.
1921 1109 2026 1171 87.
2052 1106 2184 1186 ΙΠ.)
2229 1107 2494 1182 alterum,

241 1194 459 1250 maiore
504 1211 641 1251 cum
683 1195 993 1272 sagacitate
1007 1239 1024 1268 ,
1066 1194 1173 1252 sub
1202 1192 1449 1250 ministri
1475 1189 1768 1250 Mithriaci
1792 1193 2033 1251 nomine
2057 1193 2316 1252 Visconti
2341 1193 2496 1251 Mus.

244 1279 670 1338 Pio-Clement-
698 1279 881 1340 Tom.
915 1281 1017 1356 111,
1044 1280 1163 1338 tab.
1192 1279 1358 1337 XXI.

412 1446 777 1528 Conspicitur
821 1449 1053 1525 similis,
1098 1457 1199 1506 aut
1242 1445 1524 1506 accedens
1567 1448 1637 1506 iis
1653 1491 1672 1523 ,
1728 1449 1964 1508 vestitus
1991 1448 2054 1506 in
2083 1449 2206 1508 aliis
2247 1447 2500 1552 antiquis

242 1533 602 1612 fragmentis.
705 1534 800 1594 Ad
840 1537 1125 1593 maiorem
1168 1535 1477 1592 mollitiem
1523 1543 1888 1613 comparatus
1927 1544 2014 1592 est
2067 1535 2210 1592 alius
2264 1537 2500 1594 vestitus

242 1621 610 1678 tenuissimae
668 1623 979 1696 materiae,
1064 1630 1267 1679 ventre
1320 1617 1565 1678 nudato.
1639 1620 1738 1694 (v.
1788 1639 1842 1678 c.
1899 1619 1964 1676 in
2002 1620 2152 1680 Mus.
2198 1621 2350 1679 Flor.
2395 1621 2498 1694 m,

240 1707 520 1784 LXXX.)
606 1708 761 1766 Male
805 1709 963 1764 enim
1007 1704 1243 1764 audiere
1281 1703 1546 1807 Phryges
1586 1705 1994 1785 antiquissimis
2037 1706 2316 1766 aetatibus
2355 1723 2500 1785 pro-

242 1802 375 1870 pter
414 1791 757 1866 mollitiem,
809 1792 1241 1851 increbescente
1274 1793 1435 1856 inter
1484 1809 1582 1850 eos
1625 1792 1772 1849 luxu
1829 1809 1904 1848 ex
1969 1791 2214 1870 opibus,
2263 1791 2500 1866 scilicet,

244 1895 387 1958 quas
445 1897 658 1936 aurum
700 1883 763 1936 in
818 1880 885 1937 iis
927 1879 1069 1936 locis
1119 1875 1411 1958 Phrygiae
1455 1887 1514 1934 et
1577 1874 1828 1956 Lydiae,
1889 1878 2068 1933 etiam
2105 1877 2170 1934 in
2209 1877 2498 1952 amnibus,

242 1973 535 2044 repertum
600 1967 923 2023 invexerat.
1036 1964 1225 2022 Multa
1285 1963 1394 2022 alia
1450 1959 1588 2020 addi
1629 1971 1892 2043 possent,
1963 1963 2013 2020 si
2063 1958 2155 2020 his
2198 1961 2360 2021 locus
2401 1959 2498 2020 hic

243 2059 423 2124 esset3
477 2068 685 2110 venun
743 2050 819 2110 ad
862 2069 991 2108 rem
1032 2049 1287 2120 sufficit,
1351 2067 1428 2106 ex
1474 2044 1752 2129 Phrygiis
1786 2065 2022 2128 quoque
2065 2048 2332 2128 operibus
2391 2065 2502 2150 ap-

241 2153 451 2278 1parere
465 2179 486 2207 ,
545 2139 714 2196 innui
754 2155 790 2194 a
832 2147 1007 2218 poeta
1052 2131 1429 2218 chlamydem
1467 2132 1790 2216 Phrygiam
1831 2133 2012 2194 fibula
2051 2133 2382 2194 adstrictam
2435 2135 2500 2190 in

284 2239 510 2280 umero.

416 2391 571 2450 Sunt
616 2391 856 2448 omnino
898 2391 961 2448 in
1004 2391 1223 2448 amictu
1277 2387 1539 2470 Phrygio
1579 2391 1864 2449 nonnulla
1900 2390 2262 2450 notabiliora.
2364 2389 2500 2450 Sci-
2609 2445 2624 2460 ,

244 2475 380 2535 licet
400 2519 417 2551 ,
474 2477 579 2534 etsi
620 2477 721 2533 ille
764 2472 839 2533 ad
879 2475 1092 2533 luxum
1132 2485 1191 2535 et
1229 2476 1538 2534 mollitiem
1580 2473 2053 2535 accommodatus
2095 2485 2209 2551 est,
2264 2485 2502 2557 apparet

243 2572 445 2619 tamen
489 2581 523 2618 e
566 2560 891 2637 borealibus
936 2562 1077 2619 locis
1108 2580 1247 2618 eum
1274 2560 1597 2619 deductum
1644 2564 1882 2642 eiusque
1911 2580 2084 2619 usum
2113 2563 2501 2643 antiquiorem

249 2649 407 2704 inter
430 2645 657 2725 gelidae
685 2630 892 2727 plagae
920 2647 1141 2705 incolas
1169 2646 1344 2705 fixisse
1360 2689 1379 2721 ,
1426 2648 1641 2727 quippe
1671 2647 1882 2728 quibus
1909 2654 2100 2705 totum
2145 2665 2352 2726 eorpus
2392 2666 2502 2707 ve-

243 2732 428 2792 stibus
472 2732 806 2807 involvere,
862 2733 1105 2814 ipsaque
1150 2732 1377 2790 femora
1418 2742 1477 2791 et
1523 2752 1688 2790 crura
1703 2741 1924 2834 ’tegere
1961 2750 2090 2789 mos
2121 2742 2207 2789 est
2233 2751 2268 2790 a
2293 2742 2501 2790 natura

245 2828 620 2876 monstratus.
720 2818 960 2898 Spectat
1003 2817 1117 2877 hoc
1164 2816 1241 2877 ad
1285 2814 1590 2899 Phrygum
1636 2818 1921 2897 origines.
1993 2818 2210 2898 quippe
2260 2806 2407 2898 q'uos
2466 2836 2503 2875 e

243 2904 389 2963 locis
428 2904 752 2962 borealibus
796 2922 934 2961 cum
973 2901 1299 2963 Thracibus
1344 2905 1407 2962 in
1448 2902 1855 2962 Macedoniam
1915 2898 2274 2961 descendisse
2327 2900 2503 2961 hino-

245 3010 365 3072 que
406 2991 471 3047 in
511 2991 713 3048 Asiam
750 2991 1033 3048 traiecisse
1076 2992 1312 3071 antiqua
1354 2990 1512 3049 fama
1568 2990 1699 3048 fuit.
1795 2991 1998 3069 Itaque
2053 2990 2288 3047 vestitus
2333 3006 2501 3047 com-

242 3075 441 3134 munis
481 3078 549 3134 iis
592 3086 678 3134 est
718 3094 858 3133 cum
904 3074 1105 3134 habitu
1145 3079 1441 3134 Dacorum
1458 3120 1476 3151 ,
1533 3073 1916 3148 Parthorum,
1956 3073 2320 3154 aliorumque
2363 3073 2501 3133 bar-

245 3162 523 3220 barorum
567 3181 602 3220 a
640 3163 1029 3239 septentrione
1074 3159 1151 3219 ad
1196 3162 1392 3219 mitius
1442 3162 1672 3219 caelum
1721 3160 2030 3241 solumque
2085 3156 2500 3240 profectorum.

243 3246 428 3305 Aliud
484 3257 570 3305 est
586 3291 603 3321 ,
675 3244 835 3327 quod
895 3245 970 3305 ad
1025 3247 1467 3305 illustrationem
1522 3247 2015 3305 commemorabo.
2125 3246 2310 3304 Multa
2364 3255 2502 3305 sunt

244 3329 580 3413 anaglypha
622 3329 925 3391 Mithriaca
940 3376 958 3407 ,
1015 3332 1077 3388 in
1124 3334 1333 3412 quibus
1374 3330 1612 3391 Mithres
1653 3352 1950 3411 expressus
1991 3340 2076 3390 est
2112 3332 2289 3390 simili
2329 3351 2501 3411 pror-

244 3438 346 3477 sus
392 3420 549 3492 eius,
634 3419 697 3474 ui
740 3415 1045 3497 Phrygum
1089 3416 1232 3492 fuit,
1274 3414 1511 3476 habitu:
1559 3436 1675 3499 quo
1714 3420 1839 3497 ipso
1882 3417 2145 3475 firmatur
2183 3416 2281 3492 id,
2341 3414 2498 3498 quod

244 3506 358 3563 viri
398 3502 555 3562 doeti
640 3512 952 3577 ocuerunt,
996 3502 1304 3581 religiones
1332 3504 1459 3563 illas
1484 3522 1609 3561 non
1639 3523 1674 3561 a
1699 3504 1888 3563 Persis
1923 3522 2044 3561 esse
2073 3502 2310 3561 traditas
2325 3548 2342 3577 ,
2397 3500 2500 3561 sed

243 3590 311 3646 in
370 3590 507 3647 A‘sia
565 3588 909 3647 occidentali
962 3590 1116 3645 inter
1153 3589 1426 3647 barbaros
1478 3599 1733 3669 repertas
1749 3632 1766 3662 ,
1839 3589 2192 3669 interpolatis
2250 3598 2309 3646 et
2361 3607 2500 3667 per-

244 3674 447 3731 mixtis
477 3676 647 3732 sacris
679 3692 714 3730 a
740 3674 929 3730 Persis
959 3670 1180 3747 ductis,
1162 3694 1178 3707 ·
1224 3675 1495 3733 barbaros
1525 3692 1624 3733 eos
1669 3672 1992 3754 Phrygicae
2033 3674 2268 3753 originis
2305 3674 2500 3750 fuisse,

245 3758 377 3835 ipso
418 3759 721 3836 signorum
758 3756 961 3816 habitu
1005 3768 1261 3837 apparet.
1362 3759 1569 3819 Simile
1611 3758 1926 3833 iudicium,
2001 3770 2130 3833 aut,
2205 3761 2254 3818 si
2295 3762 2500 3835 mavis,

245 3844 638 3922 suspicionem
676 3844 869 3902 facere
908 3843 1043 3900 licet
1084 3842 1157 3901 de
1201 3841 1311 3901 deo
1355 3845 1558 3919 Lun0,
1618 3846 1720 3925 qui
1761 3856 1820 3904 et
1861 3847 1984 3924 ipse
2011 3841 2268 3925 Phrygio
2298 3844 2502 3905 habitu

243 3928 312 3985 in
356 3929 551 3987 numis
567 3972 587 4004 ‚
639 3930 887 4031 gemmis
927 3928 1241 4008 sigillisque
1282 3932 1564 4001 occurrit3
1612 3940 1680 3987 ut
1719 3929 1795 3989 ad
1833 3930 2115 4011 Phrygias
2143 3933 2500 4011 superstitio-

241 4032 354 4072 nes
407 4014 528 4070 eius
571 4017 757 4094 prima
800 4014 961 4072 notio
1002 4012 1303 4071 referenda
1350 4035 1471 4073 esse
1514 4013 1796 4076 videatur.
1892 4018 2026 4073 Fuit
2069 4018 2258 4091 enim,
2305 4017 2500 4074 nescio

243 4094 583 4178 quomodo,
638 4100 877 4159 interior
921 4100 1021 4157 ille
1059 4100 1231 4157 Asiae
1272 4102 1513 4158 minoris
1553 4111 1768 4160 tractus
1808 4120 1994 4183 usque
2037 4101 2114 4159 ad
2139 4100 2501 4179 Euphratem

242 4181 544 4242 fecundus
570 4188 1042 4264 superstitionum
1068 4185 1378 4263 generibus
1402 4187 1575 4243 variis
1603 4188 1759 4245 varie
1786 4188 2088 4266 permixtis
2117 4196 2176 4243 et
2215 4186 2497 4243 confusis:

246 4268 473 4371 quibus
496 4286 603 4347 pro
636 4268 821 4328 fundo
850 4271 1082 4329 suberat
1124 4271 1362 4349 frugum
1388 4281 1578 4329 mater
1602 4272 1789 4331 Terra
1816 4292 1953 4331 cum
1979 4288 2163 4351 puero
2191 4270 2344 4347 Aty,
2389 4286 2502 4325 an-

239 4352 575 4435 tiquissima
600 4356 800 4433 religio
814 4400 831 4431 ‚
872 4374 979 4434 per
1004 4374 1066 4413 se
1093 4375 1233 4415 sane
1258 4354 1697 4435 simplicissima.

355 4453 669 4550 Vnica..
720 4454 933 4529 Tou.
966 4454 1101 4531 111.
1979 4452 2084 4523 45
