3009 5050
526 413 676 486 504

525 599 701 671 Hoc
732 591 1034 668 virtutis
1080 611 1305 688 opus,

991 407 1072 480 P.
1138 400 1670 482 VIRGILII
1732 399 2288 478 MARONIS

1412 588 1698 664 Troiae
1725 585 1874 663 sub
1902 587 2327 664 moenibus
2360 585 2528 662 altis

531 703 690 774 Tot
722 696 933 793 gnati
980 691 1339 769 cecidere
1378 691 1660 783 deum;
1713 691 1906 791 quin
1937 690 2226 766 occidit
2249 715 2408 766 una

2619 697 2778 770 470

531 798 984 900 Sarpedon,
1036 819 1215 872 mea
1256 795 1696 896 progenies,
1791 795 2052 870 Etiam
2077 817 2213 871 sua
2250 799 2626 870 Turnum

529 907 718 980 Fata
749 913 1075 996 vocant,
1126 912 1540 998 metasque
1571 895 1729 972 dati
1758 899 2120 997 pervenit
2151 895 2248 972 ad
2290 897 2480 976 aevi.

534 1007 662 1082 Sic
704 1005 842 1098 ait,
896 1016 1131 1102 atque
1162 1000 1435 1079 oculos
1465 998 1948 1078 Rutulorum
1996 1000 2245 1076 reiicit
2269 1001 2486 1078 arvis.

532 1114 631 1186 At
674 1107 921 1184 Pallas
948 1104 1253 1203 magnis
1280 1105 1570 1180 emittit
1599 1102 1894 1180 viribus
1920 1104 2247 1198 hastam,

534 1211 995 1313 Vaginaque
1024 1233 1204 1284 cava
1245 1206 1688 1305 fulgentem
1727 1206 2014 1307 deripit
2041 1229 2334 1282 ensem.

2535 1217 2542 1224 ’
2615 1215 2774 1287 475

635 1357 809 1428 475.
860 1349 1375 1436 *VAGmAth
1392 1390 1495 1404 -
1511 1350 1830 1421 nusum*

534 1567 769 1678 spectes:
818 1528 983 1608 vitari:
1004 1553 1295 1608 extendere
1313 1515 1507 1626 fectis.
1575 1552 1681 1606 Sed
1713 1560 1793 1604 ent
1833 1549 1900 1606 τὸ
1941 1549 2128 1634 κλέος..
2183 1553 2264 1604 De
2298 1551 2409 1634 laec
2449 1549 2517 1602 cf.
2559 1565 2682 1618 aup.
2707 1546 2774 1600 ed

531 1627 571 1678 li
611 1663 626 1678 .
664 1628 755 1690 VI,
817 1625 935 1679 807.
983 1624 1074 1675 ubi
1122 1633 1261 1675 erat:
1327 1625 1584 1676 virtutem
1637 1621 1930 1676 extendere
1977 1621 2172 1692 sactes.
2239 1621 2368 1688 (ud.
2421 1622 2558 1672 Not.
2623 1619 2772 1683 Wr.)

532 1693 637 1749 470
665 1697 785 1745 Hoc
812 1712 871 1762 g.
911 1693 1070 1745 Goth.
1103 1710 1208 1745 sec.

531 1762 683 1828 libb„
714 1763 781 1814 al.
816 1765 952 1814 nati.
988 1761 1115 1829 (vid.
1150 1765 1216 1824 Q.

1316 1695 1491 1744 eriere
1538 1693 1592 1743 d.
1640 1691 1855 1742 Oudart.
1888 1708 1986 1760 pro
2022 1709 2132 1748 var.
2178 1691 2300 1742 lect.

1306 1798 1321 1815 .
1356 1761 1666 1825 xxxvm,
1701 1764 1750 1816 1.
1796 1762 1941 1826 Wr.)

2365 1690 2532 1760 gnati
2563 1687 2706 1740 Pier.
2741 1704 2769 1736 e

2079 1758 2179 1815 471
2217 1764 2290 1812 Et
2323 1759 2431 1810 iam
2467 1757 2656 1810 Heius.
2685 1757 2770 1807 iu-

530 1831 675 1882 vexit
709 1849 740 1881 e
774 1831 987 1882 Mentel.
1024 1841 1077 1881 et
1110 1829 1298 1882 ceteris
1332 1831 1654 1885 melioribus.
1731 1829 1836 1882 Sed
1879 1828 1937 1880 in
1983 1827 2068 1880 hia
2117 1840 2169 1881 et
2220 1827 2474 1880 similibus
2527 1827 2769 1878 codicum

532 1899 619 1951 vix
654 1898 760 1951 ulla
794 1915 908 1950 esse
953 1908 1135 1966 potest
1167 1901 1475 1967 auctoritas:
1529 1909 1585 1949 et
1618 1898 1785 1950 multo
1821 1898 1982 1966 magis
2032 1908 2436 1950 cousentaneum
2485 1912 2768 1964 argumen-

471 1947 493 1994 θ
531 1969 744 2020 tationit
792 1971 971 2020 Etiam
1013 1971 1273 2020 Turnum.
1342 1969 1642 2020 Intercesait
1677 1984 1883 2038 quoque
1923 1968 2145 2034 spatium
2181 1967 2394 2036 aliquod
2428 1968 2568 2017 iuter
2605 1963 2770 2018 Turni

531 2053 712 2089 necem
761 2045 816 2088 et
860 2053 1105 2104 praeseus
1151 2046 1372 2106 tempus.
1440 2037 1678 2106 Servius:
1735 2037 1911 2101 multi,
1971 2035 2074 2098 ait,
2120 2040 2300 2089 Etiam
2343 2036 2553 2104 legunt,
2607 2047 2668 2087 ut
2699 2033 2768 2086 sit

532 2123 670 2158 ecee.
737 2105 1029 2173 Scripeerat
1060 2105 1292 2158 Servius:
1330 2111 1414 2158 En
1441 2109 1569 2161 im.
1637 2105 1788 2172 (Mihi
1824 2107 1901 2156 viz
1935 2103 2224 2172 particulae
2270 2107 2380 2158 iam
2427 2103 2557 2174 ipsis
2595 2105 2767 2156 verbis

533 2187 735 2228 vocant
770 2185 822 2227 et
846 2176 1101 2247 pervenit
1149 2174 1356 2226 videtur
1390 2173 1798 2244 comprehensu
1845 2177 2009 2226 etiam
2043 2184 2245 2244 epectat
2292 2175 2359 2226 ad
2407 2175 2766 2242 comparatio-

531 2260 670 2308 nem,
700 2244 858 2313 idque
891 2243 1012 2295 huic
1046 2244 1271 2295 orationi
1302 2244 1536 2312 inprimis
1572 2245 1912 2296 conveniens:
1969 2246 2046 2295 Ut
2077 2244 2302 2296 Pallanti
2345 2261 2480 2294 nune
2531 2245 2766 2295 morien-

532 2312 657 2369 dum
708 2324 813 2376 eat,
858 2310 931 2363 ita
978 2312 1283 2380 propediem
1318 2314 1478 2364 etiam
1513 2314 1725 2376 Turno,
1781 2313 1868 2382 qui
1915 2312 2062 2365 illum
2107 2330 2442 2381 percussurus
2484 2323 2582 2364 est.
2625 2315 2762 2378 Wr.)

532 2382 639 2435 472
674 2385 818 2434 Fata
865 2394 1088 2434 manent
1138 2382 1341 2450 aliquot
1372 2382 1530 2448 Pier.,
1589 2383 1744 2434 etiam
1791 2383 1894 2433 hoc
1941 2393 2115 2442 recte,
2165 2383 2260 2434 aed
2295 2381 2450 2434 codd.
2485 2398 2763 2434 consensus

532 2459 707 2502 tuetur
739 2449 972 2502 alterum.
1034 2456 1050 2516 (
1097 2455 1311 2502 rovem'e
1342 2455 1485 2505 Serv.
1523 2452 1708 2505 Drefid.
1754 2452 1898 2518 Wr.)

999 2560 1009 2579 .
1039 2470 1222 2573 §oluit
1256 2533 1445 2591 poeta:
1509 2524 1663 2574 reicit
1715 2519 1782 2574 ab
1817 2524 1987 2575 arvis.

534 2521 668 2572 Ven.
700 2521 971 2572 Burmann.

2037 2453 2140 2508 478
2174 2454 2335 2503 torsit
2381 2453 2442 2502 in
2477 2455 2638 2503 arvis
2671 2451 2760 2502 Ed.

2123 2519 2226 2576 474
2271 2522 2510 2573 immittit
2545 2521 2761 2574 Oudart.

532 2586 634 2643 475
668 2590 857 2657 diripit
888 2594 970 2657 (ut
1003 2600 1083 2641 eat
1116 2592 1167 2641 in
1206 2590 1395 2644 Medic.
1431 2594 1483 2647 7.
1518 2592 1567 2646 8.
1603 2592 1654 2645 9.
1693 2592 1775 2645 12.
1817 2594 1961 2659 Wr.)
2009 2608 2284 2660 perperam
2319 2590 2559 2658 plerique
2607 2591 2760 2643 codd.

535 2668 589 2709 et
611 2658 729 2709 edd.
754 2671 871 2710 ante
907 2658 1102 2719 Heium,
1138 2660 1225 2728 qui
1250 2659 1476 2713 illustrat
1511 2662 1774 2732 deripere.
1827 2662 1953 2729 (hoc
2003 2669 2174 2711 exstat
2217 2660 2275 2709 in
2308 2660 2459 2711 Rom.
2507 2670 2563 2711 et
2595 2662 2762 2711 Palat.

538 2728 683 2793 Wr.)
754 2729 831 2779 De
866 2726 967 2779 hoc
1000 2746 1151 2780 versu
1185 2730 1339 2781 valde
1372 2730 1618 2796 ambigo;
1665 2729 1850 2781 inutile
1894 2729 2028 2781 enim
2077 2738 2133 2781 et
2181 2728 2408 2780 otiosum
2454 2729 2556 2780 hoc
2589 2730 2764 2781 intulit

532 2805 723 2865 poeta3
761 2797 897 2850 ensis
929 2797 1157 2849 nondum
1190 2809 1401 2865 poterat
1441 2816 1556 2850 esee
1592 2816 1744 2859 usus,
1781 2798 2152 2865 expectandum
2187 2798 2351 2862 enim,
2401 2809 2458 2850 ut
2492 2799 2628 2851 alter
2663 2800 2762 2850 ha-

480 2908 487 2940 3
534 2875 667 2917 etam
716 2867 1011 2929 emitteret,
1070 2867 1239 2919 donec
1282 2868 1499 2937 propius
1546 2868 1798 2920 accedere
1857 2878 1911 2919 et
1955 2868 2189 2920 cominus
2247 2884 2482 2935 pugnare
2529 2878 2760 2937 possent.

537 2934 805 2998 (Liberavi
834 2936 971 2988 hune
1006 2952 1207 2990 vernum
1240 2935 1518 2992 asteriscis.
1586 2937 1788 3001 „Etiam
1835 2936 1972 2988 hunc
2003 2954 2204 2989 vernum
2237 2938 2457 2989 maxime
2491 2939 2760 3005 genuinum

536 3022 651 3124 di„
685 3014 813 3088 puto
855 3016 909 3057 et
944 3004 1250 3087 elegantem.
1318 3006 1509 3087 Nonne
1545 3006 1867 3125 enimdfortie
1913 3006 2014 3057 viri
2049 3017 2188 3090 erat,
2235 3006 2422 3089 emisse
2459 3008 2610 3059 hasta
2645 3008 2760 3090 gje-

534 3084 1062 3195 euznletttglzgzriit
1078 3084 1714 3195 haetaseiuzzceznuigzlngeszt
1748 3091 1979 3197 giiiffl
2013 3091 2127 3195 Ἓξ,
2132 3076 2762 3211 1111ἰὲ0ιῖἳὲἷᾷωέηῶοὲ

534 3208 730 3262 iuvenis
776 3211 944 3277 valet,
988 3211 1035 3263 ei
1082 3210 1208 3281 quid
1256 3213 1425 3265 sentio
1442 3250 1461 3279 ,
1504 3212 1574 3265 ad
1617 3214 1922 3265 movendam
1969 3213 2350 3267 miserationem
2363 3252 2380 3280 ,
2429 3224 2614 3285 utpote
2659 3215 2760 3285 qui,

532 3386 717 3442 nostri
742 3404 919 3467 quam
946 3406 1225 3445 maxume
1252 3388 1491 3467 longam
1521 3390 1610 3447 ef-

534 3470 725 3528 ficere.
809 3474 959 3529 Nam
1002 3471 1329 3531 divitiarum
1372 3485 1431 3532 et
1480 3474 1607 3532 for-

532 3574 664 3613 mae
706 3556 893 3633 gloria
932 3556 1091 3614 fluxa
1132 3568 1306 3639 atque
1366 3560 1605 3638 fragilis:

415 3656 427 3663 ·
534 3641 713 3698 virtus
742 3642 891 3699 clara
922 3652 1266 3723 aeternaque
1304 3641 1608 3705 habetur.“

534 3724 764 3783 Similia
790 3727 871 3784 ibi
899 3725 1096 3785 laudat
1138 3730 1381 3789 Cottius.
1462 3732 1608 3789 Imi-

534 3820 687 3867 tatur
728 3812 1033 3890 Virgilium
1088 3813 1262 3873 Silius
1302 3818 1419 3889 IX,
1460 3815 1606 3880 375.

534 3894 807 3953 Ceterum
848 3896 982 3955 vide
1020 3898 1141 3955 vim
1170 3910 1227 3957 et
1268 3903 1608 3977 gravitatem

532 3981 710 4037 etiam
748 3984 811 4039 in
850 3984 1117 4061 singulis,
1167 3993 1234 4041 ut
1260 3985 1321 4041 in
1350 3986 1492 4049 IIoc
1521 4004 1605 4044 vs.

532 4064 711 4139 469„
755 4067 889 4126 coll.
933 4068 1003 4139 Q.
1046 4068 1115 4125 V.
1161 4070 1308 4142 XX,
1340 4074 1401 4132 2.
1439 4081 1604 4145 extr„

530 4148 593 4207 in
619 4153 827 4229 gnati,
858 4154 989 4211 coll.
1020 4152 1089 4224 Q.
1106 4154 1177 4210 V.
1200 4155 1429 4212 inVJ..
1449 4154 1608 4214 laud.

540 4235 717 4315 Wr.)
802 4236 925 4302 469
954 4258 1080 4319 sqq.
1126 4238 1299 4297 Color
1327 4258 1403 4297 ex
1430 4243 1608 4299 Hom.

529 4324 591 4382 iu
640 4324 930 4381 sententiis
976 4324 1168 4404 paullo
1214 4324 1446 4385 diversis
1497 4325 1608 4385 Od.

530 4430 585 4487 y,
638 4410 759 4473 108
800 4428 927 4491 sqq.
1012 4411 1127 4469 Alii
1170 4423 1505 4491 comparant
1535 4432 1609 4471 ex

1691 3387 1855 3447 Iliad.
1887 3407 1940 3465 σ,
1974 3394 2113 3455 117.
2147 3394 2288 3456 118.
2329 3394 2483 3467 119,
2523 3390 2761 3451 Achillis

1692 3476 1887 3533 verba.
1970 3474 2116 3539 478.
2173 3478 2366 3535 reiicit
2408 3480 2569 3557 quasi
2607 3488 2760 3537 retro

1690 3560 1858 3635 iacit3
1885 3555 2068 3621 πάλιν
2091 3560 2304 3642 τρέπεν
2333 3557 2474 3625 ὄσσε
2507 3559 2758 3641 φαεινώ,

1689 3664 1796 3723 pro
1847 3646 2101 3724 vulgari:
2161 3658 2456 3728 retorquet
2470 3693 2487 3722 ,
2529 3651 2760 3723 ενοι-τὴς

1689 3741 1992 3811 tamquam
2041 3750 2076 3789 a
2143 3736 2468 3812 spectaculo
2517 3735 2759 3813 ingrato,

1679 3815 1852 3896 'quod
1877 3816 2160 3896 impedire
2188 3838 2297 3877 nee
2341 3820 2466 3877 vult
2491 3840 2602 3877 nec
2628 3832 2760 3898 pot-

1689 3911 1796 3961 est.
1921 3898 2446 3963 Grammaticorum
2507 3908 2760 3984 argutiae

1687 4006 1860 4065 super
1873 4006 2088 4063 caussa,
2118 4009 2222 4049 eur
2249 3988 2329 4049 dii
2343 3992 2568 4049 vultum
2597 4010 2761 4051 aver-

1689 4083 1834 4147 tant,
1865 4074 2084 4131 alienae
2111 4084 2266 4133 sunt.
2332 4076 2444 4133 lnf.
2475 4076 2607 4149 XII,
2641 4076 2756 4138 151

1691 4159 1837 4216 Iuno
1865 4169 2052 4217 morte
2071 4160 2262 4217 Turni
2287 4162 2570 4220 instante:
2617 4160 2763 4217 .Non

1681 4263 1968 4321 pugnam
2009 4244 2312 4322 adspicere
2351 4244 2513 4303 hanc
2557 4244 2761 4317 oculis,

1691 4348 1814 4384 mm
1837 4326 2096 4406 foedera
2115 4372 2138 4399 ‚
2173 4350 2442 4408 possum.
2509 4331 2586 4389 of.
2629 4332 2762 4391 Ver.

1689 4413 1850 4471 Leot.
1881 4411 2105 4489 adxn,
2135 4414 2278 4481 841.
2347 4414 2474 4491 (-·-
2499 4414 2646 4481 474.
2673 4416 2766 4473 At
