3009 5050
608 405 759 482 574
1162 397 2268 476 ExcURsnsI*

594 591 895 672 populeae
904 589 1167 672 smndeae
1200 589 1598 670 tmbramque
1626 607 1922 662 cor-onan,
1949 591 2199 672 populos
2229 589 2483 672 (nigras,
2523 587 2880 671 αἰγείρους),

604 681 886 738 eleon-um
914 677 1259 738 exsudantes
1288 677 1859 758 (Stephanfflyzant.
1885 679 1950 736 in
1977 673 2348 757 Ἡλεκτρίὸες
2376 685 2442 734 et
2455 677 2728 734 Aristot.
2760 677 2878 736 mir.

602 763 804 824 Audit.
834 785 882 825 s.
910 767 1133 824 Narrat.
1162 785 1216 824 o.
1248 767 1331 830 82
1346 809 1363 840 ‚
1428 766 1530 823 ubi
1569 763 1692 822 vid.
1721 761 2140 840 Beckmann.),
2181 764 2246 822 in
2285 781 2438 844 quas
2485 759 2877 822 Phaethontis

601 869 824 910 sorores
852 851 1014 910 fuere
1042 860 1330 925 mutatae,
1312 869 1329 885 ·
1374 869 1451 908 ex
1478 849 1899 908 nonnullorum
1925 849 2133 908 saltem
2146 851 2484 907 narratione
2517 846 2689 924 (vid.
2704 850 2876 928 Apol-

598 937 725 996 lon.
764 933 1301 1014 1v‚6o4);nam
1341 935 1479 994 alias
1527 937 1589 994 in
1632 936 1828 1012 alnos,
1871 936 2105 1011 larices,
2149 937 2374 1014 pio-eas,
2433 943 2724 992 mutatae
2771 955 2874 993 esse

598 1021 895 1082 dicuntur.
941 1022 1016 1080 of.
1048 1021 1123 1081 ad
1150 1023 1277 1081 nol.
1306 1021 1405 1097 vl,
1436 1025 1541 1086 62.
1627 1021 1821 1102 Super
1845 1019 2053 1100 mytho
2099 1019 2174 1079 de
2203 1037 2390 1102 cycno
2420 1019 2713 1100 Apollini
2743 1040 2872 1080 eon-

600 1119 823 1168 secrato
861 1109 1161 1187 ingeniose
1196 1107 1365 1187 plura
1394 1107 1822 1186 coagmentavit
1861 1127 2052 1186 nuper
2087 1107 2320 1166 Vossius
2348 1101 2618 1187 mythol.
2649 1107 2869 1166 Bn'efe:

602 1205 671 1253 ut
704 1192 1066 1299 inspiciendo
1110 1195 1324 1274 passim
1362 1153 1538 1252 11me
1554 1193 1825 1271 cognovi.
1909 1191 2232 1252 Subiiciam
2273 1209 2440 1250 nuno
2483 1211 2750 1274 quoque
2795 1213 2866 1260 ea,

603 1299 757 1362 quae
796 1283 863 1338 in
902 1281 1038 1340 Var.
1080 1281 1245 1338 Lect.
1286 1280 1430 1338 olim
1470 1288 1634 1336 erant
1673 1287 1894 1338 notata.
1978 1279 2118 1338 Dixi
2157 1279 2269 1354 ibi,
2313 1275 2466 1336 mihi
2503 1287 2724 1337 totum
2747 1299 2867 1336 ver-

602 1385 736 1425 sum
778 1385 856 1426 ex
896 1367 1161 1446 margine
1198 1365 1485 1446 irrepsisse
1529 1362 1746 1423 videri:
1789 1366 1872 1422 ita
1896 1365 1996 1422 ille
2025 1375 2296 1424 consutus
2323 1373 2412 1423 est
2439 1381 2524 1422 ex
2549 1363 2718 1424 binis
2745 1385 2864 1423 sen·

598 1453 795 1512 tentiis
824 1449 1145 1512 hiantibus.
1175 1469 1318 1509 nam
1343 1471 1455 1509 neo
1483 1451 1614 1510 illa·
1669 1449 1910 1509 Cranen
1941 1469 2116 1508 amor·
2146 1457 2410 1509 vestrum
2437 1467 2556 1528 per
2582 1471 2654 1509 se
2683 1452 2860 1508 ullum

602 1533 823 1597 habent
864 1535 1247 1598 commodum
1289 1555 1558 1608 sensnm,
1605 1553 1687 1594 ne
1725 1546 1857 1596 tum
1912 1534 2186 1619 quidem,
2239 1537 2290 1594 si
2337 1555 2593 1593 versum
2633 1539 2862 1616 fang-nt

600 1623 791 1704 legas,
832 1643 976 1703 pro,
1020 1625 1233 1702 insigni
1270 1623 1493 1682 formae
1535 1641 1753 1681 versae.
1839 1619 1961 1682 Sed
2002 1621 2376 1702 adscripscrat
2417 1621 2678 1703 aliquis·
2739 1643 2858 1680 snr—

594 1719 761 1790 gunt
774 1668 857 1766 ’de
887 1711 1107 1768 vertioe
1118 1729 1397 1786 pennae·
1378 1753 1391 1766 .
1427 1707 1678 1789 formae
1705 1708 1942 1788 insigne
1969 1717 2282 1786 paternae.
2369 1705 2704 1788 Supplevit
2737 1727 2856 1766 ver·-

600 1813 733 1853 sum
760 1798 990 1874 ineptus
1018 1793 1197 1854 homo
1228 1811 1305 1853 ex
1329 1795 1555 1876 reliquo
1584 1791 1823 1852 scholio
1836 1839 1853 1869 ‚
1893 1791 2056 1875 quod
2097 1791 2454 1872 adscriptum
2495 1804 2630 1853 erat
2675 1791 2756 1852 de
2777 1796 2858 1851 in—

600 1889 759 1940 οωιιι
796 1899 995 1938 amore
1041 1881 1225 1962 Cycni
1262 1881 1326 1938 in
1370 1877 1821 1940 Phaethontem.
1904 1883 2031 1938 Iam
2086 1877 2214 1938 hoo'
2236 1895 2407 1938 versu
2445 1880 2644 1938 eiecto
2691 1899 2857 1962 qnam

599 1966 751 2024 bene
778 1965 1095 2046 procedant
1122 1967 1350 2040 omnia,
1396 1985 1503 2046 pro
1531 1985 1594 2025 se
1639 1967 1882 2048 quisque
1920 1965 2210 2045 intelligit.
2293 1965 2491 2022 Aliam
2531 1967 2678 2024 iniit
2715 1968 2858 2024 viani

596 2054 691 2110 vir
735 2050 971 2126 doetus,
1016 2053 1269 2111 Ouwens
1310 2054 1479 2110 Νοοι.
1529 2053 1679 2132 Hag.
1719 2053 1824 2126 111,
1865 2055 1968 2126 27,
1995 2051 2102 2134 qui
2133 2069 2310 2110 omne
2335 2052 2550 2110 vitium
2579 2053 2650 2110 in
2679 2054 2856 2110 verbis

604 2137 834 2216 Cinyra
857 2147 913 2194 et
940 2139 1165 2221 quaerit
1193 2147 1253 2196 et
1278 2137 1584 2219 relinqnit3
1625 2147 1696 2196 ut
1723 2147 1927 2237 agatur
1955 2135 2030 2196 de
2057 2157 2178 2195 ιιιιο
2209 2138 2572 2216 Cupavone3
2617 2148 2691 2196 nt
2713 2159 2856 2216 pen·-

599 2237 717 2280 nae
739 2222 1006 2280 olorinae
1032 2226 1147 2282 sint
1172 2242 1278 2304 per
1306 2226 1730 2304 appositionem
1757 2225 1994 2302 insigne
2024 2223 2271 2302 forinas
2303 2231 2616 2300 pater-mse
2659 2223 2854 2304 Cycni,

599 2317 661 2367 et
703 2309 958 2384 ονίηιεη,
982 2323 1201 2368 caussa
1241 2313 1389 2368 tanti
1428 2309 1760 2386 infortunii,
1808 2329 2012 2384 amor,
2066 2309 2254 2368 luctus
2295 2309 2513 2368 nimius
2559 2311 2630 2366 in
2669 2309 2856 2367 Phae-

595 2395 814 2454 thontis
842 2406 1050 2454 morte.
1096 2405 1359 2454 vestrum
1384 2413 1490 2476 pro
1519 2407 1709 2455 tuum.
1795 2395 1983 2466 Quam
2029 2391 2174 2452 dura
2217 2405 2278 2454 et
2303 2399 2505 2452 coacta
2535 2391 2696 2454 haec
2734 2399 2850 2468 sint,
2952 2459 2953 2463 ,

594 2481 766 2540 facile
802 2483 1031 2541 sentias.
1116 2483 1250 2541 Non
1294 2483 1551 2541 multum
1591 2479 1808 2541 recedit
1849 2483 2018 2540 tertia
2061 2481 2205 2540 ratio
2222 2523 2241 2557 ‚
2299 2499 2481 2563 quam
2520 2475 2852 2541 Brunckius

594 2568 793 2626 intulit
807 2570 1319 2649 ‚interpunctione
1346 2578 1606 2627 mutata·
1650 2588 1934 2646 pennae.-
1975 2568 2240 2639 Oimm,
2268 2566 2498 2639 Amor,
2561 2578 2852 2637 vestrum,

466 2661 478 2689 ⁸
578 2651 947 2735 firmaeque
971 2656 1210 2734 ins-agne
1232 2664 1547 2733 paternae.
1637 2656 1772 2713 Non
1803 2654 2011 2713 licebat
2040 2655 2268 2735 assequi
2295 2672 2560 2728 sensum,
2577 2658 2695 2713 nisi
2723 2666 2854 2712 nota

594 2741 887 2821 inspecta3
936 2760 971 2798 e
1015 2760 1133 2824 qua
1182 2752 1450 2841 apparet?
1511 2740 1594 2798 sio
1639 2738 2043 2820 accipiendum
2087 2754 2244 2798 esse.
2310 2758 2468 2818 quae
2488 2760 2782 2819 perime,
2819 2760 2853 2795 ο
2949 2760 2951 2773 ·

595 2825 826 2902 Amor,
870 2824 982 2884 tibi
1018 2836 1163 2883 sunt
1198 2828 1458 2884 crimini.
1547 2826 1763 2904 Exigat
1803 2824 1948 2883 haec
1987 2842 2140 2883 unus
2170 2826 2414 2908 quisque
2441 2846 2552 2905 pro
2581 2846 2650 2885 se
2679 2838 2738 2885 et
2765 2828 2854 2883 vi-

596 2911 762 2989 deat,
808 2932 883 2971 an
925 2910 1097 2970 valde
1132 2912 1333 2971 mollia
1362 2932 1430 2971 ea
1458 2913 1604 2987 sint,
1659 2923 1720 2970 et
1749 2910 2186 2970 accommodata
2213 2912 2526 3003 reliquis.
2557 2911 2854 2971 Inciderat
2949 2926 2951 2941 ¹

592 3001 657 3057 in
688 2998 937 3058 eandem
964 3000 1251 3056 rationem
1296 2998 1383 3059 Io.
1428 2995 1832 3059 Schrader-us
1813 3016 1875 3055 m
1904 2996 2160 3073 schedis,
2205 3006 2264 3056 et
2289 2997 2492 3056 laudat
2517 2982 2724 3057 'versus
2751 3000 2854 3055 ci-

593 3087 670 3143 ris
701 3088 824 3150 828
868 3084 1017 3142 Non
1047 3102 1154 3163 ego
1186 3090 1241 3140 te
1253 3102 1433 3141 eonor
1458 3082 1739 3158 Flectere,
1746 3082 1984 3153 Amor,
2011 3094 2126 3143 eto.
2209 3084 2396 3142 Versu
2417 3082 2496 3142 ad
2521 3102 2734 3142 meum
2759 3086 2856 3141 iu·-

594 3170 815 3229 dicium
860 3171 1043 3229 eieoto
1087 3189 1209 3228 non
1250 3166 1373 3228 hiat
1413 3172 1698 3227 sententia
1713 3214 1729 3243 ,
1785 3166 1890 3227 sed
1925 3169 2114 3227 multo
2152 3170 2340 3248 magis
2385 3170 2534 3229 coit:
2587 3188 2853 3251 namque

592 3254 855 3314 redditur
892 3274 1089 3314 caussa
1136 3257 1287 3330 eius,
1351 3252 1512 3337 quod
1555 3252 1875 3314 antecedit:
1941 3253 2103 3337 quod
2158 3257 2407 3314 olorinas
2461 3272 2689 3335 pennas
2743 3276 2854 3335 pm

591 3342 761 3399 crista
805 3352 989 3421 gestat
1030 3342 1303 3421 Cupavo.
1347 3360 1607 3421 namque
1647 3342 1844 3399 ferunt
1867 3352 2097 3420 patrem
2138 3343 2199 3398 in
2230 3341 2454 3399 olorem
2483 3360 2610 3399 oese
2649 3353 2854 3399 muta-

591 3428 998 3485 tnm.N1mo
1038 3425 1210 3485 video
1266 3424 1607 3486 Wakefield
1651 3427 1950 3487 refluxisse
2017 3426 2275 3485 Carmen
2314 3446 2424 3507 pro
2469 3446 2742 3497 ermen,
2783 3436 2854 3485 ut
2949 3422 2951 3445 '

589 3514 699 3571 sit.
745 3512 1097 3587 „canebant
1127 3512 1200 3570 ad
1229 3516 1515 3593 praelium
1545 3524 1778 3589 euntes,
1821 3532 1928 3592 pro
1955 3532 2120 3571 more
2147 3514 2532 3616 plurimarum
2557 3514 2854 3593 gatiam,
2949 3472 2951 3545 Χ

590 3617 853 3657 amorem
884 3600 1069 3679 Cycni
1094 3597 1462 3658 Phaethonta
1499 3610 1558 3657 et
1583 3602 1968 3658 mutationem
1995 3602 2117 3658 eius
2145 3600 2209 3657 in
2237 3618 2438 3675 avem,
2489 3601 2655 3657 ouius
2693 3618 2852 3679 pen-

587 3702 703 3741 nae
732 3686 921 3763 galeas
954 3704 1157 3743 eorum
1184 3686 1614 3765 insigniebant“
1631 3704 1648 3743 ι
1691 3686 1991 3765 ingeniose
2021 3682 2280 3767 quidem.
2363 3683 2461 3743 Ad
2477 3685 2728 3744 verbum
2755 3694 2852 3743 ta-
2950 3696 2951 3765 1

586 3788 727 3827 men
772 3781 951 3829 esset:
998 3770 1047 3829 0
1078 3768 1293 3852 Cinyra
1322 3782 1380 3829 et
1408 3772 1648 3851 Cupavo
1668 3816 1684 3845 ,
1729 3788 1973 3831 carmen
2001 3780 2265 3829 vestrum
2294 3780 2426 3829 erat
2445 3788 2620 3829 amor·
2657 3782 2716 3829 et
2743 3772 2850 3827 in-

588 3856 764 3934 signe
789 3855 1041 3937 firmae
1072 3868 1387 3935 paternae.
1472 3858 1908 3936 Argumentum
1947 3856 2094 3916 adeo
2139 3868 2340 3915 cantus
2381 3856 2578 3916 bellici
2623 3866 2750 3914 erat
2773 3856 2850 3915 iis

583 3944 761 4021 patrIs
791 3959 957 4001 amor
982 3942 1045 4000 in
1073 3962 1326 4023 puerum
1355 3951 1413 4002 et
1450 3945 1698 4001 mutatio
1727 3946 1790 4001 in
1820 3944 2043 4002 olorem
2071 3964 2147 4001 ex
2173 3944 2352 4022 longo
2391 3944 2556 4003 luctu
2584 3944 2648 4000 in
2675 3944 2850 4023 pueri

475 4038 481 4053 ·
582 4038 1263 4107 morte3arg1unentum
1291 4030 1514 4109 agmini
1539 4030 1776 4088 militari
1799 4048 1923 4089 non
1951 4028 2122 4089 valde
2151 4038 2630 4089 consentaneum.
2711 4028 2852 4085 Ex·—

579 4114 889 4217 peotabam
926 4114 1078 4173 faeta
1119 4126 1353 4195 patrum
1390 4126 1447 4173 et
1472 4114 1694 4175 laudes.
1781 4112 1864 4193 („
1868 4116 1936 4175 Si
1961 4134 2100 4175 cum
2142 4113 2250 4173 eh.
2284 4115 2462 4174 conr.
2493 4114 2850 4196 Sprengeiio

582 4202 647 4258 in
688 4200 917 4275 libello,
962 4200 1088 4283 qui
1080 4200 1365 4259 Beroiini
1411 4219 1464 4259 a.
1503 4203 1686 4267 1815.
1729 4200 1979 4282 prodiit,
2039 4200 2270 4277 „Neue
2303 4200 2509 4259 ffiitik
2539 4201 2650 4259 der
2677 4198 2850 4257 clas—

580 4285 818 4347 eisehen
856 4286 1070 4350 Roem.
1093 4285 1395 4345 Dichter·
1376 4289 1668 4367 inscripto,
1696 4308 1760 4367 p.
1794 4290 1916 4353 139
1944 4306 2094 4370 sqq„
2122 4304 2357 4346 versum
2391 4288 2550 4353 189.
2565 4284 2640 4346 ad
2667 4304 2850 4367 prae-

579 4372 889 4435 cedentem
916 4372 1129 4434 referas
1157 4382 1217 4433 et
1240 4372 1487 4433 scribas:
1541 4372 1780 4461 Crimen
1795 4415 1825 4447 ,
1867 4371 2068 4432 Amor
2080 4414 2110 4444 ,
2153 4382 2417 4433 vestrum
2429 4415 2458 4445 ,
2499 4374 2544 4433 i.
2589 4394 2644 4431 e.
2689 4390 2850 4455 quae
