3009 5050
734 396 1860 474 ADLIBRUMx
2293 409 2456 514 573·

192 600 379 662 stans,
420 587 485 646 in
524 588 873 648 memoriam
899 588 1075 668 patris
1088 632 1106 663 ,
1151 589 1255 670 qui
1282 585 1565 648 desiderio
1593 585 1969 650 Phaethontis
1999 593 2178 650 amati
2219 593 2446 674 sibique

195 677 381 754 erepti
407 677 469 732 in
498 675 722 733 olorem
751 685 873 732 erat
898 685 1173 734 mutatus.
1258 675 1458 733 Potuit
1486 675 1680 732 fabula
1723 695 1844 734 esse
1867 677 2068 735 Italiae
2097 674 2443 754 domestica3

195 763 455 820 evenisse
496 771 696 818 tamen
740 769 1006 839 apparet,
1051 771 1117 818 ut
1158 780 1235 818 ex
1278 761 1514 820 Oriente
1560 761 1817 820 fabulam
1865 762 1938 820 de
1965 760 2332 822 Phaethonte
2385 775 2444 824 et

196 849 413 926 Cinyra
458 843 655 923 (conf.
699 844 973 926 Apollod.
1014 848 1117 920 111,
1164 847 1265 920 14,
1307 851 1366 919 3,
1397 857 1455 904 et
1482 848 1693 905 Notata
1721 847 1796 906 ad
1825 867 1878 906 e.
1911 849 2004 926 1.‚)
2047 851 2112 906 in
2139 851 2444 927 Liguriam

192 931 561 992 traducerent
601 931 903 1006 homines;
974 934 1079 990 etsi
1120 933 1408 1010 Ligurum
1452 930 1708 990 diversus
1751 934 1924 1011 plane
1967 944 2052 992 est
2093 935 2324 1014 Cycnus
2381 947 2442 995 et

192 1015 523 1076 Phaethon.
611 1019 679 1076 Si
704 1016 1015 1076 Phanoclis
1044 1018 1225 1096 elegi,
1260 1012 1557 1096 Ἔρωτες,
1607 1028 1968 1098 superessent
2011 1017 2112 1100 (de
2141 1021 2350 1100 quibus
2378 1042 2440 1080 v.

194 1106 395 1163 Heius.
428 1114 485 1162 et
524 1105 847 1162 Burmann.
890 1101 967 1161 ad
997 1101 1165 1161 Ovid.
1195 1103 1337 1162 Met.
1365 1104 1443 1176 X,
1476 1105 1580 1177 83,
1625 1113 1682 1160 et
1723 1101 2041 1163 Ruhnken.
2081 1107 2195 1184 ΕΡ.
2225 1108 2351 1164 crit.
2375 1127 2440 1186 p.

194 1192 400 1269 299),
440 1191 648 1248 melius
686 1189 837 1249 forte
879 1187 955 1248 de
995 1189 1190 1246 fabula
1236 1196 1560 1246 constaret·
1546 1231 1564 1262 ,
1605 1208 1759 1249 nam
1789 1208 1868 1246 ex
1907 1190 2010 1246 illo
2041 1187 2279 1248 ductam
2307 1210 2442 1250 eam

194 1294 346 1350 esse,
389 1294 423 1334 a
448 1277 749 1342 Lactantio
776 1274 1041 1355 proditur
1067 1277 1129 1332 in
1158 1277 1381 1332 Narrat.
1408 1273 1567 1332 fabb.
1595 1275 1670 1348 11,
1697 1273 1762 1336 4.
1845 1277 1934 1332 De
1963 1275 2162 1354 Cycno
2204 1278 2268 1332 in
2309 1277 2442 1335 olo-

192 1381 317 1418 rem
346 1371 570 1420 mutato
596 1361 793 1420 fabula
818 1381 923 1442 per
951 1379 1011 1418 se
1042 1371 1127 1418 est
1152 1361 1544 1438 vulgatissima
1560 1403 1577 1434 ,
1621 1361 1930 1418 coniuncta
1969 1361 2069 1418 illa
2097 1380 2234 1419 cum
2260 1362 2440 1420 altera

192 1445 268 1506 de
297 1443 672 1506 Phaethontis
693 1465 861 1520 casu,
891 1448 1011 1502 iam
1038 1443 1175 1504 inde
1216 1447 1289 1504 ab
1320 1445 1572 1504 Hesiodo
1601 1465 1695 1525 ap.
1725 1447 2027 1525 Hyginum
2060 1446 2200 1511 154.
2253 1447 2440 1506 Multa

192 1543 391 1590 autem
430 1535 493 1590 in
540 1552 610 1591 ea
656 1532 859 1590 tradita
902 1531 1105 1604 fuisse,
1152 1530 1225 1589 de
1272 1532 1481 1612 quibus
1524 1551 1684 1590 nunc
1711 1550 1920 1611 parum
1949 1542 2197 1607 constat,
2237 1535 2328 1596 uti
2362 1553 2440 1592 ex

190 1617 416 1677 adiecta
462 1616 573 1677 hac
617 1619 829 1677 amoris
869 1619 1291 1676 memoratione
1306 1661 1323 1691 ,
1381 1620 1461 1676 ita
1503 1619 1680 1676 etiam
1735 1637 1810 1676 ex
1865 1614 2196 1698 anaglypho
2253 1617 2438 1678 discas

188 1703 349 1782 apud
387 1702 841 1762 Winkelmann.
885 1704 1171 1764 Menum.
1213 1702 1373 1761 ined.
1414 1724 1477 1762 ιι.
1521 1703 1626 1778 43,
1655 1704 1758 1761 ubi
1781 1705 1846 1761 in
1886 1723 1958 1762 eo
1987 1715 2330 1782 argumento
2360 1723 2438 1765 ex

186 1788 549 1870 sarcophago
596 1790 767 1848 villae
810 1785 1161 1867 Borghesiae
1190 1808 1457 1867 expresso
1487 1808 1525 1846 a
1552 1797 1716 1867 tergo
1748 1789 1936 1869 Cygni
1965 1788 2296 1848 adolescens
2321 1800 2434 1849 stat

184 1875 463 1934 testudini
490 1879 773 1935 insistens.
845 1877 962 1932 Pro
992 1875 1305 1954 Cupavone
1334 1895 1473 1932 eum
1499 1874 1750 1933 habebat
1775 1873 2130 1949 Winkelm„
2171 1874 2273 1935 sed
2309 1877 2435 1934 sola

183 1963 517 2020 coniectura
544 1964 737 2020 nixus.
820 1961 901 2020 Ut
928 1979 1087 2018 nunc
1114 1961 1275 2018 locus
1313 1971 1512 2018 noster
1537 1980 1600 2018 se
1643 1957 1848 2035 habet,
1888 1961 2294 2042 obscuritatem
2320 1960 2434 2021 ha-

182 2047 323 2106 bet:
376 2047 601 2126 Cinyra
616 2092 633 2122 ,
676 2057 735 2104 et
761 2045 869 2121 (ita
898 2047 1040 2104 olim
1069 2044 1552 2124 distinguebatur)
1575 2049 1797 2122 pauci-s
1831 2049 2106 2104 comitate
2153 2046 2430 2124 Cupauo,

190 2133 435 2190 Crimen
464 2153 639 2191 amor
662 2143 957 2206 vestrum,
979 2131 1345 2210 foemaeque
1374 2133 1614 2212 imigne
1627 2143 1925 2210 paternae
1944 2155 1963 2190 .·
2003 2143 2070 2191 ut
2099 2133 2294 2216 aliquo
2313 2134 2431 2191 sal-

176 2229 307 2276 tem
343 2218 523 2290 modo
568 2217 910 2298 expediatur
947 2216 1127 2276 illud:
1182 2218 1421 2276 Crimen
1468 2237 1644 2276 amor
1681 2228 1944 2276 vestrum
1955 2240 1982 2291 ,·
2040 2229 2292 2276 statuere
2318 2239 2432 2277 ne-

176 2323 343 2363 cesse
370 2323 491 2362 esse
530 2303 867 2376 videbatur,
914 2303 1189 2384 Cinyram
1236 2314 1293 2362 et
1322 2305 1702 2382 Cupavonem
1729 2306 1886 2383 turpi
1911 2322 1974 2362 se
2003 2322 2206 2369 amore.
2227 2323 2431 2384 prose-

177 2399 397 2470 quutos
427 2408 580 2449 esset
637 2409 755 2470 quo
802 2386 1015 2446 ducere
1056 2387 1285 2449 videtur
1325 2407 1455 2448 voc.
1502 2398 1786 2444 vestrum.
1878 2389 2024 2447 Mox
2065 2399 2264 2446 tamen
2304 2409 2428 2447 non

176 2476 299 2549 illi,
342 2471 446 2533 sed
487 2470 797 2533 Phaethon
840 2484 1063 2533 amatus
1104 2472 1288 2531 fertur
1328 2493 1363 2531 a
1406 2473 1629 2552 Cycno.
1713 2475 1940 2532 Dixeris
1985 2483 2298 2556 utrumqne
2327 2476 2432 2533 ci·-

176 2578 399 2641 nyram
434 2570 493 2617 et
536 2560 915 2640 Cupavonem
956 2559 1127 2616 fuisse
1164 2558 1313 2615 filios
1364 2559 1584 2638 Cycni:
1640 2560 1826 2639 iisque
1849 2560 2046 2617 labem
2085 2559 2430 2641 adspergere

176 2646 491 2705 infamiam
530 2648 707 2725 patris
729 2688 746 2719 ,
794 2644 955 2702 cuius
996 2644 1225 2721 insigne
1264 2646 1379 2701 sint
1419 2662 1650 2722 pennae
1676 2644 1740 2699 in
1769 2644 1935 2723 galea
1963 2644 2254 2705 olorinae:
2298 2657 2428 2705 tum

178 2750 327 2793 vero
370 2730 548 2789 cuius<
584 2742 645 2789 et
687 2738 950 2787 vestrum
987 2748 1111 2785 non
1148 2728 1300 2785 bene
1334 2727 1718 2807 respondent3
1783 2730 1896 2786 nisi
1932 2739 2168 2807 poetam
2196 2751 2430 2791 censeas

174 2836 291 2899 pro
322 2836 613 2895 quorum,
668 2817 991 2873 orationem
1016 2815 1317 2876 retraxisse
1342 2815 1571 2894 poetica
1595 2814 1828 2871 licentia
1855 2812 1930 2871 ad
1959 2815 2244 2889 alterum,
2306 2816 2430 2874 Cn-

175 2921 507 2983 pavonem,
550 2912 608 2960 et
658 2900 903 2974 dixisse,
949 2900 1164 2971 cuizoe5
1216 2910 1316 2957 aut
1350 2918 1538 2957 unum
1580 2907 1810 2957 tantum
1839 2899 2222 2979 Cupavonem
2251 2900 2426 2959 fuisse

174 2990 373 3049 filimn
415 2988 631 3068 Cycni·
614 3030 633 3063 ,
673 2996 805 3045 tum
848 2988 1061 3043 iterum
1100 2982 1303 3043 haeres
1340 2988 1405 3044 in
1440 2994 1744 3057 vestran&
1801 3003 1912 3044 nec
1955 2986 2092 3044 licet
2117 2987 2426 3061 coniicere,

175 3077 463 3155 scriptum
489 3074 695 3131 fuisse.
742 3072 967 3129 crimen
994 3090 1167 3128 amor
1200 3071 1470 3129 vetitum.
1555 3070 1722 3128 Alius
1779 3068 1992 3130 dixerit
2030 3032 2438 3131 sustinendanio

178 3180 305 3220 esse
334 3160 870 3240 pronuntiationem
895 3166 1027 3237 post
1062 3156 1325 3235 Civra·
1306 3199 1319 3214 .
1370 3156 1520 3215 Non
1544 3176 1652 3237 ego
1673 3166 1731 3213 te
1769 3158 2134 3215 flander-im
2159 3158 2426 3236 Cinyra·
2399 3203 2420 3231 ,

180 3256 241 3303 et
298 3246 443 3325 (pro
480 3244 591 3303 n'ec
631 3246 729 3323 te)
763 3245 989 3322 paucis
1015 3245 1291 3300 comitate
1325 3242 1606 3323 Cupauo,
1645 3241 1852 3301 Cuius.
1943 3244 2066 3302 Aut
2093 3244 2426 3323 accipienda

182 3342 245 3390 et
272 3330 577 3390 scribenda
607 3348 761 3389 esse:
843 3330 1066 3407 Cinyra
1092 3338 1151 3385 et
1161 3330 1387 3407 paucis
1414 3330 1691 3387 comitate
1740 3326 2028 3406 Cupauo,
2075 3340 2144 3389 ut
2186 3332 2424 3409 Cupavo

182 3418 461 3498 Cinyram
505 3424 563 3475 et
599 3434 815 3496 paucos
856 3416 1096 3475 comites
1124 3412 1409 3476 habuerit.
1462 3434 1586 3473 non
1616 3434 1726 3493 ego
1753 3422 1813 3473 te
1841 3416 2190 3491 transierim,
2233 3435 2270 3475 o
2302 3416 2426 3474 Cu-

180 3523 332 3583 pavo
366 3504 638 3562 comitate
668 3503 881 3605 Cinyra
910 3512 969 3561 et
992 3502 1227 3580 paucis:
1271 3502 1497 3558 crbnen
1536 3520 1710 3558 amor
1747 3510 2008 3559 vestrum
2021 3542 2050 3573 ,
2101 3511 2168 3560 ut
2213 3512 2273 3561 et
2314 3503 2424 3582 ipsi

182 3588 399 3647 fuerint
441 3590 587 3647 alter
628 3582 917 3668 income,
982 3587 1221 3667 Cinyras
1248 3582 1285 3651 ὖ
1312 3580 1628 3666 ἐρόμενος.
1715 3587 1878 3645 Bene
1924 3583 2040 3645 hoc
2065 3585 2422 3666 procederet,

180 3676 294 3733 nisi
322 3674 615 3733 adiectum
643 3682 819 3731 esset:
871 3670 1229 3751 [br-maeque
1270 3672 1510 3749 insigne
1537 3681 1870 3749 paternae.-
1932 3670 2091 3753 quod
2133 3672 2208 3732 ad
2235 3692 2425 3733 unum

180 3760 566 3839 Cupavonem
592 3760 793 3817 referri
819 3767 1041 3836 potest3
1084 3759 1195 3815 nisi
1222 3756 1448 3835 placeat
1490 3776 1770 3816 asserere.
1839 3768 2098 3817 extrema
2123 3757 2270 3819 haec
2301 3780 2424 3820 esse

180 3842 417 3903 aliunde
446 3855 665 3919 assuta,
708 3855 767 3902 et
792 3844 967 3902 fnisse
994 3851 1222 3900 tantum
1252 3860 1286 3899 a
1312 3844 1556 3901 Marone
1581 3845 1740 3923 prius
1765 3831 2232 3904 hemistichium.
2285 3846 2423 3905 Cri-

180 3952 321 3989 men
352 3948 527 3987 amor
568 3940 849 3989 vestrum.
942 3927 1269 3987 Fatendum
1304 3937 1505 3985 tamen
1546 3929 1644 3987 vel
1678 3931 1758 3987 sic
1792 3938 1914 3989 toto
1957 3940 2190 3989 extruso
2215 3951 2420 3993 versu:

188 4016 433 4075 &lmen
477 4034 653 4072 antor
679 4024 968 4085 vestrum,
996 4016 1218 4096 reliqua
1246 4013 1516 4093 expedita
1543 4034 1692 4090 esse3
1743 4014 1991 4092 Cupauo
2037 4018 2267 4075 cristam
2310 4017 2423 4079 ha-

179 4103 279 4160 bet
325 4122 402 4159 ex
440 4102 664 4202 pennis·
687 4100 920 4160 olorinis
963 4102 1175 4165 v-187
1218 4100 1281 4158 in
1322 4102 1669 4162 memoriam
1695 4103 1868 4179 patrIs
1899 4101 2126 4182 Cycni·
2107 4122 2170 4161 ιιι
2200 4104 2424 4163 olorem

174 4187 391 4246 mutati
419 4206 495 4244 ex
522 4188 705 4245 nimio
732 4187 895 4247 luctu
924 4184 997 4245 de
1027 4182 1433 4261 Phaethontis,
1478 4204 1656 4268 quem
1685 4197 2010 4263 amaverat,
2053 4206 2209 4247 casu.

177 4292 329 4351 gnus
358 4270 515 4352 apud
542 4270 821 4331 ovidium
846 4274 889 4332 l.
932 4292 985 4330 c.
1015 4270 1313 4331 Sthenelei
1340 4272 1503 4349 (non
1535 4272 1796 4351 Steneli)
1841 4272 1992 4331 filins
2008 4315 2025 4346 ,
2068 4269 2422 4330 Phaethonti

176 4368 445 4417 materno
474 4378 519 4417 a
540 4359 841 4437 sanguine
864 4360 1146 4445 iunctm,
1198 4366 1391 4415 mente
1431 4368 1634 4416 tasnen
1680 4358 1934 4436 propior
1981 4356 2197 4415 diem-s.
2266 4356 2424 4413 inter
