3009 5050
591 493 1204 570 AENEIDOS
1257 497 1476 574 LIB.
1527 499 1697 594 vn,
1754 509 2183 582 115—-125

246 679 689 776 ContinuO,
748 679 975 757 Salve
1005 677 1182 758 satis
1211 682 1410 758 mihi
1460 682 1725 760 debita
1769 684 2069 785 Tellus,

2396 519 2489 588 21

2345 703 2493 774 120

242 785 610 882 Vosque,
667 782 808 881 ait,
864 807 914 858 o
955 781 1100 860 fidi
1138 788 1426 864 Troiae
1456 787 1750 865 salvete
1776 793 2130 872 Penates,

243 887 390 962 Hic
445 885 775 982 domus,
842 885 1042 963 haec
1092 891 1344 989 patria
1413 903 1551 970 est.

239 1096 472 1169 Nunc
505 1042 830 1194 repetO,
886 1091 1268 1170 Anchises
1292 1093 1372 1172 sa

1670 895 2008 970 Genitor
2054 896 2257 974 mihi
2308 897 2493 976 talia

1402 1018 1778 1096 namque,

1373 1108 1647 1193 torum
1680 1122 1956 1175 arcana
1988 1099 2351 1204 reliquit:

241 1197 517 1288 Quum
551 1207 670 1290 te,
721 1207 943 1292 nate,
995 1195 1250 1274 fames
1281 1199 1547 1296 ignota
1576 1201 1674 1278 ad
1704 1200 1937 1278 litora
1967 1216 2291 1282 vectum

239 1295 544 1374 Adcisis
580 1313 812 1398 coget
841 1299 1176 1400 dapibus
1217 1325 1694 1384 consumere
1728 1329 2078 1387 mensas:

347 1446 515 1515 122.
569 1459 839 1537 Tum,
889 1459 1217 1530 NAMQUE
1245 1445 1336 1519 N.

2343 1320 2486 1389 125

383 1627 488 1682 122
518 1627 610 1680 hie
637 1645 696 1699 p.
725 1641 928 1700 nepteni
959 1631 1100 1702 apud
1123 1634 1298 1686 Burin.
1333 1651 1450 1686 cnm
1472 1633 1637 1686 Goth.
1674 1651 1781 1686 aec.
1824 1599 1907 1702 (et
1938 1635 1990 1690 5.
2030 1635 2177 1704 Wr.)
2246 1648 2302 1689 σε
2326 1635 2489 1690 Goth.

239 1714 322 1762 pr.
391 1709 476 1747 ese
513 1697 663 1750 deest
688 1700 820 1752 Veu.
865 1712 922 1752 et.
957 1699 1118 1754 Goth.
1153 1712 1277 1754 tert.
1349 1703 1571 1768 (Mutavi
1613 1701 2085 1774 interpunctionem
2133 1723 2331 1758 comma
2368 1716 2493 1775 post

238 1783 473 1832 namque
499 1768 746 1834 ponendo
763 1808 778 1832 ,
813 1787 916 1838 quo
947 1781 1002 1822 et
1028 1773 1231 1822 numeri
1259 1771 1390 1822 fiunt
1420 1771 1677 1840 gratiores
1695 1811 1710 1835 ‚
1746 1783 1803 1824 et
1833 1774 2005 1826 oratio
2029 1775 2201 1856 aptius
2228 1775 2489 1844 iungiturs

236 1851 546 1904 quamquam
568 1855 682 1891 non
721 1838 909 1908 ignoro
929 1877 946 1904 ,
995 1859 1230 1910 namque
1267 1841 1525 1894 interdum
1565 1842 1763 1893 servire

235 1921 359 1956 raro
394 1903 588 1958 incidia
615 1907 842 1976 Virgilio
873 1919 994 1960 aute
1026 1920 1224 1962 sextam
1249 1911 1446 1962 aedem.
1528 1915 1703 1993 Atque
1724 1911 1781 1964 in

1810 1844 2145 1964 parenthesi,
2202 1861 2371 1913 neque
2410 1845 2491 1896 ita

1848 1929 1913 1964 ne
1948 1913 2155 1966 demum
2190 1931 2371 1967 versu·
2398 1931 2489 1966 m-

237 1973 429 2044 qiditur
457 1975 612 2027 etiam
644 1976 702 2028 in
733 1979 990 2030 Mediceo.
1059 1979 1202 2031 Nam
1241 1998 1310 2032 ue
1337 1979 1513 2032 autem
1544 1998 1632 2033 um
1659 1980 1745 2032 vel
1771 1981 2006 2048 pluribus
2036 1981 2211 2034 verbis
2240 1981 2493 2052 postponi

235 2062 268 2094 a
309 2043 572 2113 Virgilio,
615 2045 836 2098 vidimus
869 2047 924 2099 in
961 2051 1028 2100 V.
1059 2049 1121 2101 L.
1149 2067 1182 2100 a
1259 2051 1355 2102 Ge.
1382 2052 1423 2114 1,
1460 2047 1605 2112 1423
1652 2049 1957 2120 pariterque
1990 2050 2044 2102 in
2076 2061 2309 2104 extremo
2333 2069 2489 2106 versu

234 2113 549 2165 collocatum
581 2116 843 2186 reperitur
871 2119 937 2182 V,
971 2117 1119 2174 7332
1175 2117 1338 2182 „Non
1363 2137 1447 2172 me
1474 2121 1619 2190 inpia
1654 2136 1941 2190 namque
1976 2123 2199 2174 Tartara
2237 2121 2489 2175 habent.“

241 2183 386 2250 Wr.)
529 2184 634 2238 12ss
653 2185 706 2255 f
742 2205 794 2240 a.
829 2186 1060 2238 canebat
1091 2187 1334 2242 Parrhas-

1489 2189 1589 2244 125
1622 2188 1830 2242 servius
1868 2189 2279 2260 interpretatur,
2338 2189 2491 2260 quasi

231 2252 454 2321 legerit:
505 2256 724 2308 ancisis.
792 2255 1041 2310 Ambos-is
1081 2255 1284 2326 aliquot
1313 2257 1451 2312 Pier-
1479 2277 1541 2311 ex
1569 2258 1664 2311 lib.
1690 2260 1777 2322 111,
1810 2257 1931 2323 257,
1967 2270 2027 2310 nt
2050 2260 2229 2312 Heius.
2268 2259 2492 2316 monuit-

231 2325 531 2392 assumpu'c
558 2323 732 2392 Bigot.
801 2327 1046 2379 accensio
1081 2325 1218 2384 Gnd.
1241 2345 1272 2380 a
1299 2345 1366 2382 m.
1395 2347 1478 2396 pr.
1548 2330 1781 2382 accessio
1822 2327 1985 2382 Goth.
2014 2347 2121 2387 aec.

231 2466 461 2524 exitum
501 2462 738 2526 habent.
828 2465 1074 2543 (Prima
1090 2471 1324 2547 ——prb-

231 2570 400 2609 mam
413 2594 437 2621 ,
477 2550 550 2609 de
575 2554 678 2609 illo
704 2552 825 2611 vid.
855 2555 924 2624 Ω.
952 2556 1024 2613 V.
1053 2556 1322 2631 XXVIII,

234 2636 316 2709 5.,
364 2636 437 2693 de
478 2634 592 2693 hoc
631 2638 705 2694 V.
759 2640 830 2695 L.
889 2638 964 2696 ad
1017 2640 1116 2715 VI,
1173 2644 1320 2705 811.

242 2720 420 2798 Wr.)
513 2720 758 2795 Eripuit
797 2724 1132 2800 simpliciter
1162 2722 1320 2800 dicti,

233 2805 397 2887 quod
424 2806 653 2862 Aeneas
681 2805 910 2863 subiicit
925 2850 940 2879 ,
969 2808 1320 2867 celeritatem

233 2886 522 2963 declar-an
566 2910 644 2947 ac
663 2892 924 2968 pressit,
967 2910 1176 2961 vocem
1194 2894 1320 2988 ῥε-

231 2980 384 3035 canii
425 2978 726 3056 repressit,
772 2996 1025 3057 eumque
1065 2978 1320 3065 loquen-

229 3074 353 3121 tem
377 3063 784 3142 interpellavit.
811 3062 982 3139 (falsa
1010 3061 1154 3123 haec
1176 3085 1317 3140 esse,

231 3148 641 3223 declarabunt,
703 3168 854 3229 quae
895 3151 1096 3229 scripsi
1136 3152 1200 3209 iu
1243 3152 1316 3210 V.

227 3238 300 3293 L.
364 3233 543 3312 W.)
630 3234 1006 3313 stupefactus
1041 3238 1316 3307 numine,

229 3318 294 3379 h.
324 3321 558 3379 oraculo
571 3364 588 3395 ,
629 3331 700 3377 ut
725 3322 848 3377 iam
874 3321 1011 3378 alias
1041 3317 1314 3381 vidimus.

233 3408 349 3480 (De
373 3409 634 3463 numeris
661 3426 746 3463 vs.
783 3409 924 3469 119.
965 3404 1086 3465 vid.
1132 3407 1202 3478 Q.
1241 3408 1314 3467 V.

229 3493 479 3567 XXXV,
513 3496 615 3556 16.
671 3490 852 3569 Wr.)
943 3496 1083 3557 121.
1129 3493 1318 3567 ofidi

243 3578 457 3635 Dvc'ae
496 3575 722 3635 salvete
783 3578 1061 3635 Penates.
1153 3580 1314 3639 Haec

227 3674 508 3743 perpetua
543 3662 780 3719 Aeneae
820 3662 1024 3741 religio
1041 3708 1057 3737 ,
1083 3674 1168 3721 ‘ut
1195 3665 1316 3722 Pe·-

226 3758 390 3807 nates
415 3750 608 3829 primo
636 3748 767 3806 loco
813 3748 1081 3827 appellet.
1163 3750 1317 3808 Pro-

227 3834 504 3892 miserant
534 3843 734 3893 tamen
761 3845 820 3892 et
846 3834 963 3907 ini,
1005 3832 1166 3892 unde
1186 3834 1320 3909 fidi

226 3920 475 3978 Penates
493 3964 508 3994 ,
553 3940 658 3999 per
699 3938 974 3977 somnum
991 3964 1009 3995 ,
1051 3920 1316 3979 Aeneam

227 4007 458 4065 Italiam
502 4026 624 4063 esse
665 4004 993 4080 aditui-mn,
1061 4006 1166 4065 lib.
1213 4008 1314 4081 m,

233 4088 378 4155 147.
421 4095 564 4155 162.
612 4095 732 4156 167
777 4090 926 4147 Hae
959 4088 1130 4148 nobis
1161 4112 1316 4169 pro-

223 4178 402 4254 priae
423 4174 590 4233 sedes
602 4198 630 4249 ,-
671 4176 816 4233 hine
851 4174 1192 4234 Dardanas
1213 4198 1314 4235 or-

229 4272 330 4319 ma
379 4272 526 4336 etc.,
599 4261 760 4320 unde
814 4282 973 4320 nunc
1031 4280 1092 4319 v.
1155 4266 1310 4327 122:

226 4348 410 4405 Haeo
447 4349 662 4407 domu-5
677 4390 702 4418 ,
759 4346 910 4405 haec
955 4348 1172 4424 patria
1227 4358 1318 4405 est

223 4444 414 4493 vestra
429 4476 448 4506 ,
505 4432 664 4493 unde
707 4434 850 4491 olim
893 4431 1138 4491 Troiam
1182 4434 1314 4491 estis

223 4518 472 4579 advecti.
583 4518 833 4575 Genitor
907 4514 1063 4575 mihi
1131 4516 1305 4573 talia.

1405 2471 1618 2531 Tribui
1642 2467 1705 2531 h.
1742 2470 1784 2530 l.
1827 2467 2115 2531 Anchisae
2150 2468 2491 2531 vaticinium

1403 2578 1579 2637 supra
1638 2576 1673 2615 a
1746 2558 2030 2632 Celaeno,
2101 2558 2489 2637 Harpyiarum

1402 2662 1557 2718 una,
1598 2654 1905 2722 acceptum
1954 2644 2081 2719 (111,
2125 2642 2249 2708 255
2295 2642 2488 2723 seqq.)

1403 2747 1551 2787 mox
1578 2729 1650 2785 ab
1678 2728 1903 2785 Heleno
1926 2728 2337 2787 confirmatum
2358 2728 2489 2803 (lib.

1403 2812 1504 2885 111,
1546 2810 1699 2887 394)
1744 2831 1948 2871 omnes
1987 2816 2182 2893 Intpp.
2224 2823 2491 2871 monent.

1402 2896 1530 2953 Etsi
1555 2906 1791 2973 poetam
1816 2900 2021 2954 malim
2056 2898 2165 2955 sibi
2207 2906 2488 2971 constare,

1400 2989 1601 3039 tamen
1646 2982 1805 3039 varia
1860 2980 1937 3039 ad
1988 2978 2491 3061 interpretandum

1401 3076 1462 3125 et
1514 3064 1915 3124 excusandum
1967 3064 2159 3123 afferri
2212 3077 2485 3145 possunt:

1401 3150 1694 3209 Anchisae
1739 3153 1981 3209 omnino
2042 3160 2232 3231 partes
2280 3152 2489 3211 vatici-

1397 3239 1637 3295 niorum
1672 3236 2239 3318 interpretandarum
2277 3234 2491 3297 dantur

1401 3342 1434 3380 a
1478 3333 1655 3402 poeta
1700 3333 1759 3380 et
1803 3323 1876 3381 ab
1916 3324 2039 3381 aliis
2095 3320 2199 3397 (cf.
2239 3324 2489 3383 Excurs-

1397 3410 1566 3466 XVII
1594 3406 1669 3465 ad
1694 3408 1797 3467 lib.
1826 3410 1900 3483 11,
1931 3428 1993 3487 p.
2032 3412 2179 3472 321.
2232 3408 2310 3466 cf.
2352 3410 2491 3467 Dis-

1398 3496 1547 3575 quis.
1574 3496 1648 3567 11,
1691 3514 1739 3552 s.
1787 3498 1828 3558 6
1869 3494 2019 3575 πως
2062 3495 2240 3571 igitur
2278 3494 2328 3551 is
2372 3495 2489 3553 Ce-

1397 3579 1599 3637 laenus
1630 3598 1866 3661 quoque
1880 3580 2059 3638 verba
2086 3576 2349 3637 disertius
2377 3599 2488 3638 ex-

1398 3667 1595 3743 posuit
1620 3675 1679 3723 et
1704 3684 1876 3744 saepe
1903 3666 1971 3723 in
2000 3683 2100 3722 ore
2142 3660 2346 3724 habuit
2392 3675 2485 3724 at-

1401 3770 1519 3831 que
1546 3748 1624 3808 ad
1666 3752 1929 3807 animum
1972 3751 2285 3808 revocavit.
2366 3750 2487 3809 Alii

1400 3834 1476 3893 ad
1518 3855 1587 3893 ea
1628 3836 1841 3893 referre
1880 3836 2088 3894 volunt
2102 3878 2121 3911 ,
2165 3854 2317 3917 quae
2354 3836 2486 3895 An·-

1399 3918 1599 3979 chiseu
1630 3918 1939 3995 [Anchises
1952 3916 2011 3996 Ρ]
2041 3928 2251 3977 natum
2286 3922 2352 3979 in
2391 3922 2487 3980 lo-

1399 4008 1480 4064 cis
1520 4006 1718 4065 inferis
1772 4004 1986 4065 docent
2045 4003 2245 4081 [docet
2262 4000 2323 4083 ?]
2381 4007 2485 4065 lib.

1395 4092 1496 4165 VI,
1559 4094 1707 4156 891.
1764 4094 1911 4157 892.
1978 4094 2127 4155 898.
2210 4092 2487 4172 Sequitur

1396 4174 1513 4235 hoc
1544 4178 1814 4235 Ouwens.
1840 4178 2013 4234 Noct.
2054 4178 2209 4255 Hag.
2249 4197 2309 4256 p.
2354 4178 2485 4239 626

1395 4281 1521 4405 {33
1561 4261 2287 4426 ᾱῖηιῗέζὲωῗὲἓιέῒ
2312 4278 2487 4423 ,8323

1395 4431 1663 4491 secundis
1681 4432 1833 4490 curis
1850 4432 2183 4505 intexuisse,
2212 4439 2271 4487 et
2294 4440 2487 4489 morte

1395 4527 1781 4595 praeventum
1810 4516 2033 4595 reliqua
2070 4532 2193 4571 non
2230 4516 2485 4594 potuisse
