3009 5050
626 401 1229 481 AENEmos
1280 402 1489 482 Lm.
1521 404 1693 503 ΧΗ,
1745 411 2178 487 233-244

278 594 453 669 Iam
520 592 767 689 magis
845 602 1082 692 atque
1144 590 1429 688 magis3
1526 592 1932 692 serpitque
2007 618 2156 694 per
2219 594 2530 692 agmina

167 882 172 885 ,
276 796 441 900 Ipsi
471 774 907 873 Isaurentes
932 795 1247 892 mutati,
1303 797 1613 898 ipsique
1646 798 1921 876 Latini.

1446 716 1834 773 murmur.

2381 806 2532 881 240

284 902 443 995 Qui
472 900 619 976 sibi
646 901 799 975 iam
830 901 1201 1001 requiem
1234 924 1550 1001 pugnae
1578 901 1818 976 rebus
1875 925 1980 977 ue
2011 899 2348 979 salutem

286 1004 759 1107 sperabant:
862 1028 1079 1079 nunc
1160 1028 1377 1081 arma
1442 1002 1771 1101 volunt,

1875 1002 2292 1106 oedusque
2357 1030 2534 1108 pre-

1450 1120 1728 1187 cantur
2179 1156 2186 1165 ·

282 1206 727 1307 Infectum‚
797 1223 877 1286 et
903 1172 1153 1285 Turni
1193 1221 1495 1286 sortem
1524 1211 1998 1285 miserantur
2025 1208 2404 1311 iniquam.

280 1316 423 1391 His
456 1312 670 1389 aliud
696 1315 949 1389 maius
987 1316 1315 1391 Iuturna
1348 1313 1732 1413 adiungit,
1789 1324 1870 1389 et
1911 1311 2074 1388 alto

422 1502 527 1557 239
589 1505 725 1555 Tum
776 1504 953 1575 magis
1000 1502 1137 1558 Gud.
1207 1504 1465 1571 (fortasse
1521 1522 1552 1557 e
1592 1522 1670 1557 vs.
1720 1506 1842 1561 218.
1897 1504 2042 1569 Wr.)
2128 1504 2283 1555 Tune
2334 1500 2536 1555 zulich.

284 1568 395 1627 240
420 1574 627 1625 mutari
650 1572 851 1627 anich.
922 1574 1092 1625 Totus
1126 1590 1304 1625 versus
1336 1573 1522 1627 aberat
1547 1594 1578 1627 a
1610 1575 1774 1627 Goth.
1811 1592 1893 1643 pr.
1964 1572 2120 1637 Quod
2152 1572 2221 1625 ad
2257 1573 2538 1641 interpun-

286 1640 517 1693 ctionem
546 1639 753 1707 attinet‚
789 1641 966 1695 nescio
1003 1660 1069 1695 an
1096 1642 1281 1695 melius
1306 1643 1677 1712 distinguatur:
1727 1645 1849 1717 Ipsi
1859 1644 2150 1715 —ipsique
2176 1643 2398 1704 Latini,
2435 1640 2542 1707 Qus'

284 1708 690 1781 ——sperabane,
724 1730 873 1764 nunc
906 1731 1062 1764 arma
1101 1712 1312 1765 volunt.
1350 1715 1493 1781 (Non
1529 1732 1743 1767 necesse
1770 1712 1978 1781 quidem
2001 1711 2218 1765 dixerim
2248 1711 2320 1763 ita
2345 1710 2540 1763 distin-

285 1778 405 1901 gub
440 1791 629 1844 tamen,
663 1798 795 1848 quae
818 1791 1135 1851 sequnntur,
1171 1782 1238 1833 de
1274 1782 1620 1835 Laurentibus
1663 1782 1970 1851 Latinisque
2013 1780 2146 1846 dici,
2231 1781 2337 1831 nod
2381 1779 2539 1833 etiam

340 1860 543 1902 onatnm
577 1850 803 1903 sensisse
834 1868 901 1903 ex
936 1851 1046 1904 eius
1080 1851 1285 1904 scholio
1326 1854 1688 1921 cognoscitur,
1731 1852 1865 1905 illud
1895 1850 2113 1904 maxime
2147 1850 2198 1901 vi
2237 1859 2353 1901 etur
2394 1849 2540 1902 indi-

290 1936 427 1983 care,
440 1919 595 1989 ‚quod
619 1937 681 1971 ea
710 1938 796 1971 res
826 1920 891 1973 ad
928 1918 1113 1972 horum
1138 1921 1464 1986 potissimum
1500 1922 1792 1975 salutem
1827 1921 2132 1988 spectabat3
2165 1918 2270 1971 vid.
2296 1918 2540 1983 vs.241.;

285 1998 399 2042 tum
433 2006 538 2043 non
574 1988 701 2041 satis
736 1999 883 2041 recte
924 1988 1055 2041 haec
1100 1990 1255 2043 etiam
1302 1991 1373 2042 ad
1412 1992 1636 2044 Rutulos
1679 1992 1876 2044 referas
1907 2002 2028 2060 post
2071 2007 2162 2055 ea,
2207 2006 2340 2055 quae
2380 2005 2543 2056 supra

283 2076 365 2113 vs.
396 2060 517 2113 218.
553 2076 666 2127 sqq.
700 2058 960 2127 leguntur.
1002 2060 1146 2120 Wr.)

1282 2056 1387 2115 241
1433 2064 1691 2144 Quisquis
1725 2064 1834 2114 iam
1871 2060 2105 2113 Parrhas-
2176 2062 2249 2109 Ee
2293 2056 2397 2111 sibi
2430 2062 2539 2109 iam

292 2145 398 2181 sec.
435 2128 691 2181 Rottend.
761 2132 853 2181 cui
879 2132 993 2181 fam
1032 2128 1181 2182 Leid.
1273 2127 1379 2184 242
1411 2150 1561 2183 nune
1593 2151 1701 2183 tam
1737 2150 1893 2184 arma
1920 2130 2056 2183 alter
2091 2127 2276 2180 Hamb.
2359 2126 2463 2183 243
2486 2138 2542 2181 ee

233 2236 247 2246 .
289 2198 478 2250 aberat
512 2198 645 2250 Ven-

716 2198 814 2265 (—
845 2196 967 2253 244.
1001 2211 1057 2250 σε
1082 2198 1150 2251 ab
1182 2199 1299 2251 aleo
1338 2202 1484 2252 Serv.
1515 2201 1722 2265 Dresd.,
1755 2201 1894 2253 unde
1916 2198 2171 2268 suspicari
2195 2196 2370 2259 liceat,
2404 2196 2540 2249 scri-

289 2268 463 2337 psisse
490 2264 775 2333 Virgilium
804 2268 1083 2339 adiungit:
1121 2266 1189 2319 ab
1216 2268 1367 2329 altu
1400 2278 1559 2337 atque
1588 2282 1644 2321 st
1669 2280 1760 2320 aut
1785 2287 1848 2321 ex
1873 2269 2052 2321 ultima
2082 2266 2374 2336 praegressi
2395 2266 2543 2320 verbi

291 2336 497 2403 syllaba
528 2345 734 2397 natum,
786 2345 878 2387 ant
914 2354 977 2386 ex
1016 2338 1136 2402 ipso
1172 2335 1379 2387 scholio
1414 2336 1617 2389 illatum
1655 2338 1824 2389 videri
1863 2338 2064 2406 possit,
2099 2354 2200 2404 qua
2240 2338 2307 2389 de
2349 2354 2406 2387 re
2433 2336 2542 2389 vid.

289 2406 360 2457 V.
392 2405 455 2455 L.
481 2403 550 2457 ad
576 2404 672 2454 Ge.
707 2404 795 2468 111,
828 2403 948 2457 254.
1016 2402 1123 2455 Sed
1149 2403 1333 2455 melius
1374 2406 1526 2457 abest
1573 2405 1928 2475 praepositio,
1978 2422 2134 2473 quum
2169 2404 2285 2473 ipsa
2335 2407 2544 2457 Iuturna

294 2470 351 2526 in
385 2471 545 2524 terris
579 2471 909 2536 constitet-iu
946 2488 1252 2543 quamquam
1284 2470 1429 2526 illam
1462 2474 1604 2538 tueri
1627 2476 1854 2528 fortasse
1881 2474 2040 2528 liceat
2069 2489 2130 2526 ex
2159 2474 2200 2540 1,
2233 2472 2352 2529 394.
2394 2476 2478 2528 W
2471 2473 2541 2544 r.)

290 2652 401 2716 pro
428 2632 519 2691 ad
540 2653 684 2692 aras
712 2631 935 2692 dictum
961 2633 1223 2711 accipere
1254 2651 1379 2690 non

292 2721 461 2794 licet,
522 2727 827 2800 propterea
878 2719 1137 2777 maxime
1155 2761 1172 2793 ,
1216 2716 1377 2798 quod

291 2805 408 2865 loci
424 2808 586 2863 notio
604 2806 762 2864 abest
782 2823 817 2862 a
834 2805 1010 2862 verbo
1029 2799 1376 2862 devovendi.

290 2892 497 2973 Itaque
523 2901 625 2948 aut
650 2901 883 2950 sextum
899 2910 1097 2948 casum
1118 2910 1237 2948 esse
1251 2891 1377 2946 ανὶε

294 2977 555 3037 dicemus
584 2988 641 3036 et
670 2979 917 3036 breviter
934 2977 1201 3035 locutum
1228 2995 1377 3055 poe-

292 3075 419 3124 tam
470 3061 587 3122 hoc
638 3062 963 3142 significare
1014 3063 1375 3120 existimabi-

292 3167 457 3209 mus:
512 3167 638 3228 .per
694 3168 947 3230 quorum
996 3167 1122 3206 aras
1170 3146 1375 3206 foedus

292 3238 586 3308 sanciens,
630 3234 734 3293 cfr.
763 3255 848 3294 vs.
879 3237 1024 3298 220.
1042 3280 1058 3306 ,
1101 3235 1276 3292 morti
1316 3253 1379 3290 se

296 3321 575 3394 ἀπαγεῖς
620 3330 723 3378 aut
746 3323 827 3378 ita
854 3319 999 3378 haec
1029 3321 1375 3398 explicabis:

296 3427 548 3490 quorum
590 3425 751 3464 sacra
789 3408 1249 3485 religionemque
1277 3415 1380 3463 tu·-

293 3505 515 3553 taturus
540 3494 603 3550 in
632 3502 885 3551 mortem
928 3495 1071 3566 ruit3
1128 3491 1189 3549 id
1218 3489 1379 3572 quod

292 3581 585 3659 insignem
630 3577 706 3636 ad
754 3576 1210 3637 commovendos
1251 3578 1384 3634 ani-

294 3685 422 3724 mos
460 3667 585 3724 vim
622 3661 961 3722 habiturum
1009 3673 1151 3721 erat.
1247 3664 1379 3720 Huc

296 3769 367 3808 ea
413 3749 667 3824 ducunt,
728 3767 878 3830 qnae
932 3767 1107 3828 supra
1150 3749 1379 3806 Aeneas

296 3837 585 3916 professus
610 3837 799 3894 fuerat
834 3855 919 3893 vs.
954 3838 1134 3898 192:
1192 3878 1229 3908 „
1248 3834 1291 3893 S
1311 3853 1381 3891 a·

297 3939 425 3981 cra
466 3918 809 4002 deosque
839 3919 1087 3979 dabo.“
1141 3918 1211 3977 Id
1238 3939 1379 3977 vero

298 4008 567 4082 omnium
635 4009 1105 4085 gloriosissimum
1181 4002 1383 4063 baberi

298 4093 577 4166 debebatr,
621 4111 687 4151 ac
717 4095 912 4152 nescio
943 4111 1019 4148 an
1048 4092 1239 4149 solum
1265 4089 1381 4149 hoo

294 4180 519 4238 facinus
534 4189 693 4237 tanta
706 4177 1150 4257 praedicatione,
1166 4187 1385 4258 quanta

293 4263 391 4324 hio
460 4263 753 4322 extollitur
778 4309 795 4339 ‚
886 4263 1128 4343 dignum
1190 4263 1383 4320 fuerit.

292 4349 441 4410 Inde
470 4347 712 4408 demum
738 4351 983 4430 intelligi
1012 4351 1188 4408 etiam
1214 4347 1384 4408 ‘vide-

292 4449 419 4516 tur,
480 4454 663 4519 qnare
704 4434 779 4494 ad
820 4437 1079 4516 ipsorum
1122 4437 1383 4496 Deorum

1458 2634 1851 2694 immortalem
1908 2631 2195 2693 honor-un
2249 2651 2546 2691 accessura

1460 2721 1653 2778 Turni
1701 2721 1885 2799 gloria
1925 2717 2148 2778 dicatur
2170 2760 2186 2792 ,
2249 2727 2306 2776 et
2363 2735 2544 2799 quare

1460 2807 1665 2862 tritum
1705 2805 1850 2864 illud
1895 2804 1986 2862 ad
2036 2801 2266 2861 coelum
2281 2844 2306 2872 ,
2348 2813 2544 2874 astra,

1458 2890 1659 2948 sidera
1685 2891 1854 2970 serti
1891 2887 2179 2948 laudibus
2193 2931 2210 2962 ,
2263 2907 2417 2946 novo
2447 2885 2544 2946 hio

1458 2976 1638 3035 modo
1695 2978 2037 3057 expresserit
2101 2984 2294 3054 poeta.
2365 2973 2544 3051 W‘r.)

1458 3062 1607 3128 235.
1650 3065 1942 3141 vivusque
1973 3081 2090 3139 per
2133 3079 2242 3116 ora
2275 3057 2546 3137 seretur,

1461 3146 1538 3205 ad
1577 3139 1788 3207 notum
1825 3147 1974 3206 illud
2015 3147 2388 3204 Ennianum:
2434 3163 2543 3202 νο-

1462 3223 1569 3290 lito
1597 3237 1774 3294 vivus
1798 3254 1918 3312 per·
1961 3253 2074 3290 ora
2111 3233 2312 3288 virum
2329 3253 2348 3288 .-
2391 3231 2549 3289 fere-

1438 3329 1560 3378 'tur
1585 3321 1966 3378 sermonibus.
1997 3319 2201 3393 (vivus
2229 3337 2307 3374 ex
2337 3336 2406 3375 eo
2437 3337 2548 3375 ex-

1462 3405 1818 3485 plicandum,
1863 3403 2040 3487 quod,
2086 3423 2337 3485 quorum
2367 3405 2548 3462 etiam

1448 3502 1592 3570 post
1648 3503 1900 3575 mortem
1955 3500 2237 3570 superstes
2291 3500 2376 3548 est
2415 3509 2550 3546 me·-

1462 3580 1682 3652 moria,
1727 3580 1770 3635 ii
1796 3581 2066 3636 vivere
2099 3574 2398 3648 dicuntum
2435 3577 2552 3633 Ti-

1461 3664 1606 3721 buu.
1635 3665 1682 3737 1,
1712 3663 1773 3730 4,
1817 3662 1954 3728 65.ε
2017 3663 2258 3736 „Quem
2299 3661 2552 3720 referent

1462 3751 1684 3824 Musae,
1714 3751 1958 3823 vivet,
1991 3747 2188 3806 dum“
2233 3758 2342 3805 cet.
2374 3747 2546 3826 W.)
2581 3749 2605 3775 ‘
2639 3755 2650 3767 ⁴

1465 3838 1610 3898 288.
1639 3837 1926 3892 iuvenum
1951 3835 2260 3908 sementia,
2305 3846 2372 3892 ut
2385 3830 2550 3916 γνοί-

1467 3943 1570 3999 μη,
1599 3941 1704 4000 pro
1749 3923 1967 3980 animO.
2013 3919 2142 3996 (-·-
2170 3917 2550 3984 240..÷id.v.

1464 4009 1536 4064 L.
1569 4005 1739 4084 W.)
1815 4005 1961 4070 241.
1981 4007 2334 4084 comparant
2357 4009 2552 4083 Intpp.

1464 4091 1630 4150 Iliad.
1662 4093 1720 4172 β,
1761 4090 1908 4155 458.
1952 4115 2006 4170 y,
2056 4095 2196 4155 112.

1554 4175 1678 4243 244
1707 4197 1793 4258 sq.
1825 4179 1894 4234 In
1923 4175 2012 4235 his
2041 4175 2348 4234 manifesta
2375 4173 2556 4232 vesti-

1466 4264 1564 4342 gia
1619 4264 1916 4321 Homerici
1971 4260 2222 4341 prodigii
2275 4257 2440 4317 Iliad.
2489 4281 2550 4335 μ,

1466 4353 1594 4414 200
1621 4369 1771 4429 sqq„
1817 4365 2152 4427 expressum
2197 4365 2232 4400 a
2277 4345 2554 4402 Cicerone

1466 4436 1530 4492 in
1557 4436 1774 4494 Mario:
1818 4455 1878 4494 v.
1911 4430 1984 4491 de
2011 4433 2146 4490 Div.
2183 4433 2232 4507 1,
2259 4430 2364 4496 47.
2399 4438 2459 4489 et
2483 4436 2554 4508 θ,

2377 412 2528 487 745
2633 394 2648 413 ‘
