3009 5050
615 417 1246 495 AENEmos
1297 418 1519 495 ΜΒ.
1570 418 1739 515 xn,
1782 424 2217 499 734-2-797
2380 430 2527 499 813

268 605 754 706 Adloquitur
783 666 802 700 ‚
857 601 1070 680 fulva
1103 537 1410 707 pugnas
1435 604 1543 680 de
1570 606 1788 681 nube
1820 618 2219 687 tuentem:

269 714 494 805 Quae
525 711 680 783 iam
717 707 900 783 finis
931 709 1102 805 erit,
1159 710 1551 785 coniunx?
1606 709 1798 810 quid
1845 710 2195 811 denique
2239 720 2531 789 restat?

264 813 720 911 Indigetem
751 818 1074 889 Aenean
1103 816 1252 887 scis
1283 814 1485 913 ipsa,
1542 825 1623 886 et
1651 814 1849 889 scire
1888 812 2179 911 fateriS,

264 916 560 994 Deberi
595 916 862 1010 coe10‚
916 913 1254 1017 satisque
1284 915 1382 992 ad
1427 914 1687 991 sidera
1709 915 1902 994 tolli.
2376 925 2527 995 795

270 1020 484 1115 Quid
534 1021 817 1097 struis?
923 1032 1057 1095 aut
1104 1045 1260 1121 qua
1317 1018 1779 1199 ερῑξεέἰᾱίε
1826 1021 1906 1093 in
1964 1019 2313 1097 nubibus
2344 1017 2531 1095 hae—

267 1224 642 1301 Mortalin
679 1222 948 1300 decuit
975 1223 1250 1300 violari
1287 1224 1617 1301 volnere
1649 1224 1973 1301 divum?

375 1372 422 1440 7
427 1372 544 1441 97.
599 1366 1030 1439 Moerum
1051 1365 1068 1389 ’

369 1552 474 1607 792
502 1569 748 1623 pugnam
777 1552 946 1619 Bigot.
1017 1551 1288 1603 videntem
1314 1552 1584 1605 Mediceus
1620 1552 1797 1604 Pierii.
1899 1550 2003 1605 793
2034 1550 2141 1615 Qua·
2176 1548 2329 1601 Leid.
2400 1552 2534 1615 Quis

268 1639 352 1689 pr.
379 1622 564 1674 Hemb.
635 1633 758 1672 emt
788 1640 892 1675 sec.
931 1622 1142 1688 Mensg.
1181 1629 1317 1687 (cum
1345 1628 1490 1674 Serv.
1526 1623 1713 1674 Dresd.
1752 1623 1896 1682 Wr.)
2005 1620 2109 1675 796
2142 1620 2347 1689 gaudis
2372 1620 2533 1671 Goth.

269 1698 393 1741 tert.
427 1708 525 1759 pro
551 1692 818 1761 gravidis.
889 1692 947 1743 in
969 1688 1243 1743 montibus
1271 1692 1486 1743 Oudurt.
1517 1703 1571 1743 et
1593 1692 1793 1743 zulich.
1828 1708 1859 1742 ι
1906 1708 1974 1739 m.
2001 1708 2101 1759 pr„
2154 1706 2325 1740 merus
2353 1688 2532 1755 lapsus

269 1758 504 1819 librerii;
539 1777 606 1809 ne
637 1759 751 1827 quis
785 1771 950 1827 putet.
987 1778 1100 1813 eum
1133 1760 1343 1811 ratione
1370 1760 1567 1813 dietum
1599 1778 1628 1811 e
1655 1779 1703 1813 v.
1741 1760 1839 1814 133
1871 1777 1986 1827 sqq.
2058 1759 2190 1809 Nam
2222 1768 2277 1809 et
2304 1756 2381 1809 ibi
2404 1760 2532 1809 Iuno
2608 1802 2615 1811 .

270 1830 340 1883 ad
374 1829 570 1881 eaelum
599 1828 740 1882 redit
767 1848 814 1881 v.
854 1830 971 1883 159.
1109 1830 1212 1884 797
1259 1831 1430 1881 Debet
1475 1829 1637 1882 scribi
1682 1828 1967 1882 Mortala'n.
2011 1845 2109 1895 pro
2156 1828 2390 1879 Mortali
2433 1845 2533 1889 “723

271 1909 331 1950 ut
362 1916 520 1967 supra
547 1898 814 1951 monitum.
861 1898 1121 1963 (minime!
1161 1898 1278 1949 vide
1296 1900 1504 1951 omuino
1525 1902 1589 1952 V.
1623 1899 1683 1951 L.
1712 1899 1777 1950 ad
1806 1898 1895 1959 Vl,
1914 1899 2051 1961 780„
2086 1898 2177 1948 ubi
2205 1898 2359 1947 etiam
2379 1914 2535 1949 ceusu

271 1968 496 2020 omissae
521 1968 837 2037 apostrophi
863 1969 1097 2020 reddita.
1133 1971 1216 2019 W
1211 1973 1280 2033 r.)
1355 1970 1591 2021 Mortale*
1614 1970 1699 2022 ed.
1732 1970 1863 2019 Ven.
1894 1968 2060 2017 Burm.
2096 1986 2211 2019 oum
2236 1966 2398 2018 Goth.
2427 1984 2531 2019 seo.

273 2048 329 2089 et
351 2048 476 2089 tert.
546 2039 842 2089 Moe-talem
880 2038 1074 2105 legitur
1100 2036 1153 2087 in
1188 2054 1349 2105 marg.
1380 2038 1463 2089 ed.
1499 2040 1633 2089 Ven.
1667 2037 1810 2090 scoti
1838 2034 2003 2102 1544,
2038 2053 2143 2089 non
2175 2035 2309 2087 muln
2350 2052 2535 2087 emen-

268 2107 418 2159 datio
454 2106 550 2157 viri
588 2107 764 2169 docti,
827 2106 914 2175 qui
955 2109 1010 2158 iu
1050 2109 1308 2159 sententia
1349 2108 1631 2169 haerebat3
1688 2124 1806 2158 nam
1849 2106 1959 2173 &a
2013 2106 2193 2175 utique
2234 2104 2533 2171 indignum:

269 2178 484 2229 vulnere
509 2177 713 2239 divum,
749 2176 803 2228 h.
842 2178 1112 2237 divorum,
1147 2176 1418 2228 mortalem
1449 2177 1577 2245 peti,
1612 2175 1815 2229 violari.
1888 2175 2061 2227 Video
2102 2193 2238 2227 nunc
2273 2192 2389 2227 esse
2417 2192 2535 2227 eum

271 2246 434 2297 virum
474 2246 684 2296 doctum
717 2246 1056 2297 Benedictum
1103 2245 1158 2295 in
1197 2246 1279 2295 ed.
1317 2246 1459 2297 Flor.
1501 2247 1654 2308 1520,
1693 2244 1835 2296 cuius
1875 2245 2035 2296 verba
2061 2244 2383 2297 adscribam:
2436 2247 2535 2309 „In

271 2316 492 2366 vetustis
533 2327 585 2364 et
609 2314 714 2363 fids
745 2314 916 2380 dignis
953 2315 1108 2365 codd.
1139 2314 1333 2379 legitur
1357 2316 1653 2365 Aloe-talem
1693 2314 1905 2369 doctrin
1943 2314 2083 2381 quod
2127 2315 2294 2380 magis
2333 2314 2535 2379 placet3

275 2384 378 2435 etsi
405 2382 612 2433 Servius
647 2382 921 2433 Mortalin.
951 2382 1112 2447 legat.
1183 2387 1376 2433 Sensus
1406 2384 1533 2433 erit:
1572 2399 1604 2431 o
1642 2384 1803 2444 Iuno,
1852 2382 2035 2432 decuit
2072 2383 2387 2445 mortalem,
2434 2383 2537 2435 hoo

277 2462 358 2501 est
385 2457 628 2509 Aeneam,
664 2450 865 2500 vlolan'
887 2450 1121 2500 vulnere
1146 2448 1373 2501 divum?
1407 2450 1442 2499 i.
1475 2449 1623 2501 feriri
1666 2466 1816 2499 manu
1843 2450 2053 2499 dearum
2073 2486 2087 2512 ,
2122 2450 2223 2501 hoc
2252 2462 2333 2501 est
2358 2452 2535 2502 Iutur-

275 2537 406 2582 nae,
441 2537 574 2588 quae
605 2518 702 2569 deu
729 2531 838 2577 est3
876 2536 927 2586 q.
963 2518 1017 2570 d.
1041 2516 1269 2571 minime.
1339 2520 1405 2568 Et
1429 2519 1534 2569 hoc
1565 2518 1695 2569 dicit
1723 2519 1943 2584 Iupiter,
1992 2529 2051 2569 ut
2085 2520 2329 2570 Iunonem
2358 2520 2537 2572 inces-

276 2598 448 2649 seret,
484 2587 973 2654 criminareturque,
1009 2589 1152 2655 quod
1181 2587 1464 2654 impulerat
1490 2591 1753 2648 Iuturnam
1782 2589 1942 2638 ferire
1980 2595 2219 2640 Aeneam.
2274 2589 2353 2640 Ad
2392 2590 2539 2658 quod

275 2659 458 2730 paullo
493 2668 620 2726 post
653 2673 712 2708 se
763 2673 1058 2724 expurgans
1107 2658 1396 2726 respondet
1441 2659 1599 2708 Iuno:
1662 2660 1955 2708 Iuturnam
1987 2654 2175 2725 fateor
2213 2669 2313 2709 etc.
2349 2678 2395 2710 v.
2432 2659 2541 2712 813

276 2731 430 2798 sqq.“
497 2726 709 2778 Scilicet
743 2725 820 2776 sie
841 2727 1192 2785 statuendum,
1226 2726 1408 2778 vulnus
1441 2735 1651 2778 Aeneae
1686 2726 1877 2794 sagitta
1905 2725 2140 2791 ignotum
2166 2727 2302 2778 unde
2336 2728 2538 2794 allapsu

279 2801 422 2868 (sup.
464 2797 566 2850 318
614 2800 751 2866 sqq.)
786 2799 1026 2847 Iuturnae
1076 2797 1236 2846 tribui
1281 2815 1309 2846 a
1361 2799 1494 2846 Iove.
1570 2797 1724 2858 Quod
1765 2795 1809 2846 si
1860 2803 2059 2844 statuas
2108 2805 2163 2845 et
2196 2795 2288 2848 inf.
2324 2797 2426 2850 813
2458 2815 2537 2866 sq.

276 2869 440 2920 verba
477 2867 686 2917 Iunonis
722 2883 1026 2932 compares,
1071 2865 1350 2916 lectionem
1388 2865 1683 2916 Mor-talem
1720 2863 1869 2918 valde
1905 2863 2139 2914 arridere
2188 2881 2294 2915 non
2329 2865 2538 2918 inficia-

275 2937 423 2990 bere.
495 2935 688 2988 Contra
722 2935 795 2996 id,
833 2935 975 2998 quod
1009 2935 1226 2986 nuncin
1263 2927 1413 2986 fibris
1449 2935 1661 3002 legitur,
1698 2931 2057 2985 difficultatem
2090 2934 2227 2985 haud
2263 2935 2421 2986 dubie
2452 2935 2540 2986 fn-

275 3005 379 3066 eit,
421 3006 467 3056 si
502 3005 732 3057 mortale
765 3005 973 3056 vulnus
1005 3006 1262 3056 communi
1299 3004 1591 3072 significatu
1626 3002 1985 3072 accipiendum
2021 3011 2120 3066 est,
2156 3013 2215 3054 ut
2249 3003 2321 3054 sit
2354 3005 2537 3056 vulnus

276 3073 548 3138 mortalis,
583 3091 674 3126 seu
711 3092 740 3125 n
775 3073 985 3126 mortali
1019 3074 1250 3128 illatum:
1286 3075 1412 3144 quid
1448 3073 1587 3124 euim
1622 3073 1677 3125 iu
1714 3091 1777 3124 eo
1814 3072 2001 3123 mirum
2022 3110 2037 3134 ,
2084 3071 2129 3122 si
2168 3080 2402 3135 Aeneas,
2450 3075 2538 3124 su—

273 3157 425 3198 turus
462 3144 621 3206 deus,
669 3161 804 3195 nnuc
853 3154 1028 3195 tamen
1079 3143 1266 3208 homo,
1311 3163 1342 3195 a
1379 3143 1627 3207 mortali,
1674 3142 1740 3194 ub
1776 3141 2016 3201 homine,
2081 3141 2191 3192 telo
2243 3144 2537 3213 petebatur,

275 3233 394 3268 cum
431 3213 476 3264 is
512 3214 566 3264 iu
604 3213 774 3264 medie
813 3231 985 3280 pugna
1021 3211 1352 3264 versaretur?
1388 3231 1503 3263 cum
1540 3213 1719 3263 Turno
1756 3211 2209 3278 congrederetur?
2249 3215 2424 3281 ltaque
2450 3215 2539 3264 in-

275 3285 474 3347 ducor,
509 3293 566 3334 ut
601 3283 838 3344 credam,
871 3285 1144 3332 Maronem
1179 3282 1398 3348 primum
1435 3281 1488 3332 h.
1524 3281 1562 3332 l.
1596 3299 1775 3332 ausum
1799 3280 2093 3342 =mot-talem
2132 3297 2231 3346 pro
2266 3281 2415 3334 letali
2448 3281 2539 3334 ‹li-

276 3369 430 3408 cere:
466 3351 610 3420 quod
643 3351 712 3402 ed
745 3351 1042 3419 analogium
1069 3361 1158 3402 tot
1190 3353 1410 3404 aliorum
1445 3349 1707 3416 similium,
1742 3367 1793 3400 v.
1830 3368 1877 3401 e.
1910 3348 2106 3412 letalis,
2142 3351 2203 3402 fit
2238 3351 2541 3419 praeclara

277 3423 386 3476 etsi
430 3425 573 3474 Serv.
625 3421 863 3484 damnet,
914 3431 970 3472 et
1014 3423 1186 3474 Burm.
1233 3433 1376 3474 reete
1421 3431 1667 3484 moueat,
1728 3435 1843 3470 esse
1898 3435 2045 3470 usum
2090 3419 2233 3472 vocis
2279 3421 2541 3489 sequioris

273 3491 491 3546 aetatis.
559 3491 666 3542 Sed
701 3489 831 3546 haec
865 3491 1009 3556 ipss,
1058 3508 1192 3559 quae
1237 3491 1464 3543 seriores
1512 3490 1799 3556 scriptores
1836 3487 1939 3540 sibi
1972 3491 2311 3554 permittunt,
2366 3490 2541 3543 omniu

273 3563 395 3614 fere
429 3580 459 3613 a
494 3559 667 3628 poetis
715 3559 936 3626 primum
985 3561 1225 3629 profecta
1273 3571 1406 3612 suut.
1478 3560 1557 3612 Itu
1605 3559 1811 3610 tandem
1858 3559 2121 3610 sententia
2170 3558 2329 3626 digna
2378 3571 2541 3627 poeta

277 3630 410 3684 exit.
481 3631 608 3682 Erat
659 3629 837 3697 utique
889 3630 1032 3698 qnod
1087 3629 1368 3682 miraretur
1415 3629 1642 3697 Iupiter,
1716 3631 1995 3691 Iunonem,
2050 3645 2161 3679 cum
2214 3628 2375 3680 sciret
2422 3632 2541 3698 ipse

274 3707 508 3755 Aeneam
541 3698 890 3750 immortalem
925 3698 1168 3763 futurum,
1201 3707 1378 3751 tumen
1413 3709 1629 3770 putasse
1664 3715 1724 3748 se
1759 3705 2150 3765 assequuturem
2182 3698 2317 3764 hoc,
2352 3709 2413 3750 ut
2446 3699 2543 3752 ille

273 3859 538 3939 potentis
573 3859 832 3938 Olympi.
887 3877 935 3915 s.
977 3875 1086 3936 pro
1125 3856 1372 3915 deorum
1455 3859 1603 3916 dera
1626 3855 1763 3914 tolla·
1782 3877 1857 3914 ex
1870 3859 2176 3916 Enniano:
2220 3859 2391 3916 Unus
2406 3862 2541 3928 erit,
2598 3925 2605 3930 ,

281 3946 774 4024 omnipotentiam
792 3987 809 4016 ,
889 3961 936 4002 s.
996 3943 1058 4000 in
1115 3961 1233 4022 quo
1293 3941 1374 4000 dii
1457 3963 1637 4022 quem
1687 3952 1755 4000 tu
1796 3943 1967 4000 tolles
2012 3943 2101 4000 ad
2130 3943 2331 4002 sidera
2362 3943 2542 4012 caeli,

283 4032 710 4108 omnipotentes
724 4027 1030 4086 habentur.
1060 4029 1136 4086 ef.
1147 4047 1276 4106 sup.
1295 4026 1368 4086 ad

283 4117 386 4173 lib.
414 4117 493 4189 X,
527 4119 586 4177 1.
669 4111 818 4177 794.
844 4113 991 4177 795.
1021 4114 1198 4172 fatale
1226 4133 1367 4188 esse,

285 4211 352 4260 ut
408 4202 634 4258 Aeneas
676 4198 818 4257 deus
861 4198 1127 4279 Indiges‚
1181 4193 1369 4280 ἐγχώ-

283 4287 609 4429 §35:133
635 4286 756 4426 ῗΞῖ
771 4287 924 4434 ³¹3³}
951 4286 1368 4428 if'ssffanssffl‘

284 4458 346 4532 5,
389 4452 496 4519 45.
545 4451 630 4516 46
657 4411 850 4535 πῂ]
861 4413 1144 4534 satisque
1171 4453 1262 4514 ad
1279 4413 1368 4512 si:

1456 4027 1615 4110 quod
1666 4031 1965 4108 usurpavit
2016 4027 2187 4088 Ovid.
2235 4031 2375 4087 XIV
2401 4031 2543 4087 Met.

1449 4111 1597 4177 814.
1694 4116 1847 4173 Hine
1906 4133 2051 4172 mox
2102 4115 2251 4172 Iuno
2303 4134 2361 4171 v.
2417 4117 2543 4178 819

1449 4200 1749 4277 subiungit
1788 4198 1947 4258 aliud
1988 4198 2131 4279 quid
2150 4244 2167 4272 ,
2226 4197 2385 4278 quod
2422 4219 2545 4259 non

1449 4285 1553 4342 fati
1568 4287 1875 4344 necessitas
1886 4286 1967 4342 im
1968 4294 2168 4362 ponet.
2234 4287 2381 4347 797.
2396 4287 2545 4351 798.

1452 4373 1599 4435 799.
1653 4372 1823 4428 Prior
1859 4389 2057 4428 versus
2103 4377 2327 4448 spectat
2355 4368 2431 4428 nd
2458 4369 2541 4442 id,

1451 4455 1615 4537 quod
1642 4456 1839 4535 paullo
1870 4465 2005 4512 ente
2018 4455 2229 4514 vulnus
2256 4455 2544 4516 inflictum
