3009 5050
692 452 1309 529 AENEIDOS
1362 443 1570 531 LIB.
1623 450 1754 551 IX,
1789 464 2226 538 329—342

342 641 709 737 Luserat,
762 642 1088 739 insignis
1118 636 1357 736 facie,
1408 641 1834 742 multoque
1863 642 2164 719 iacebat

344 742 712 819 Membra
744 743 901 819 deo
931 745 1213 821 victust
1263 742 1490 841 felix,
1546 746 1610 821 si
1635 761 2022 845 protenus
2047 745 2277 823 illum

346 852 785 946 Aequasset
812 848 1027 923 nocti
1057 846 1380 944 ludum,
1432 848 1516 923 in
1553 848 1980 951 lucemque
2017 850 2338 932 tulisset.

348 951 711 1048 lnpastus
742 970 889 1028 ceu
919 949 1153 1051 plena
1188 950 1317 1027 leo
1352 976 1500 1052 per
1531 951 1764 1029 ovilia
1793 952 2156 1045 turbans;

356 1052 659 1129 Suadet
742 1055 961 1131 enim
1040 1076 1325 1131 vesana
1401 1054 1692 1148 fames;
1791 1056 2261 1158 manditque
2324 1057 2600 1133 trahit-

355 1258 602 1336 Molle
636 1282 883 1361 pecus
907 1273 1391 1360 mutumque
1418 1182 1682 1356 meltlili‘}
1731 1258 2004 1335 fremit
2049 1283 2192 1335 ore
2249 1169 2602 1341 meg&
2651 1278 2662 1289 '

354 1369 524 1440 Nec
548 1364 818 1439 minor
848 1363 1163 1462 Euryali
1196 1362 1514 1443 caedest
1565 1366 1934 1441 incensus
1971 1376 2052 1439 et
2084 1364 2252 1465 ipse

2440 471 2592 545 347

361 1588 457 1639 Ge.
482 1588 550 1651 Π,
577 1584 717 1655 506.,
748 1588 840 1641 ubi
868 1592 1111 1641 Serrano
1139 1606 1171 1643 a
1196 1608 1265 1641 m.
1296 1606 1398 1657 pr„
1434 1592 1684 1641 Sarrano
1715 1606 1748 1640 a
1787 1606 1926 1651 sec.;
1961 1598 2118 1659 atque
2150 1597 2208 1640 ut
2239 1604 2302 1641 eo
2342 1586 2462 1642 loco
2480 1628 2496 1654 ‚
2531 1590 2608 1643 sic

236 1709 257 1720 ,
360 1656 455 1709 illo
484 1673 696 1726 quoque
728 1659 955 1711 secunda
982 1674 1167 1710 munus
1203 1676 1376 1711 veram
1398 1658 1688 1711 lectionem
1713 1660 2007 1710 restituisse
2049 1659 2308 1711 censenda
2338 1668 2434 1711 est.
2503 1659 2610 1711 Sed

362 1726 557 1779 dixerit
590 1727 844 1796 quispiam
864 1767 881 1793 ‚
931 1744 1045 1780 voc.
1086 1731 1390 1792 Serrana-5,
1426 1730 1647 1781 Romani
1686 1744 1876 1779 nomeu
1900 1728 2157 1795 hominis,
2190 1726 2420 1780 librariis
2446 1730 2610 1797 magis

361 1805 546 1848 notum
574 1796 739 1848 fuisse
755 1836 770 1861 ,
806 1814 960 1867 quam
990 1800 1275 1849 Sarranus
1284 1837 1302 1864 ‚
1351 1809 1405 1851 et
1432 1798 1507 1851 ita
1532 1796 1690 1849 facile
1717 1797 1833 1849 fieri
1857 1798 2088 1867 potuisse
2107 1838 2121 1861 ,
2155 1807 2216 1849 ut
2242 1800 2521 1851 Serranus
2545 1798 2610 1849 ab

363 1864 471 1919 illis
496 1864 814 1918 scriberetur
833 1884 932 1937 pro
962 1869 1262 1920 Sarranus.
1332 1872 1402 1919 At
1430 1878 1487 1919 ut
1516 1877 1750 1931 taceam,
1795 1878 2000 1937 gentem
2035 1868 2274 1931 Atilium,
2325 1867 2466 1918 cuius
2497 1875 2614 1919 erat

364 1936 467 1990 hoc
500 1952 820 2003 cognomen,
856 1945 1058 1990 mature
1084 1936 1283 1989 desisse
1308 1936 1532 2000 florere,
1573 1947 1629 1987 et
1658 1936 1736 1988 ita
1764 1936 1878 1988 fere
1909 1936 1964 1987 iu
1993 1937 2310 1989 oblivionem
2337 1936 2484 1987 abire
2579 1964 2615 1975 -

365 2003 567 2070 tuisse,
599 2016 744 2057 certe
792 2006 895 2059 hoc
924 2006 1093 2075 ipsum
1131 2024 1248 2058 voc.
1288 2008 1573 2059 Sarranus
1605 2005 1730 2059 satis
1769 2006 1848 2056 fre
1887 2016 2150 2059 uentaturn
2179 2006 2279 2057 fuit
2304 2006 2478 2071 poetis
2503 1955 2617 2057 fla-

365 2073 508 2127 tinis.
576 2076 691 2127 Nec
722 2074 1007 2127 audiendus
1050 2075 1324 2141 Heinsius,
1372 2076 1461 2147 qui
1501 2076 1638 2128 infra
1685 2093 1762 2127 vs.
1783 2024 1902 2129 452.
1953 2079 2200 2127 Sarrano
2225 2076 2487 2144 praefert,
2522 2084 2641 2140 „ut'

366 2153 764 2215 cognomentum
800 2144 993 2197 Atinae
1033 2146 1205 2213 gentis
1248 2145 1487 2197 consulto
1531 2146 1742 2197 vitetur.
1757 2148 1790 2174 ‘⁴
1862 2145 2002 2208 Quid
2031 2146 2166 2196 enim
2193 2144 2285 2196 fiat
2309 2144 2505 2196 Lumo
2539 2164 2615 2197 vs,

369 2214 645 2281 superiore
670 2252 685 2275 ‚
736 2232 769 2265 u
807 2230 910 2283 quo
950 2215 1159 2265 nomine
1190 2214 1368 2266 Aelios
1415 2214 1620 2267 Lamias
1662 2229 1947 2282 cognomen
1995 2216 2252 2280 repetisse
2291 2214 2526 2265 novimus
2554 2230 2618 2265 ex

368 2282 557 2334 Horat.
586 2282 683 2335 od.
712 2284 800 2347 111,
832 2282 914 2337 17.
948 2282 1099 2335 init?
1144 2284 1201 2335 Si
1235 2294 1412 2336 tamen
1452 2284 1583 2335 licet
1621 2284 1899 2335 hariolari:
1936 2284 2094 2353 quid,
2127 2285 2172 2335 si
2195 2284 2404 2335 Serrani
2429 2298 2619 2335 nomen

368 2352 457 2403 hic
486 2352 553 2402 de
578 2350 835 2404 industria
864 2362 1027 2421 poeta
1061 2352 1307 2417 adscivit,
1340 2360 1481 2405 tecte
1507 2371 1728 2421 carpens
1755 2352 1968 2404 Atilium
1993 2352 2146 2405 istum
2162 2392 2177 2417 ,
2213 2352 2301 2421 qui
2328 2352 2620 2404 traducitur

372 2421 625 2472 catalect.
652 2423 741 2472 ΙΙΙ.
784 2430 839 2473 et
874 2420 1009 2474 1V.?
1056 2440 1187 2492 quae
1210 2421 1375 2490 ipsius
1413 2440 1530 2474 esse
1567 2423 1791 2475 carmina
1831 2422 2074 2490 Virgilii,
2123 2422 2426 2473 testimonio
2465 2420 2623 2473 Marii

371 2488 632 2544 Victorini
657 2491 931 2558 probatur.
1003 2495 1105 2555 At,
1140 2491 1311 2560 inquis
1330 2529 1345 2554 ,
1376 2491 1646 2560 indignum
1669 2492 1772 2543 hoc
1795 2500 1956 2561 pocta
1981 2490 2160 2561 epico!
2195 2491 2496 2560 Indignum,
2532 2490 2620 2543 fa-

373 2570 522 2620 teor3
557 2559 681 2624 sed,
715 2569 775 2612 ut
803 2557 857 2610 iu
888 2559 1143 2612 eiusmodi
1184 2578 1243 2610 re
1276 2560 1342 2610 fit
1366 2561 1656 2624 interdum,
1710 2561 1970 2629 obrepunt
2006 2563 2132 2612 tulis
2164 2561 2360 2613 calamo
2390 2561 2622 2623 scripto-

374 2645 491 2682 rum
536 2627 624 2681 vix
654 2629 1009 2680 sentientium.
1047 2629 1197 2694 Wr.)

1334 2629 1439 2684 336
1473 2631 1683 2698 insigni
1705 2627 1754 2696 f.
1793 2631 1999 2697 Menag.
2035 2648 2118 2698 pr.
2145 2648 2258 2682 cum
2291 2630 2454 2682 Goth.
2485 2638 2624 2694 tert„

414 2715 511 2749 uae
534 2697 760 2766 vulgaris
785 2699 968 2749 formu.
1038 2696 1293 2776 iac-epam
1320 2697 1556 2750 membra
1577 2696 1790 2750 Mentel.
1809 2715 1889 2768 pr.
1905 2699 2144 2750 Parthas.
2175 2707 2229 2749 et
2246 2699 2382 2750 Gud.
2407 2717 2438 2750 u
2459 2717 2528 2750 m.
2543 2717 2625 2766 pr.

446 2766 480 2821 7
508 2768 727 2820 vinctus
752 2765 1012 2819 Montulb.
1042 2775 1097 2818 et
1125 2775 1253 2818 tert.
1288 2767 1541 2819 Rottend.
1612 2769 1892 2823 invincem
1929 2785 2036 2820 sec.
2060 2767 2332 2832 Rottend„
2358 2785 2460 2818 non
2489 2767 2626 2819 male

325 2851 331 2856 '
376 2833 446 2890 de
468 2835 623 2900 vino,
658 2835 803 2918 quod
829 2834 1002 2904 illigat
1034 2837 1280 2917 membre.
1349 2837 1456 2918 §ed
1482 2847 1657 2888 tamen
1701 2837 1874 2888 multo
1909 2837 2009 2889 deo
2043 2835 2217 2916 victus
2238 2836 2404 2886 minus
2429 2836 2629 2887 abhor-

375 2907 1126 3028 ἱῖῖέο“1“ἲὲἰ,ἔὲἒ’ἶὲ’ἑὶι.ἷῖ.
1148 2905 1911 3027 ζ”ἑίἕῗῖἶὶἕὲῗῖῗέῗὲὴῖῗ
1947 2901 2507 3028 ῖῗηῖῗῖιξνῖὶῗῑῑὲα
2521 2906 2632 3038 ‚¹33

380 3117 493 3168 cire
528 3117 735 3186 lyaeo.

380 3187 453 3239 In
466 3188 697 3255 ‘pastum
722 3183 857 3236 Gud.
885 3201 916 3235 a
943 3201 1011 3235 m.
1035 3202 1121 3254 pr.

382 3255 617 3306 mandet.
684 3254 831 3321 Wt.)

384 3391 481 3446 :lle
506 3389 749 3444 Pan-hus.
819 3403 877 3444 σε
908 3394 999 3446 ira
1019 3409 1109 3462 qu.
1132 3395 1326 3446 Mox-et.

382 3561 475 3612 tcr
501 3552 698 3632 epulas
728 3551 1010 3644 Sarranus
1038 3569 1319 3630 maguam
1350 3572 1469 3612 no·-

384 3638 489 3697 otis
514 3648 748 3718 partem
770 3643 1060 3715 exegerat,
1104 3649 1162 3695 et
1188 3657 1347 3697 nunc
1375 3636 1469 3698 vi'-

384 3742 467 3781 no
510 3734 780 3801 gravatus
824 3721 1045 3800 (multo
1092 3723 1201 3780 deo
1243 3723 1467 3805 viem)

388 3806 810 3882 obdormiet-au
846 3818 1064 3888 quanto
1084 3809 1297 3869 melius
1322 3809 1470 3868 fuis-

388 3902 509 3968 set,
550 3895 599 3951 si
625 3895 985 3972 potationem
1010 3913 1117 3972 per
1143 3904 1329 3952 totam
1352 3914 1472 3954 no·-

390 3987 547 4036 ctem
603 3980 989 4037 continuasset
1016 3989 1105 4056 ,εἰ
1155 3980 1219 4038 in
1273 3980 1471 4045 lucem

390 4063 719 4141 protulisset
774 4082 845 4120 ac
888 4061 1277 4142 produxisset
1305 4063 1321 4124 Ξ
1392 4068 1475 4126 ite

392 4149 555 4219 enim
580 4149 831 4228 opprimi
859 4167 895 4206 a
920 4149 1059 4207 Niso
1084 4168 1208 4207 non
1249 4152 1475 4228 potuis-

391 4243 497 4290 set·
596 4237 721 4297 339
747 4265 835 4276 —
864 4232 1009 4296 341.
1084 4234 1175 4293 cf.
1230 4235 1335 4292 inf.
1392 4237 1471 4310 X,

393 4319 521 4380 723
563 4335 651 4397 sq.
736 4318 1115 4376 Homericum
1166 4319 1365 4377 locum
1400 4322 1473 4380 11.

391 4423 451 4473 κ,
494 4399 643 4466 485.
679 4402 809 4468 486
852 4403 1109 4462 ornavit:
1152 4403 1257 4462 sed
1298 4423 1474 4463 ornu-

392 4494 559 4544 vernt
584 4489 1078 4567 emnparationem
1098 4531 1117 4564 ,
1158 4507 1277 4570 qua
1298 4507 1474 4570 saepe

278 3061 299 3082 ⁰
378 3047 475 3098 Ge.
498 3047 561 3108 11,
626 3045 664 3099 4
731 3045 989 3098 vinctura
1033 3045 1253 3114 Lageos
1279 3045 1544 3116 linguam,
1579 3053 1634 3097 et
1677 3045 1918 3114 Propert.
1950 3045 2036 3108 111,
2069 3043 2121 3108 3,
2147 3041 2217 3096 43
2250 3055 2478 3094 mentem
2501 3045 2633 3096 vin-

875 3113 979 3170 838
1027 3117 1087 3166 in
1129 3115 1281 3167 abest
1331 3115 1536 3182 Hagen.

1672 3114 1774 3169 339
1809 3116 1879 3165 In
1926 3125 2130 3183 pascus
2179 3111 2414 3164 nonnulli
2449 3113 2632 3168 Heius.

1258 3183 1361 3238 340
1406 3199 1652 3237 vaesana
1690 3184 1881 3236 Medic.
1919 3185 1999 3250 (in
2039 3182 2224 3234 eodem
2252 3184 2390 3250 apud
2415 3183 2632 3252 Foggin.

928 3255 1117 3305 ieiuna
1163 3255 1287 3306 Exc.
1348 3255 1520 3307 Burm.
1601 3253 1898 3323 mandique
1936 3251 2192 3322 trahique
2239 3251 2375 3302 alter
2425 3253 2632 3321 Menag.

382 3319 481 3377 541
514 3323 846 3393 multumque
872 3323 1022 3374 Rom.
1059 3336 1368 3394 motumque
1394 3323 1485 3378 alii
1513 3343 1598 3394 ap.
1628 3325 1902 3376 Burmann.
1939 3320 2091 3394 etfr.
2117 3321 2356 3374 Parthas.

2461 3321 2636 3379 &4202

1553 3561 1614 3610 et
1665 3555 1824 3611 varie
1879 3553 2096 3627 utitur,
2164 3553 2290 3631 ipse
2345 3553 2636 3612 Homerus

1553 3638 1680 3696 aliis
1715 3639 1781 3695 in
1821 3639 1998 3714 locis,
2061 3648 2130 3695 ut
2172 3636 2377 3718 Odyss.
2423 3640 2472 3711 ζ,
2511 3642 2640 3702 130

1541 3743 1682 3805 sqq.
1722 3722 1890 3782 Iliad.
1920 3747 1984 3803 μ,
2015 3726 2162 3787 299.
2205 3721 2372 3782 Iliad.
2405 3746 2462 3799 ο,
2493 3727 2638 3788 323.

1555 3809 1700 3884 324,
1727 3807 1888 3868 unde
1913 3805 2180 3872 κλονέων
2217 3811 2466 3871 illustrat
2490 3805 2554 3866 h.
2597 3809 2642 3866 l.

1555 3893 1808 3952 turbans
1833 3935 1860 3965 ,
1929 3905 2300 3954 consternans
2368 3892 2641 3977 pecudes,

1553 3990 1621 4037 ut
1659 3981 2045 4038 tumultuetur
2081 3999 2190 4060 per
2232 3981 2404 4039 ovile.
2489 3980 2644 4058 Spe-

1559 4071 1679 4123 ctat
1706 4076 1904 4125 eutem
1931 4061 2306 4144 comparatio,
2327 4067 2432 4123 etsi
2446 4060 2644 4144 paullo

1551 4149 1790 4226 durius,
1836 4149 1912 4210 ed
1949 4153 2190 4209 Nisum:
2237 4153 2428 4210 Simili
2463 4147 2644 4208 mode

1555 4234 1787 4295 fin-ebat
1807 4239 1997 4295 Nisus.
2028 4237 2346 4311 (Nimirum
2374 4243 2460 4291 est
2479 4249 2647 4290 com-

1555 4323 1778 4399 paratio
1807 4313 2315 4394 ἆνανταπόδοτος,
2341 4316 2460 4376 vid.
2475 4317 2548 4372 V.
2575 4319 2646 4374 L.

1556 4407 1710 4464 Aen.
1735 4409 1783 4480 Ι,
1818 4405 1958 4469 148.
2013 4403 2192 4481 W.)
2276 4405 2441 4462 Tum
2463 4400 2649 4458 subii—

1557 4492 1740 4550 citur:
1771 4489 1908 4546 Neo
1925 4490 2124 4546 minor
2137 4483 2401 4563 Emyali
2417 4483 2644 4542 medes.
2713 4549 2718 4554 .
