3009 5050
816 375 1007 450 AD
1109 369 1756 452 LIBRUM
1861 374 1984 450 lx
2365 383 2520 460 417

266 568 571 626 Aeneam:
624 565 778 626 Aen.
804 567 855 642 I,
884 568 1013 632 618
1070 563 1237 624 nme
1260 562 1367 622 ille
1391 564 1680 635 Aeneae,
1710 583 1888 646 quem
1921 565 2246 628 Dardanio
2273 569 2520 632 Anchi—

268 673 373 712 sae
412 649 613 710 Alma
648 651 856 712 Venus
880 651 1147 731 Phrygii
1168 651 1388 731 gemat
1418 649 1738 709 Simoentis
1763 649 1855 710 ad
1877 651 2158 712 undam?

440 773 737 832 Nutu-itum
766 772 1031 830 Aeneam
1058 789 1093 828 a
1118 767 1406 854 Nymphis
1421 813 1439 844 ,
1484 777 1544 828 et
1588 769 1827 851 quidem
1852 771 2180 852 Dryadibus
2196 821 2213 852 ,
2267 778 2516 838 suaviter

266 867 569 916 narratum
612 867 697 917 est
737 859 800 916 in
829 855 1038 916 eodem
1067 860 1305 938 Hymuo
1334 855 1459 920 258
1487 873 1617 936 sqq.
1701 855 2035 916 Educatum
2076 879 2222 920 mox
2245 863 2309 919 in
2336 864 2518 923 Alca-

266 941 397 1002 thoi
426 943 639 1019 domo,
682 945 785 1025 qui
828 943 950 1002 eius
988 961 1247 1002 sororem
1286 942 1660 1000 matrimonio
1690 939 1978 1018 habebat,
2023 943 2194 1006 docet
2229 947 2516 1012 Homerus

266 1027 436 1088 Iliad.
469 1051 524 1105 ν,
555 1029 701 1094 465.
730 1029 881 1094 466.
963 1029 1099 1086 Fuit
1125 1029 1226 1086 illa
1250 1025 1662 1108 Hippodamia,
1708 1047 1892 1110 quam
1919 1049 1952 1086 e
1977 1029 2238 1110 legitima
2267 1038 2516 1116 coniuge

266 1113 545 1194 Eriopide
585 1123 916 1195 susceperat
956 1112 1275 1188 Anchises,
1340 1111 1606 1172 tradente
1643 1112 1948 1172 Eustathio
1985 1113 2062 1173 ad
2101 1135 2153 1176 e.
2195 1119 2238 1178 l.
2337 1120 2516 1200 Apud

216 1209 227 1221 ‘
264 1198 725 1280 Xenophontem
752 1199 827 1260 de
852 1199 1060 1260 Venat.
1088 1221 1178 1280 pr.
1204 1202 1359 1257 inter
1386 1218 1483 1257 eos
1512 1209 1885 1275 memoratur,
1915 1201 2017 1282 qui
2045 1220 2080 1259 a
2103 1200 2352 1263 Chirone
2367 1227 2515 1266 enu-

265 1288 388 1345 triti
414 1287 611 1360 fuere,
652 1288 935 1366 figmento
963 1283 1333 1344 historiarum
1362 1285 1570 1342 rationi
1601 1283 1958 1345 adversante.

437 1406 607 1466 Pavit
648 1416 848 1464 tamen
875 1407 1137 1480 Aeneas,
1190 1425 1355 1464 more
1394 1405 1616 1485 priscae
1645 1407 1879 1482 aetatis,
1936 1418 2196 1468 nimenta
2221 1409 2286 1468 in
2313 1421 2514 1470 monte

264 1490 411 1566 Ida3
454 1501 514 1549 et
541 1490 782 1574 quidem
807 1492 963 1550 sub
944 1511 1135 1571 lpsum
1162 1502 1390 1572 tempus
1418 1491 1556 1548 belli
1588 1491 1862 1567 Troiani3
1904 1505 2046 1550 nam
2089 1514 2388 1574 oppressus
2416 1499 2512 1554 ille

264 1578 332 1635 in
358 1575 669 1636 solitudine
698 1579 771 1651 ab
802 1575 1028 1636 Achille
1071 1579 1175 1635 vix
1212 1577 1353 1656 fuga
1380 1577 1489 1635 sibi
1528 1579 1926 1653 consuluerat3
1968 1599 2220 1662 cumque
2259 1583 2529 1662 Lyrnes-
2593 1591 2601 1598 '

205 1658 219 1676 '
265 1681 400 1722 sum
442 1645 821 1742 confugisset,
879 1661 1109 1722 Achille
1150 1661 1229 1721 ad
1273 1682 1405 1721 eam
1446 1662 1654 1722 urbem
1699 1664 2155 1742 oppugnandam
2184 1665 2510 1743 advolante,

264 1749 499 1828 fugatus
538 1759 597 1808 et
632 1747 769 1808 inde
813 1759 899 1809 est
923 1749 1186 1808 Aeneas:
1229 1745 1395 1808 Iliad.
1423 1771 1483 1823 v,
1511 1751 1696 1812 90-
1710 1751 1814 1813 96.
1846 1752 2070 1814 187—
2313 1755 2514 1814 Latius

262 1832 414 1892 haec
458 1846 837 1917 persequutus
878 1845 999 1894 erat
1042 1845 1247 1894 auctor
1275 1835 1658 1940 Cypriorum.
1702 1835 1774 1892 in
1794 1837 1955 1895 cuius
1983 1855 2050 1894 ar
2225 1848 2326 1897 nto
2355 1838 2512 1920 apud

262 1921 543 1978 Proclum
572 1915 642 2000 ᾗ)
696 1918 845 1980 haec
873 1919 1190 1980 habentur.
1247 1915 1503 2069 armna
1535 1913 1861 1984 ἐπελαύνει
1903 1919 2214 2004 (Achilles)
2253 1920 2364 2000 τὰς
2399 1924 2511 1987 Αί-

262 2005 434 2068 νείοιι
458 1998 643 2087 βόας,
672 2005 777 2070 καὶ
804 2001 1288 2090 Λύρνησσονα
1207 2027 1247 2068 ιι
1344 2001 1642 2088 Πήδασον
1668 2010 1899 2086 πορθεῖ
1906 2039 2010 2066 -.

432 2124 601 2184 Idem
639 2137 841 2186 tamen
880 2128 1109 2186 Aeneas
1152 2127 1274 2185 iam
1316 2136 1485 2184 antea
1539 2123 1736 2184 Paridi
1778 2145 1973 2185 comes
2025 2129 2466 2208 navigationis
2445 2151 2510 2189 ιιι

262 2212 572 2271 Graeciam
612 2211 842 2272 a'dditus
867 2213 1093 2272 fuerat·
1151 2209 1253 2274 zui
1294 2235 1337 2293 η
1378 2204 1706 2291 Ἀφροδίτη
1734 2211 1992 2274 Αἰνείαν
2025 2219 2318 2294 συμπλεῖν
2341 2209 2510 2304 αὕτη,

260 2291 512 2374 κελεύει,
552 2295 714 2356 idem
739 2299 979 2358 Proclus
1006 2296 1331 2358 secundum
1360 2297 1610 2356 Carmen
1639 2297 1922 2378 cyprium
1938 2291 2074 2379 aa)

435 2415 591 2474 eum
617 2417 861 2476 Troiam
888 2418 1230 2492 accessisset,
1271 2437 1305 2474 e
1346 2417 1630 2476 societatis
1671 2435 1810 2474 cum
1835 2418 2070 2477 Priamo
2097 2419 2260 2498 lege,
2303 2430 2372 2479 ut
2397 2440 2509 2480 au-

260 2499 474 2561 xilium
504 2501 713 2578 ferret,
759 2503 1019 2563 simultas
1058 2504 1211 2561 inter
1234 2503 1427 2583 ipsum
1469 2511 1528 2560 et
1551 2503 1854 2562 Priamum
1880 2502 2213 2586 Priamique
2239 2503 2430 2565 filios·
2411 2527 2510 2565 m-

218 2646 237 2669 ·
264 2586 519 2659 ciderat3
576 2586 736 2646 unde
779 2599 837 2645 et
864 2589 1032 2646 irasci
1072 2606 1211 2645 eum
1254 2588 1488 2645 Priamo
1520 2598 1578 2646 et
1617 2606 1879 2669 pugnam
1921 2587 2234 2649 detrectare
2261 2594 2507 2672 suspicio

264 2682 421 2731 erat:
465 2627 632 2729 Iliad.
660 2694 718 2747 ν,
748 2671 873 2738 459
902 2692 990 2752 sq·
1073 2672 1383 2730 Refrixisse
1408 2670 1594 2730 videri
1619 2684 1858 2751 possunt
1885 2675 2065 2731 animi
2093 2692 2161 2732 ea
2190 2674 2264 2732 de
2290 2696 2507 2751 caussa,

264 2755 429 2840 quod
454 2757 684 2815 Aeneas
712 2775 930 2836 mag-na
956 2756 1113 2836 apud
1139 2758 1427 2816 Troianos
1454 2760 1791 2816 auctoritate
1828 2760 2100 2817 utebatur
2125 2758 2290 2817 Iliad.
2318 2764 2372 2836 λ,
2403 2762 2507 2827 58.

263 2843 525 2905 Αἰνείαν
549 2835 632 2920 θ’,
677 2865 749 2917 ος
785 2840 982 2925 Τρωσὶ
1004 2838 1213 2916 θεὸς
1178 2840 1265 2915 αἷς
1290 2844 1447 2904 τίετο
1480 2834 1656 2927 δήμω
1686 2853 1746 2901 et
1769 2864 1818 2921 ε,
1846 2843 1992 2908 467.
2022 2846 2063 2908 8
2094 2854 2152 2903 et
2180 2842 2340 2926 quod
2366 2846 2508 2903 sub-

262 2930 380 2988 lata
406 2928 625 2987 Priami
652 2930 843 3035 stirpe
869 2947 1122 3007 regnum
1148 2928 1257 2986 sibi
1280 2930 1622 3034 promittere
1645 2929 1799 2989 visus
1828 2938 1968 2988 erat.
2051 2930 2143 2988 Eo
2173 2930 2332 2987 enim
2357 2930 2508 2988 allu-

264 3014 351 3074 dit
376 3014 541 3073 Iliad.
568 3036 631 3087 υ,
664 3018 789 3079 180
826 3007 1186 3117 Ἐλπὸμενον
1238 3009 1548 3093 Τρώεσσιν
1581 3006 1831 3091 ἀνάξειν
1871 3008 2272 3097 ἱπποδάμοισι
2311 3010 2506 3095 (μετὰ,

264 3094 407 3182 δια)
460 3092 657 3179 Ἰὶμῆς
682 3102 795 3179 τῆς
830 3092 1153 3180 Πριάμου·
1211 3100 1317 3159 etsi
1374 3118 1473 3159 eos
1510 3118 1708 3159 versus
1747 3098 1962 3161 iudicio
2003 3120 2109 3159 suo
2164 3102 2508 3161 sustulerant

264 3186 644 3245 Grammatici
668 3196 912 3245 veteres.
997 3186 1157 3244 Inter
1196 3184 1471 3244 Paridem
1495 3186 1758 3243 maxime
1801 3196 1860 3244 et
1883 3185 2148 3245 Aeneam
2175 3184 2307 3245 odia
2334 3206 2506 3247 exar-

262 3274 401 3332 sisse
428 3273 787 3331 Menecrates
815 3267 1109 3331 Xanthins
1134 3270 1479 3331 tradiderat.
1525 3269 1602 3330 cf.
1627 3272 1872 3352 Dionys.
1897 3270 2030 3329 Hal.
2057 3274 2104 3347 1,
2131 3270 2238 3335 48.

430 3408 669 3467 Aeneae
710 3428 801 3467 res
844 3418 1033 3488 gestas
1078 3406 1152 3467 ab
1192 3408 1449 3465 Homero
1488 3414 1746 3465 narratas
1788 3426 1864 3465 ex
1889 3404 2070 3465 Iliade
2094 3418 2332 3467 enotare
2356 3404 2506 3467 nihil

260 3494 487 3554 attinet.
588 3494 978 3573 congressum
1016 3494 1139 3551 eius
1179 3510 1317 3551 cum
1366 3490 1654 3550 Diomede
1691 3491 1857 3551 Iliad.
1900 3514 1930 3555 s
1971 3503 2030 3552 et
2075 3494 2322 3553 alterum
2365 3513 2510 3557 oum.

259 3577 491 3639 Achille
536 3578 703 3638 Iliad.
743 3600 783 3640 υ
824 3581 948 3659 ipse
991 3578 1261 3657 Virgilius
1304 3578 1493 3655 attigit
1506 3622 1526 3652 ,
1583 3575 1729 3635 dum
1765 3578 1854 3637 bia
1887 3596 2122 3658 pugnae
2177 3577 2504 3639 discrimine

262 3676 527 3745 ereptum
570 3684 709 3723 eum
750 3684 788 3723 a
824 3666 1051 3725 Venere
1090 3666 1171 3722 ait
1210 3665 1363 3721 Aen.
1388 3662 1498 3738 IV,
1529 3665 1674 3729 228.
1757 3664 1826 3721 In
1855 3674 2172 3723 castrorum
2197 3682 2504 3745 oppugna-
2612 3728 2617 3733 ,

258 3750 423 3811 tione
464 3770 649 3809 unam
690 3770 725 3808 e
764 3752 971 3809 turmis
998 3748 1246 3809 ducebat
1272 3748 1499 3807 Aeneas
1525 3746 1692 3807 Iliad.
1720 3770 1798 3829 μ,
1827 3750 1930 3815 98.
1959 3772 1998 3811 ν
2015 3790 2034 3824 ,
2063 3748 2209 3817 459.
2237 3754 2365 3816 468
2391 3769 2501 3831 ιφ,

259 3838 475 3895 iterum
492 3837 555 3893 in
580 3854 781 3916 pugna
806 3838 961 3895 circa
985 3835 1236 3894 Patrocli
1264 3834 1439 3893 occisi
1464 3852 1672 3913 corpus
1695 3852 1833 3893 cum
1847 3836 2096 3893 Hectore
2123 3836 2336 3916 primas
2362 3856 2503 3915 par-

258 3933 347 3981 tes
376 3922 497 4001 agit
522 3942 586 4002 ρ,·
606 3920 732 3987 484
760 3940 847 4003 sq.
930 3920 1095 3995 Quae
1119 3928 1251 3999 post
1274 3916 1467 3979 Iliadis
1494 3920 1824 3998 argumenti
1860 3929 2124 4000 tempora
2161 3932 2322 3999 gesta
2346 3932 2500 3997 sunt,

258 4010 325 4067 in
352 4008 567 4101 Quinto
597 4008 923 4089 Smyrnaeo
951 4024 1300 4087 cognoscere
1324 4006 1481 4064 licet.
1564 4006 1816 4065 Fuerant
1843 4006 2002 4064 enim
2040 4007 2274 4065 Aeneae
2311 4017 2501 4085 partes

396 4260 443 4327 ‘)
476 4262 539 4313 In
572 4258 881 4315 mbuomk
912 4259 1017 4313 der
1046 4258 1198 4313 ulem
1232 4258 1562 4326 litaretur,
1593 4259 1634 4313 l.
1667 4254 1814 4319 Band
1847 4272 1968 4326 pag.
2000 4256 2088 4311 ffi-

394 4346 463 4415 *')
500 4346 623 4401 eod.
654 4345 763 4401 loc.
794 4362 916 4413 pag.
949 4344 1037 4401 a

353 4436 668 4513 Vmcn..
720 4432 932 4509 Τοιι.
982 4430 1116 4509 ΠΙ.
1984 4428 2086 4499 21*
