3009 5050
568 386 717 460 514
1012 421 1017 426 ·
1064 379 1145 452 Ρ.
1200 313 1716 452 VIRGILIl
1769 369 2322 447 MAROle

568 573 806 646 Lecta
842 560 1093 639 refert
1122 559 1499 654 humeriS‚
1543 556 1710 653 tibi,
1759 581 1896 630 rex
1931 555 2308 649 Gradive,
2361 569 2778 654 tropaeum.

571 676 1010 748 Instaurant
1052 665 1255 740 acies
1278 661 1612 741 Volcani
1643 658 1886 760 stirpe
1917 673 2224 736 creatus
2413 721 2426 734 .

574 769 951 854 Caeculus
978 781 1059 846 et
1084 761 1409 842 veniens
1454 771 1900 842 Marsorum
1935 762 2344 840 montibus
2370 757 2696 837 Umbro.

572 870 1059 952 Dardanides
1093 883 1366 946 contra
1392 865 1604 946 furit.
1658 870 1987 945 Anxuris
2019 891 2209 944 ense
2240 865 2630 941 sinistram
2651 865 2774 937 545

570 981 673 1054 Et
699 989 961 1052 totum
990 972 1217 1074 clipei
1248 969 1467 1047 ferro
1498 970 1896 1048 deiecerat
1925 972 2248 1060 orbem3
2304 1015 2411 1029 --

574 1083 884 1157 Dixerat
916 1075 1052 1152 ille
1088 1074 1387 1176 aliquid
1416 1097 1798 1172 magnum
1817 1134 1837 1172 ‚
1889 1075 2215 1176 vimque
2243 1069 2527 1149 adfore
2559 1065 2774 1143 verbo

676 1217 849 1296 546.
903 1236 1208 1306 omnm
1259 1217 1350 1288 D.

676 1439 781 1497 542
811 1441 976 1492 Tecta
1008 1441 1156 1491 Rom.
1209 1440 1387 1489 Laeca
1412 1451 1498 1505 qu.
1522 1437 1714 1487 Moret.
1769 1433 1950 1504 Spolia
1980 1433 2177 1504 legere,
2219 1434 2441 1502 propria
2469 1447 2582 1482 vox.
2637 1423 2778 1496 resm

575 1511 740 1564 laceri
770 1528 849 1579 pr.
885 1510 1070 1560 Hamb.
1102 1526 1132 1558 a
1169 1523 1248 1576 pr.
1284 1524 1351 1558 m.
1401 1505 1730 1572 triumphum
1764 1505 1824 1554 Bi
1861 1515 1936 1555 ot.
1971 1514 2026 1556 et
2063 1505 2220 1557 Goth.
2254 1514 2377 1555 tert.
2451 1497 2676 1570 (-543.
2696 1497 2776 1545 In·

574 1591 797 1632 uaurat
826 1577 1034 1641 Medic„
1066 1575 1160 1627 sed
1194 1594 1232 1628 n
1280 1575 1653 1643 superscripta.
1711 1522 1858 1640 Wrg
1991 1574 2098 1628 544
2143 1585 2199 1626 et
2243 1574 2465 1624 iuvenis
2501 1573 2776 1622 Marsorum

574 1649 749 1716 Bigot.
817 1665 854 1698 a
886 1643 1155 1698 montibus
1186 1645 1383 1696 Zulich.
1432 1653 1487 1695 et
1521 1644 1682 1696 Goth.
1715 1661 1796 1712 pr.
1868 1661 1899 1693 e
1933 1642 2204 1695 montibus
2237 1647 2419 1711 Sprot.
2469 1649 2525 1692 et
2558 1631 2773 1689 Montalb.

574 1715 676 1770 545
711 1727 905 1768 contra
936 1716 1049 1766 ruit
1074 1715 1257 1766 Hamb.
1291 1731 1395 1764 sec.
1462 1715 1712 1765 Anauris
1735 1714 1907 1776 Rom„
1941 1723 2206 1782 corrupte.
2273 1711 2508 1764 Auxit-is
2541 1706 2682 1760 codd.
2703 1719 2773 1753 re-

575 1783 857 1838 centiores:
894 1791 1003 1834 tres
1037 1783 1282 1836 ducitis:
1318 1782 1423 1832 duo
1460 1784 1730 1846 Anxyris,
1764 1782 1870 1834 hoc
1903 1781 2116 1834 melius:
2163 1799 2337 1833 verum
2397 1781 2536 1831 enim
2569 1786 2642 1828 est
2678 1777 2774 1825 An-

576 1855 747 1918 xuris,
780 1854 916 1914 aive,
952 1863 1009 1904 ut
1041 1861 1246 1903 veteres
1292 1850 1626 1916 scribebant,
1670 1854 1896 1904 Axur-is.
1944 1852 2083 1904 conf.
2135 1869 2248 1920 sup.
2284 1852 2402 1912 VH,
2438 1849 2556 1905 799.
2623 1843 2705 1896 nic
2731 1847 2772 1890 et

574 1923 630 1974 in
661 1939 809 1991 seqq.
842 1921 1309 1990 interpunctionem
1341 1921 1551 1972 mutavi.
1599 1921 1738 1972 conf.
1772 1921 1900 1973 Not.
1969 1925 2396 1989 (Interpunctum
2447 1919 2612 1970 fuerat
2630 1911 2771 1986 sarit:

576 1997 661 2056 A„
698 2002 752 2043 et
784 1991 1024 2058 proximo
1058 2009 1132 2042 vs.
1169 1989 1363 2042 orbem.
1396 1993 1465 2041 D.
1536 1991 1641 2042 Sed
1673 2007 1742 2040 ne
1774 2006 1912 2042 nunc
1944 1991 2154 2059 quidem
2197 1991 2336 2041 omni
2363 2007 2429 2040 ex
2464 1998 2606 2057 parte
2628 1997 2772 2043 emcn-

576 2061 701 2112 data
735 2071 815 2112 est
847 2059 1213 2128 interpunctio.
1282 2061 1341 2110 In
1374 2058 1550 2111 soluta
1585 2061 1822 2111 oratione
1869 2061 2000 2113 haec
2047 2060 2121 2111 ita
2171 2061 2554 2112 conformares:
2599 2061 2772 2120 „Anxu-

578 2147 689 2182 rem
724 2138 1027 2198 postquam,
1062 2128 1237 2180 decisa
1272 2137 1391 2180 ante
1428 2129 1636 2189 ‹lexa-a,
1669 2129 2009 2182 interfecerat
2043 2135 2272 2193 Aeneas,
2307 2127 2620 2198 Tarquitus,
2649 2119 2772 2173 huin·

577 2198 771 2268 quippe
804 2196 903 2248 viri
939 2198 1098 2250 caede
1133 2207 1494 2265 exasperatus,
1546 2217 1603 2250 ae
1641 2199 1848 2250 obvium
1887 2197 1968 2250 illi
2001 2200 2177 2252 tulit.“
2249 2197 2385 2250 Hinc
2436 2199 2536 2248 iam
2580 2197 2771 2263 apptretv

578 2284 681 2337 quo
726 2267 982 2319 referatur
1030 2267 1592 2348 plusquamperfectum
1644 2267 1929 2320 deiecerat.
2011 2272 2190 2337 ltaque
2223 2285 2290 2319 ne
2337 2267 2396 2318 in
2447 2268 2549 2317 fine
2583 2281 2648 2314 vs.
2677 2257 2769 2312 549.

577 2337 785 2420 quidem
827 2338 983 2406 plene
1028 2337 1497 2405 interpungendum
1545 2347 1686 2399 erat3
1747 2337 2050 2390 interiectos
2099 2346 2272 2390 autem
2317 2354 2426 2388 νει.
2479 2334 2578 2388 547
2601 2360 2658 2370 --
2678 2324 2770 2380 549·

576 2405 785 2462 bucolis
820 2403 1021 2458 seclusi.
1062 2407 1207 2469 Wr.)
1346 2405 1449 2460 546
1470 2407 1628 2476 serre*
1656 2407 1846 2458 vitiose
1879 2405 2082 2475 aliquot
2117 2406 2237 2459 edd.
2271 2424 2301 2458 e
2347 2405 2538 2456 trivio:
2582 2417 2668 2472 pro
2698 2413 2771 2448 0¹*-

578 2475 724 2540 bem,
764 2473 916 2527 umbo
948 2475 1108 2527 Goth.
1142 2484 1268 2528 tert.
1369 2473 1471 2531 547
1503 2475 1594 2528 illi
1621 2476 1774 2528 Rom.
1827 2477 2036 2546 aliquid
2067 2479 2333 2547 magicum
2369 2473 2600 2528 Guellius
2625 2481 2770 2521 emen·

577 2546 757 2607 dabat,
790 2560 942 2615 quem
972 2544 1140 2597 Cerda
1190 2555 1244 2596 et
1278 2546 1529 2597 Catroeus
1563 2556 1874 2614 sequuntur:
1925 2564 2088 2615 prava
2123 2546 2260 2597 enim
2293 2542 2696 2615 interpunctione
2721 2548 2770 2583 0⁰

576 2614 919 2678 devenerant,
952 2624 1008 2667 ut
1042 2614 1111 2665 ad
1146 2616 1465 2666 Umbronem
1498 2616 1786 2677 referre-nu
1823 2632 1939 2667 eum
1973 2625 2146 2667 autem
2179 2614 2553 2669 incantationis
2585 2606 2772 2681 peritum

576 2684 885 2751 prodiderat
914 2692 1073 2753 poeta
1108 2701 1220 2751 sup.
1257 2684 1371 2747 vll,
1404 2684 1511 2739 750
1545 2702 1661 2753 sqq.
1729 2684 1835 2737 Sed
1881 2684 1993 2754 agit
2037 2702 2171 2737 nunc
2217 2685 2286 2736 de
2323 2690 2560 2743 Anxure,
2599 2675 2771 2753 homine

579 2753 833 2826 superbo,
863 2754 953 2823 qui
985 2753 1293 2805 insolentius
1328 2753 1663 2823 increpuerat
1694 2759 1949 2818 Aeneam,
1995 2766 2051 2806 ut
2083 2755 2257 2809 solent
2292 2764 2504 2806 veteres
2537 2752 2704 2803 heroes
2730 2756 2770 2791 1¹¹

581 2948 860 3025 Lapomn
912 2955 1261 3023 superstans·
1280 2988 1302 3015 ,
1363 2958 1429 3003 ut
1480 2964 1654 3025 supra

579 3054 666 3094 vs.
716 3032 896 3096 490.=
958 3032 1187 3107 „Quem
1215 3032 1453 3089 Turnus
1480 3051 1654 3110 super

580 3116 852 3177 adsistens
872 3118 939 3191 ;“
980 3116 1083 3175 ubi
1114 3114 1232 3176 vid.
1262 3116 1453 3196 Heyn.
1483 3118 1654 3190 Not.;

581 3201 797 3261 umbrc'z
816 3212 1011 3261 autem
1032 3204 1249 3281 agini.
1267 3222 1319 3260 e.
1346 3204 1379 3261 f
1384 3223 1417 3260 a
1434 3204 1560 3277 cit,
1586 3213 1654 3261 ut

582 3288 787 3347 umbra
828 3308 965 3345 eum
1008 3297 1199 3369 tegat3
1258 3308 1334 3347 ex
1376 3298 1518 3346 noto
1551 3288 1654 3347 illo

580 3371 855 3455 loquendi
892 3392 1055 3431 more
1074 3418 1090 3447 ,
1132 3392 1248 3454 quo
1262 3418 1279 3448 ,
1336 3372 1496 3455 quod
1547 3394 1655 3452 per

581 3461 836 3542 aliquem
872 3458 965 3530 fit,
1006 3456 1069 3517 id
1114 3460 1235 3537 ipse
1274 3458 1465 3517 facere
1506 3457 1655 3517 dici-

580 3556 704 3621 tur;
744 3542 878 3603 vide
926 3543 1103 3621 ipsius
1139 3545 1353 3622 Heynii
1398 3546 1532 3603 Not.
1577 3542 1653 3602 ad

581 3650 667 3689 vs.
713 3628 888 3701 553.;
956 3626 1207 3708 denique
1249 3631 1325 3687 in
1344 3639 1528 3708 gens
1569 3640 1654 3688 est

582 3734 651 3772 ea
676 3713 916 3785 umbra,
978 3714 1113 3792 quia
1150 3716 1311 3773 nulla
1354 3716 1463 3773 alia
1515 3734 1656 3773 um·-

583 3800 687 3856 bra
734 3797 830 3857 vel
883 3798 1289 3857 tenebricosior
1370 3810 1487 3875 est,
1559 3800 1658 3859 vel

581 3883 765 3961 magis
791 3892 1086 3961 perpetua.
1123 3884 1294 3963 Wr.)
1350 3887 1534 3944 Arma
1547 3885 1656 3944 de·-

584 3978 763 4026 tracta
820 3966 919 4026 dat
956 3968 1183 4027 Set-esto
1236 3970 1652 4051 absportanda:

587 4072 663 4111 ex
688 4070 871 4128 more,
903 4073 961 4112 v.
992 4072 1044 4113 c.
1070 4054 1140 4113 ΙΙ.
1168 4076 1235 4131 π,
1266 4056 1654 4123 663—665.

668 4136 815 4203 543.
892 4136 1251 4196 Instaurant
1299 4142 1457 4199 acies
1511 4152 1653 4221 puto

583 4222 775 4303 simpl.
802 4222 1117 4281 succedunt
1140 4226 1204 4281 in
1224 4244 1485 4305 pugnam
1517 4244 1654 4285 cum

584 4312 804 4371 Aenea.
887 4307 1140 4385 (Quidni
1177 4311 1405 4389 proprie
1434 4310 1654 4370 dictum

585 4388 935 4475 accipimus?
990 4393 1414 4475 redintegrant,
1482 4399 1650 4458 resti-

1735 2956 1908 3004 tuunt
1954 2947 2244 3025 proelium
2260 2990 2276 3021 ‚
2351 2966 2538 3028 quum
2577 2946 2770 3017 accepta

1735 3041 1896 3089 tanta
1949 3031 2112 3091 clade
2162 3034 2412 3111 perculsi
2454 3036 2568 3091 iam
2621 3030 2773 3083 essent

1732 3118 2076 3175 Latinorum
2131 3120 2328 3175 animi.
2381 3118 2565 3193 Wr.)
2650 3110 2774 3168 (κάθ-

1735 3201 1911 3259 culus
1938 3222 2110 3282 supra
2136 3204 2261 3277 Vn,
2293 3206 2436 3267 678.
2457 3206 2594 3269 681.
2651 3194 2774 3252 Um·-

1737 3286 1841 3345 bro
1914 3287 2056 3347 ibid.
2111 3290 2258 3355 750.
2319 3289 2468 3355 752.
2577 3280 2774 3342 cudunt

1734 3392 1874 3433 vero
1901 3372 1965 3432 h.
1993 3374 2036 3433 l.
2064 3376 2174 3433 sibi
2204 3373 2562 3433 difficultates
2589 3380 2642 3427 et
2663 3382 2773 3423 mo·

1735 3460 1924 3518 lestias
1965 3462 2160 3541 Intpp.
2215 3461 2360 3519 alius
2418 3462 2577 3517 aliter
2591 3501 2607 3529 ,
2655 3450 2774 3509 dum

1733 3564 1857 3603 non
1886 3542 1960 3603 ad
1987 3547 2292 3604 Anxurem
2317 3544 2420 3604 sed
2449 3542 2522 3603 ad
2557 3539 2774 3599 Umbro·

1733 3650 1874 3687 nem
1911 3650 2075 3713 seqq.
2131 3632 2405 3689 referunt.
2479 3632 2772 3706 Pel-peram·

1731 3718 2014 3775 Brevitati
2051 3717 2286 3776 studens
2327 3727 2527 3797 poeta,
2563 3732 2634 3770 ne
2669 3722 2774 3765 rem

1739 3801 1988 3860 eandem
2029 3806 2201 3863 vicies
2242 3812 2464 3882 repetat
2479 3846 2494 3875 ,
2548 3816 2660 3856 non
2685 3788 2770 3848 ad-

1738 3884 1822 3945 dit
1851 3888 2167 3947 Caeculum
2196 3899 2252 3946 et
2265 3887 2617 3946 Umbronem
2629 3879 2772 3938 fuisse

1737 3992 2001 4032 caesum:
2044 3975 2231 4053 pergit
2259 3972 2334 4032 ad
2361 3974 2664 4041 Anxur-em,
2687 3954 2772 4021 sed

1735 4059 1954 4117 variata
1984 4062 2258 4132 oratione,
2281 4070 2348 4117 ut
2376 4078 2512 4115 eum
2535 4058 2644 4113 iam
2661 4054 2770 4105 ante

1736 4162 1970 4202 caesum
2013 4144 2198 4219 dicat,
2243 4144 2268 4215 (
2279 4138 2544 4202 minime!
2585 4134 2688 4197 vid.
2711 4129 2768 4189 V·

1735 4230 1808 4287 1..
1838 4228 1914 4288 ad
1942 4250 2026 4289 vs.
2056 4229 2200 4295 545.
2238 4230 2410 4307 tVr.)
2443 4239 2500 4287 et
2525 4218 2770 4283 narratlo‘

1735 4332 1876 4371 nem
1913 4312 1988 4373 de
2030 4334 2099 4373 eo
2137 4316 2478 4394 subiungat,
2534 4300 2770 4369 mmdc-

1735 4400 1952 4457 iecerat
1975 4420 2057 4460 sc.
2097 4398 2516 4472 Dardanides,
2535 4416 2541 4422 ·
2557 4396 2768 4453 Aeneas·
