3009 5050
75 611 88 648 Ι

75 681 86 736 ἰ

75 781 86 832 Ι

75 851 84 908 Ι

73 957 84 994 fl

73 1019 83 1078 ἰ

73 1129 82 1166 l

73 1199 84 1254 ἰ

73 1289 82 1342 ἰ

73 1389 81 1446 ι

73 1549 79 1600 t

71 1719 77 1774 i

71 1821 78 1860 1

809 344 996 418 AD
1101 339 1745 418 LIBRUM
1846 341 2021 420 VII
2373 350 2513 426 141

263 537 402 594 ritas
433 533 546 592 alia
575 535 738 595 nulla
769 543 884 608 est,
929 543 1164 614 poetam
1195 542 1394 591 ornate
1419 551 1529 612 pro
1555 532 1719 592 sonte
1744 543 1945 612 stagna
1974 533 2148 592 fontis
2177 531 2384 596 dixisse
2425 560 2522 600 ar-

265 621 468 680 biti-ari
509 620 736 678 malim.
819 621 944 677 Etsi
985 629 1109 677 tcto
1151 637 1260 678 suo
1303 617 1552 676 decursu
1588 617 1855 678 fluviolus
1894 619 2131 680 lacubus
2172 618 2520 704 interceptus

259 705 552 786 tardoque
583 724 649 762 ac
679 707 854 764 tacito
881 715 1049 762 motu
1090 704 1290 762 similis
1331 714 1537 782 stagno
1576 703 1749 762 fuisse
1791 701 2021 764 videtur
2034 749 2051 778 ‚
2096 723 2237 764 nam
2287 710 2519 772 alveum

259 789 468 852 habuit
495 792 770 850 ulvosum
799 799 858 848 et
883 791 1196 849 limosum:
1246 787 1416 848 Ovid.
1445 789 1585 848 XIV
1612 791 1752 850 Met.
1797 789 1941 855 598.
1982 791 2109 856 599
2148 791 2355 852 Linus
2387 797 2521 856 adit

260 879 549 936 Laurens·
566 897 587 932 .·
655 873 765 932 ubi
823 885 1010 932 tectus
1068 873 1368 932 arundine
1411 876 1597 950 serpit
1640 876 1722 934 In
1751 873 1931 953 fieta
1954 875 2277 952 flumineis
2314 882 2519 942 νίοἰηα

261 961 590 1020 Mansit-ius
613 961 796 1018 undis
813 981 832 1016 .·
875 971 934 1019 et
959 981 1016 1018 v.
1049 963 1170 1024 601
1205 961 1385 1018 tacito
1415 980 1599 1018 cursu
1634 959 1709 1018 de
1738 959 1967 1020 eodem.
2041 959 2403 1038 (Numicium
2442 969 2517 1028 ab

261 1070 334 1108 eo
351 1094 370 1124 ,
415 1049 517 1129 qui
561 1065 719 1104 nunc
773 1048 856 1104 ita
897 1045 1246 1126 appellatur,
1304 1043 1599 1104 diversum
1638 1045 1944 1124 significari
1986 1067 2022 1104 a
2061 1059 2235 1128 poeta
2257 1092 2274 1124 ,
2331 1055 2517 1132 probe

259 1133 548 1194 intellexit
577 1131 643 1191 C.
675 1131 746 1190 V.
777 1129 850 1188 de
877 1129 1218 1190 Boustetten
1257 1131 1328 1188 V
1313 1151 1502 1210 oyage
1527 1151 1635 1188 sur
1674 1129 1739 1188 la
1770 1151 1941 1190 scene
1980 1131 2083 1190 des
2122 1135 2217 1190 sir
2253 1134 2517 1198 dernier-e

263 1219 441 1278 liures
474 1219 550 1276 de
579 1215 624 1274 ἱ*
651 1215 881 1276 Εηέίᾶε
925 1237 988 1296 p.
1032 1219 1116 1280 82
1141 1235 1269 1298 sqq.
1359 1217 1471 1286 Qui
1510 1215 1718 1274 fluvius
1760 1218 1985 1298 quoties
2028 1237 2063 1275 a
2104 1217 2343 1298 Virgilio
2381 1243 2514 1282 me-

260 1317 554 1378 moratur,
592 1305 674 1360 ita
703 1304 962 1380 iungitur
989 1319 1128 1360 cum
1151 1303 1394 1360 nomine
1423 1302 1683 1380 Tiberis,
1725 1309 1791 1362 nt
1817 1303 1985 1362 illum
2012 1301 2149 1362 huic
2174 1310 2511 1388 proximum

261 1393 438 1450 fuisse
468 1398 774 1470 appareat:
817 1387 944 1464 vn,
973 1386 1094 1452 241
1128 1405 1250 1469 sq.:

1009 1471 1290 1554 iussisque
1317 1473 1649 1551 ingentibus
1676 1481 1889 1554 urguet
1912 1473 2127 1554 Apollo

436 1554 812 1638 Tyrrhenum
843 1555 918 1616 ad
946 1553 1234 1649 Thybrim
1264 1567 1322 1616 et
1347 1558 1521 1616 sontis
1544 1557 1695 1620 vada
1724 1579 1884 1618 sacra
1900 1559 2153 1619 Numici.

263 1646 348 1704 ib.
377 1647 525 1710 797.
554 1663 580 1702 s
627 1684 642 1700 .
657 1661 676 1700 τ

585 1663 710 1798 {lui
733 1729 908 1788 saltus
925 1774 940 1802 ‚
969 1729 1246 1788 Tiberine
1259 1771 1278 1804 ‚
1307 1738 1436 1788 tuos
1465 1747 1809 1812 sacrumque
1832 1731 2067 1789 Numici

593 1815 758 1874 Litus
785 1825 968 1874 arant.

265 1898 389 1960 Sed
449 1899 772 1980 plurimum
837 1899 1108 1980 ponderis
1179 1897 1256 1958 ad
1321 1915 1453 1958 eam
1524 1916 1651 1957 rem
1705 1899 2070 1980 probandam
2123 1897 2341 1960 habent
2396 1921 2506 1961 vss.

595 2073 832 2131 Postera
863 2087 1045 2151 quum
1071 2071 1262 2150 prima
1287 2071 1565 2130 lustrabat
1590 2070 1860 2153 lampade
1886 2081 2064 2130 terras

597 2157 734 2216 Orta
763 2155 884 2214 dies
899 2201 918 2231 ‚
947 2158 1156 2216 urbem
1183 2166 1240 2214 et
1267 2156 1408 2216 fines
1440 2169 1504 2216 et·
1525 2160 1695 2216 litora
1722 2159 1907 2236 gentis

595 2244 820 2304 Diversi
848 2243 1181 2322 explorant:
1215 2239 1358 2300 haec
1385 2243 1559 2301 fontis
1588 2254 1793 2322 stagna
1818 2243 2069 2316 Numici,

595 2331 768 2386 Hunc
797 2326 1086 2408 Thybrim
1114 2325 1358 2386 fiuvium
1371 2374 1386 2403 ‚
1415 2327 1513 2387 hic
1542 2329 1715 2388 fortes
1744 2327 2000 2388 habitare
2026 2328 2283 2388 Latinos.

265 2411 406 2484 Quis
435 2413 597 2470 enim
623 2414 914 2472 existimet
929 2457 946 2486 ‚
990 2415 1258 2492 proximo
1287 2425 1418 2493 post
1441 2415 1659 2472 factam
1686 2415 2121 2474 exscensionem
2162 2411 2254 2470 die
2295 2413 2508 2471 Troia-

263 2517 372 2557 nos
400 2499 518 2556 iam
547 2517 874 2579 progressos
901 2516 1086 2579 usque
1115 2497 1192 2558 ed
1217 2517 1358 2557 eum
1383 2497 1660 2575 fluvium,
1709 2503 1811 2581 qui
1836 2503 1890 2559 N
1893 2519 2087 2559 umicn
2114 2501 2353 2559 nomine
2399 2497 2508 2559 ad·-

264 2580 384 2643 huc
411 2593 582 2640 notus
611 2595 696 2643 est
713 2629 732 2659 ,
773 2583 997 2641 circiter
1037 2584 1150 2643 XV
1189 2586 1370 2644 Miuia
1416 2588 1589 2643 Rom.
1632 2605 1667 2643 a
1705 2587 1909 2645 Tiberi
1952 2580 2211 2645 distans?
2296 2585 2417 2641 Aut
2460 2586 2510 2643 si

265 2688 338 2727 eo
391 2687 574 2748 usque
615 2670 996 2747 processerint
1010 2712 1028 2741 ,
1069 2669 1288 2725 mirum
1325 2672 1587 2747 profecto
1639 2672 1771 2745 erit,
1818 2669 1976 2753 quod
2015 2670 2173 2727 nulla
2214 2679 2509 2747 praeterea

263 2755 531 2814 locorum
570 2753 1034 2813 interiacentium
1071 2755 1292 2811 mentio
1335 2772 1370 2811 a
1415 2765 1587 2832 poeta
1628 2755 1779 2811 facta
1819 2758 1909 2814 sit.
1993 2750 2270 2812 Videmus
2314 2765 2509 2812 autem

261 2840 416 2899 infru
443 2840 484 2897 l.
512 2840 618 2899 IX.
661 2840 800 2899 Niso
829 2849 888 2897 et
911 2840 1167 2919 Euryalo
1193 2838 1426 2895 nullum
1451 2837 1529 2897 ad
1555 2840 1820 2897 Aeneam
1858 2842 1967 2896 iter
2006 2840 2272 2897 relictum
2316 2839 2508 2913 fuisse,

263 2946 444 3009 quam
475 2919 548 2985 ab
579 2946 648 2985 ea
673 2936 868 3005 parte,
925 2943 1074 3005 quae
1103 2944 1372 2983 averse
1401 2935 1523 2983 eret
1553 2943 1588 2982 a
1616 2924 1945 2997 Pallanteo,
1988 2942 2103 3005 quo
2146 2922 2229 2979 illi
2270 2920 2511 2981 tendere

263 3016 696 3073 constituerant.
781 3012 1008 3091 Nempe
1051 3030 1085 3070 a
1128 3019 1292 3089 tergo
1338 3021 1461 3069 erat
1501 3011 1730 3071 Tiberis
1744 3054 1760 3083 ‚
1816 3011 1991 3069 etiem
2048 3006 2321 3067 dextrum
2361 3009 2509 3067 latus

265 3110 588 3159 castrorum
637 3100 874 3177 cingens
896 3141 914 3171 ‚
968 3098 1074 3171 IX,
1118 3094 1246 3162 468
1287 3116 1406 3178 sq„
1463 3098 1627 3155 cuius
1672 3096 1919 3153 alterum
1958 3096 2188 3153 alveum
2206 3140 2222 3167 ‚
2264 3113 2405 3151 uam
2446 3096 2509 3151 in

264 3184 410 3244 duos
439 3187 639 3243 scissus
667 3187 728 3241 in
756 3202 918 3241 mare
945 3203 1007 3241 se
1051 3180 1296 3243 effundit
1315 3226 1330 3257 ,
1372 3185 1560 3262 magis
1604 3183 2019 3256 sinistrorsum,
2066 3179 2275 3239 deinde
2316 3200 2509 3239 rursus

265 3268 631 3331 dextrorsum
649 3314 666 3345 ,
718 3270 862 3328 olim
915 3279 1220 3328 curvatum
1273 3268 1448 3328 fuisse
1461 3310 1477 3342 ,
1541 3278 1601 3326 et
1636 3286 1857 3325 nomen
1901 3278 1955 3325 et
1998 3268 2211 3347 species
2253 3264 2509 3325 fluminis

265 3358 546 3430 emortui,
589 3356 803 3413 Rama
854 3354 1101 3425 Mor-to,
1158 3350 1348 3413 adhuc
1389 3352 1638 3426 indicat3
1699 3372 1877 3434 quare
1920 3353 2245 3413 sinistra
2287 3362 2508 3431 perte

263 3442 306 3501 l.
337 3442 378 3500 l.
410 3440 526 3500 duo
552 3441 730 3499 latera
777 3448 1092 3501 castrorum
1134 3436 1391 3499 hostibus
1433 3436 1706 3513 adversa,
1764 3437 2037 3499 dextra
2078 3447 2290 3519 parte
2332 3439 2510 3496 altera

265 3525 386 3587 duo
430 3529 501 3585 ab
543 3526 754 3585 iisdem
795 3546 992 3585 aversa
1034 3526 1344 3604 significari
1388 3535 1619 3583 statues.
1706 3524 1772 3583 Si
1814 3536 2011 3583 autem
2050 3523 2319 3583 dextrum
2360 3524 2509 3583 latus

264 3624 582 3673 castrorum
625 3612 828 3670 Tiberi
869 3614 1126 3671 cinctum
1165 3622 1286 3668 erat
1301 3654 1318 3685 ,
1387 3610 1547 3669 frons
1576 3608 1896 3668 eorundem
1945 3630 2107 3669 mare
2151 3620 2209 3667 et
2253 3628 2509 3689 campos,

263 3700 416 3757 inter
461 3700 586 3778 ipsa
631 3708 690 3756 et
731 3716 894 3755 mare
935 3706 1193 3776 patentes
1207 3740 1224 3771 ,
1282 3698 1624 3774 spectaverit
1663 3716 1897 3755 necesse
1941 3706 2044 3755 est.
2128 3698 2295 3753 Nova
2334 3697 2513 3773 igitur

267 3785 525 3843 oboritur
554 3786 814 3865 quaestio
828 3828 844 3858 ,
890 3802 1068 3863 quere
1105 3783 1272 3839 Nisus
1304 3790 1361 3839 et
1387 3782 1674 3861 Euryalus
1714 3800 1835 3839 non
1866 3801 1900 3838 a
1926 3782 2153 3839 sinistro
2194 3791 2511 3839 castrorum

265 3872 444 3928 latere
473 3872 748 3942 exierint,
790 3866 948 3925 unde
976 3867 1203 3925 brevius
1233 3876 1354 3924 erat
1379 3869 1489 3926 iter
1518 3864 1593 3923 ad
1628 3865 1835 3925 urbem
1870 3860 2175 3925 Euandri?
2228 3884 2370 3923 nam
2406 3884 2513 3945 per

264 3965 500 4035 portam
525 3956 676 4015 mari
701 3952 1032 4025 adversam,
1093 3970 1243 4033 quae
1288 3962 1408 4009 erat
1448 3952 1511 4008 in
1549 3952 1740 4009 fronte
1784 3962 2101 4011 castrorum
2116 3996 2133 4026 ,
2186 3970 2283 4009 eos
2330 3953 2512 4009 exisse

267 4040 507 4101 discitur
555 4058 632 4099 ex
667 4040 774 4111 IX,
816 4041 943 4103 237
983 4057 1072 4117 sq.
1155 4038 1380 4116 Nempe
1439 4040 1628 4094 omnis
1672 4040 1831 4115 regio
1878 4038 2072 4095 castris
2112 4037 2224 4093 illis
2267 4055 2303 4093 a
2344 4047 2510 4113 tergo

264 4128 374 4185 sita
401 4127 692 4183 inaccessa
715 4124 845 4181 fuit.
927 4124 1063 4180 Non
1092 4122 1266 4199 longe
1308 4122 1467 4179 enim
1514 4122 1587 4178 ab
1630 4124 1867 4203 antiquo
1912 4122 2139 4180 Tiberis
2186 4122 2349 4179 alveo
2392 4128 2513 4176 sta-

264 4230 456 4290 gnum
485 4220 606 4267 erat
619 4253 638 4283 ,
685 4207 842 4289 quod
869 4204 1046 4265 hodie
1085 4216 1325 4265 vocatur
1373 4206 1609 4285 Stagna
1640 4204 1709 4263 di
1748 4206 2019 4265 Levante
2030 4228 2057 4279 ;
2100 4208 2277 4265 breve
2316 4213 2513 4261 autem

263 4296 521 4377 spatium
543 4337 562 4367 ,
605 4290 762 4373 quod
787 4295 939 4353 inter
977 4290 1122 4351 illud
1163 4300 1438 4369 stag-num
1475 4290 1814 4373 flumenque
1856 4292 2121 4351 Tiberim
2158 4290 2300 4361 fuit,
2341 4288 2513 4365 palu·

263 4382 484 4442 dosum
509 4376 680 4435 fliisse
708 4388 766 4436 et
791 4378 1019 4439 invium
1039 4420 1058 4453 ‚
1101 4396 1176 4434 ex
1202 4376 1316 4435 loci
1342 4387 1551 4435 natura
1564 4420 1582 4453 ,
1627 4378 1863 4458 qualem
1902 4374 2193 4457 hodieque
2222 4388 2343 4429 esse
2368 4372 2514 4429 scri-
