3009 5050
468 456 621 531 326

913 444 997 519 P.
1066 440 1271 518 VIR
1291 435 1602 513 GILII
1663 431 2234 516 MARONIS·

568 635 798 713 Nisus
836 641 1005 705 erat
1029 638 1311 728 portae
1344 634 1608 699 custos
1628 682 1648 715 ‚
1705 620 2134 698 acerrimus
2167 619 2428 714 armis,

466 733 965 837 Hyrtacides3
1022 729 1401 807 comitem
1432 730 1750 802 Aeneae
1785 746 2032 822 quem
2065 722 2386 799 miserat
2415 722 2558 799 Ida

469 839 877 932 Venatrix‚
924 832 1179 913 iaculo
1214 830 1564 909 celerem
1599 824 2070 925 levibusque
2099 826 2429 925 sagittis3

468 949 570 1023 Et
590 949 803 1025 iuxta
826 961 1097 1017 comes
1128 933 1546 1031 Euryalus,
1601 953 1764 1031 quo
1795 929 2146 1031 pulcrior
2173 930 2372 1005 alter

467 1054 653 1127 Non
702 1042 854 1123 fuit
910 1038 1381 1121 Aeneadum
1412 1094 1435 1133 ,
1524 1034 1866 1113 Troiana
1933 1057 2204 1134 neque
2269 1033 2532 1109 induit
2595 1050 2722 1109 ar-

1626 1160 1798 1235 mag
2257 1180 2268 1191 ·

608 1338 709 1392 177
742 1337 841 1388 Ide
871 1334 1063 1387 Moret.
1095 1347 1199 1383 sec.
1282 1329 1403 1382 Yda
1435 1326 1656 1381 Dorvill.

920 1402 1019 1457 179
1052 1402 1109 1451 Ie
1140 1402 1297 1452 iuxta
1318 1416 1411 1481 ju.
1448 1398 1642 1449 Μαι-ει.
1673 1396 1778 1450 vid.
1815 1400 1881 1463 V,
1911 1398 2031 1451 658.

468 1408 575 1460 duo
608 1408 779 1458 Bnrm.

2571 1144 2721 1213 18⁰

1797 1328 1896 1385 1⁷8
1931 1326 2125 1381 iaculis
2175 1326 2391 1379 Vratisl.
2441 1322 2720 1377 levibusve

2102 1398 2296 1452 Verum
2333 1400 2406 1447 Et
2440 1397 2598 1447 iuxta
2633 1404 2720 1445 est

466 1492 603 1546 pro,
637 1485 694 1527 et
724 1490 827 1527 m
858 1489 977 1525 cum
1014 1470 1162 1539 ipso,
1199 1463 1375 1535 ὁμου,
1412 1463 1520 1521 σὺν
1555 1462 1711 1536 αὐτῷ
1733 1508 1747 1531 ,
1785 1477 1898 1518 erat
1931 1468 1991 1519 E.
2025 1466 2154 1535 (vid.
2191 1468 2257 1530 Q.
2299 1468 2368 1519 V.
2393 1466 2631 1528 XXXV,
2663 1464 2717 1517 9.

474 1546 620 1611 Vr.)

667 1548 741 1597 Ee
772 1542 969 1595 Νἱωπι
1000 1542 1161 1593 iuxta
1212 1538 1495 1606 Euryalus
1541 1536 1693 1590 Leid.
1742 1548 1796 1589 et
1829 1536 2033 1605 aliquot
2068 1536 2204 1589 Pier.

2343 1536 2445 1589 180
2479 1552 2653 1603 neque
2685 1552 2720 1585 a

465 1613 641 1671 Pierio
674 1628 773 1683 pro
808 1628 924 1665 nec.
961 1612 1054 1676 (ne
1090 1625 1159 1659 ue
1192 1609 1378 1666 etiam.
1428 1617 1486 1659 ut
1533 1605 1768 1672 videtur,
1818 1605 2112 1669 liciniani,
2169 1614 2314 1659 certe
2349 1604 2559 1659 Medic..
2598 1620 2717 1656 cum

466 1684 521 1739 3.
554 1682 691 1739 5.7.
726 1680 1020 1745 sque-01³

466 1820 817 1905 paedagogis
854 1820 1109 1899 cogitant
1150 1818 1370 1897 intpp-3
1412 1826 1550 1876 sunt

468 1910 643 1967 duces
698 1908 969 1965 militum.
1056 1905 1133 1963 cf.
1194 1902 1327 1963 Var.
1382 1904 1546 1963 Lect.

468 2014 617 2076 quos
669 1991 1065 2071 designaverat
1123 1988 1352 2049 Aeneas
1412 1999 1548 2047 aute

464 2080 887 2160 profectionem
940 2072 1017 2135 ad
1067 2072 1411 2133 Euandrum
1425 2119 1443 2149 ,
1499 2075 1550 2133 si

466 2163 611 2247 quid
638 2161 923 2222 accideret
948 2159 1191 2235 adversi,
1220 2156 1381 2240 quod
1402 2180 1550 2238 ope-

466 2270 595 2308 ram
622 2250 935 2307 militarem
982 2246 1315 2327 postularet.
1403 2244 1547 2310 175.

466 2336 627 2393 vices
651 2376 679 2407 ,
760 2332 925 2413 quod
994 2332 1334 2413 explicative
1354 2374 1371 2404 ‚
1430 2328 1548 2388 hoc

464 2422 648 2501 magis
678 2418 916 2481 doctum
945 2416 1206 2499 adeoque
1232 2418 1546 2496 poeticum,

464 2527 649 2590 quam
714 2505 1075 2586 interpretari
1105 2521 1122 2562 z
1212 2524 1318 2583 per
1392 2502 1547 2562 vices

464 2604 696 2652 exercet
721 2591 782 2650 id
796 2637 813 2667 ,
858 2588 1017 2673 quod
1046 2599 1155 2648 eto.
1173 2631 1192 2664 ‚
1229 2591 1327 2649 vel
1374 2608 1550 2646 exer-

463 2689 556 2739 cet
596 2680 751 2738 vices
792 2672 947 2740 κατοέ
980 2672 1081 2750 to',
1141 2687 1427 2756 quantum
1469 2671 1546 2732 ad

462 2763 525 2824 id
552 2773 771 2845 spectat
784 2809 801 2840 ,
834 2759 1003 2846 'quod
1032 2772 1142 2820 etc.

551 2847 928 2916 176—449.
976 2846 1354 2906 Pervenimus
1382 2864 1541 2902 nunc

460 2933 537 2996 ad
566 2934 889 3016 episodium
903 2977 921 3008 ,
963 2931 1235 2994 Aeneidis
1274 2933 1544 2990 omnium

458 3021 629 3080 facile
653 3021 1079 3082 nobilissimum
1094 3061 1113 3092 ‚
1170 3015 1243 3076 de
1294 3019 1433 3076 Niso
1482 3026 1544 3075 et

457 3107 746 3186 Euryalo,
808 3105 969 3164 cuins
1010 3103 1257 3162 suavitas
1312 3121 1544 3160 smnma

458 3193 721 3270 inprimis
745 3187 821 3248 ad
848 3207 1081 3250 sensum
1098 3199 1157 3247 et
1172 3186 1544 3246 affectionem

459 3277 747 3336 amicitiae
774 3294 898 3334 sese
924 3273 1117 3334 refert.
1192 3271 1316 3333 Sed
1344 3293 1547 3332 acces-

457 3370 659 3422 serunt
683 3371 771 3419 tot
797 3361 907 3418 alia
936 3359 1011 3418 ad
1038 3361 1263 3420 animos
1290 3379 1542 3420 moven-

460 3445 565 3506 dos
590 3445 1058 3505 accommodata:
1091 3464 1369 3524 generosa
1388 3465 1540 3524 pue·-

458 3551 659 3594 rorum
698 3530 956 3603 indole-«33
1008 3530 1305 3610 praeclara
1352 3529 1540 3590 laudis

457 3615 671 3696 cupido
691 3661 705 3690 ,
746 3627 803 3675 et
830 3619 1011 3676 virtus
1039 3617 1263 3676 nullam
1308 3637 1540 3679 merce-

458 3700 595 3762 dem
620 3713 927 3781 expetens,
953 3703 1079 3782 ipso
1106 3703 1259 3762 flecto
1290 3714 1540 3763 conten·-

456 3799 554 3864 ta;
594 3799 883 3868 respectus
924 3791 1173 3848 materni
1210 3791 1425 3848 amoris
1466 3809 1536 3848 ac

454 3875 669 3954 pieton
722 3875 957 3934 Ascanii
1004 3877 1173 3955 pueri
1224 3886 1283 3934 et
1330 3875 1536 3932 Aletae

453 3962 605 4020 senis
634 3961 1034 4020 benevolentia
1080 3963 1144 4019 in
1188 3980 1305 4020 eos.
1392 3961 1532 4020 Sin-

453 4047 592 4124 gula
618 4047 907 4125 explicare
948 4048 1041 4106 vel
1083 4047 1291 4106 saltem
1330 4057 1536 4104 notare

452 4133 738 4210 magistris
792 4133 1105 4191 iuventutis
1158 4132 1325 4190 facile
1384 4133 1534 4193 eritz

450 4215 554 4276 sed
581 4229 819 4276 utantur
842 4219 944 4276 tali
972 4219 1133 4289 loco,
1176 4214 1413 4290 suadeo,
1458 4215 1536 4274 ad

449 4301 753 4363 tentandas
798 4314 855 4362 et
912 4299 1241 4362 alliciendas
1304 4311 1536 4360 mentes

450 4387 917 4462 adolescentum,
963 4389 1065 4466 qui
1092 4386 1233 4442 alias
1272 4405 1380 4444 seu
1420 4407 1534 4446 na-

449 4483 611 4532 turae
664 4495 769 4534 seu
824 4471 1191 4531 institutionis
1247 4472 1387 4530 vitio
1456 4469 1531 4531 ad

1106 1686 1147 1729 t.
1186 1678 1333 1744 Wr.)
1372 1675 1469 1728 Ed.
1502 1677 1639 1730 Ven-
1683 1678 2032 1746 Troianoque
2063 1674 2265 1729 induit.

1629 1827 1938 1899 poetarum
1968 1815 2200 1875 delicias
2227 1817 2376 1875 callo
2395 1812 2718 1875 obductum

1673 1904 1892 1961 alatum
1919 1896 2156 1961 habent.
2243 1904 2433 1973 Quem
2472 1920 2610 1959 vero
2639 1922 2718 1959 ne

1627 1924 1803 2047 Euius
1819 1987 2074 2133 gulidem
2113 1988 2228 2047 loci
2273 1986 2579 2047 dulcedine
2623 1997 2718 2044 ta-

1632 2085 1794 2135 ctum
1863 2076 1876 2091 '
1921 2086 2058 2133 eant
2075 2076 2286 2135 iuvene
2394 2094 2532 2131 eum
2553 2076 2718 2131 omni

1630 2160 1854 2219 liberali
1881 2159 2180 2239 disciplina
2206 2094 2520 2238 indlil’gnum
2559 2159 2718 2217 iudi-

1631 2256 1786 2305 cent.
1857 2244 2158 2305 Diomedis
2189 2258 2246 2305 et
2273 2248 2487 2326 Ulyssis
2521 2264 2718 2325 egres—

1632 2352 1766 2391 sum
1791 2343 2148 2391 nocturnum
2177 2352 2254 2389 ex
2276 2331 2445 2401 Iliad.
2490 2354 2528 2392 κ
2569 2350 2718 2411 poe-

1630 2428 1725 2478 tae
1755 2428 1888 2477 ante
1919 2420 2115 2479 oculos
2157 2419 2334 2477 fuisse
2375 2438 2498 2477 non
2541 2417 2717 2477 dubi-

1631 2514 1727 2564 toz
1785 2503 2056 2567 viderunt
2107 2502 2224 2564 hoc
2281 2506 2402 2562 iem
2457 2515 2713 2564 veteres:

1629 2611 1688 2650 v.
1721 2591 1955 2652 Servius
1985 2590 2060 2650 ad
2089 2611 2144 2648 v.
2181 2596 2208 2653 1
2257 2587 2382 2648 hui.
2427 2591 2560 2664 lib.,
2613 2587 2718 2650 sed

1633 2675 1793 2759 quod
1819 2677 2031 2736 amoris
2060 2677 2254 2734 mutui
2275 2675 2541 2748 affectus,
2571 2697 2718 2735 mox

1627 2775 1819 2822 metus
1850 2761 1924 2822 de
1951 2765 2234 2820 iuvenum
2273 2763 2717 2822 fortissimorum

1627 2847 1956 2911 discrimine
1969 2893 1986 2922 ,
2029 2847 2384 2928 tandemque
2421 2851 2714 2908 miseratio

1625 2935 1688 2991 iu
1745 2935 2140 2992 narrationem
2194 2935 2354 2992 illata
2405 2943 2492 2991 est
2521 2977 2539 3007 ,
2597 2932 2716 2993 hoc

1627 3021 1912 3094 Maronis,
1956 3021 2176 3078 summi
2199 3031 2436 3099 poetae,
2475 3020 2716 3098 ingenio

1627 3105 1826 3165 deberi
1865 3103 2115 3165 videtur.
2201 3107 2396 3164 Etiam
2455 3125 2714 3168 accessus

1627 3202 1686 3250 et
1734 3193 2004 3252 transitus
2067 3189 2144 3267 ad
2201 3191 2526 3271 episodium
2567 3194 2714 3252 lenis

1627 3287 1712 3336 ent
1739 3287 1796 3335 et
1823 3278 2096 3356 simplex.
2165 3279 2384 3356 Egerat
2411 3275 2488 3336 de
2516 3289 2708 3338 custo-

1625 3361 1736 3421 diis
1761 3373 1820 3421 et
1834 3363 2138 3438 ‚excubiis3
2183 3375 2268 3422 est
2307 3366 2370 3422 in
2413 3364 2482 3422 iis
2523 3366 2712 3424 Nisus.

1623 3449 1825 3506 Unum
1866 3460 1952 3508 est
1999 3448 2160 3530 quod
2219 3450 2418 3530 paullo
2460 3453 2715 3510 severior

1624 3535 1828 3616 aliquis
1857 3533 2040 3594 iudex
2065 3533 2521 3616 reprehenderit,
2551 3533 2716 3616 quod

1623 3619 1700 3679 ad
1768 3623 2039 3680 carminis
2107 3641 2404 3680 summam
2473 3621 2714 3701 episodii

1620 3707 1780 3764 nulla
1809 3709 1895 3768 vis
1923 3718 1984 3765 et
2011 3705 2252 3766 effectus
2280 3717 2384 3766 est.

1713 3795 1852 3856 176.
1899 3795 2108 3852 Nisum
2133 3795 2374 3872 Hyrtaci
2404 3791 2592 3852 filium
2617 3793 2710 3850 fe-

1619 3879 1730 3951 cit,
1773 3889 2036 3958 tantum,
2075 3889 2219 3957 puto
2239 3922 2254 3952 ,
2285 3876 2448 3959 quod
2478 3900 2554 3938 ex
2582 3882 2710 3940 Ho-

1619 3983 1782 4022 mero
1811 3977 2020 4023 notum
2070 3975 2194 4022 erat
2233 3983 2454 4022 nomen
2471 4008 2489 4037 ,
2544 3987 2604 4023 v.
2653 3985 2709 4024 o-

1619 4048 1784 4108 Ili'ad.
1816 4051 1874 4128 β,
1917 4053 2065 4114 837.
2109 4051 2260 4114 888.
2349 4049 2532 4108 Idam
2575 4069 2710 4110 ma·-

1619 4144 1771 4192 trem
1813 4155 1934 4192 esse
1991 4135 2046 4191 N
2085 4133 2332 4212 mpham
2373 4133 2709 4194 hahendam
2739 4179 2748 4189 .

1619 4222 1748 4300 quis
1805 4219 2028 4278 dubitet
2162 4221 2406 4300 Euryali
2481 4233 2708 4302 patrem

1617 4306 1767 4364 infra
1795 4325 1880 4364 vs.
1909 4309 2030 4370 201
2067 4301 2188 4365 edit
2234 4303 2556 4384 Ophelten,
2595 4327 2708 4366 no·-

1616 4411 1756 4448 men
1785 4411 1820 4448 e
1851 4385 2150 4450 Thebanis
2177 4391 2388 4452 fabulis
2413 4403 2645 4454 notum.

1705 4479 1848 4542 180.
1937 4475 2200 4536 minna
2257 4498 2450 4560 neque
2509 4477 2709 4538 induit
