3009 5050
685 369 1300 484 AENmnos
1353 406 2202 501 LIB.X1‚598-607
2415 415 2562 486 655

315 598 417 671 Et
452 618 638 670 cum
668 590 911 670 fratre
940 595 1223 688 Corae,
1278 605 1360 668 et
1392 592 1709 689 virginis
1745 589 1862 668 ala
1893 590 2292 686 Camillae,
2599 649 2614 678 ,

318 697 651 778 Adversi
695 721 979 797 campo
1008 697 1428 796 adparent,
1482 694 1901 796 hastasque
1929 695 2276 772 reductis
2409 705 2559 779 605

317 800 825 878 Protendunt
851 799 1087 898 longe
1122 800 1409 876 dextris
1426 859 1445 892 ‚
1503 812 1583 875 et
1605 797 1900 899 spicula
1927 797 2272 889 vibrant3

268 975 273 982 .
316 905 889 1006 Adventusque
922 904 1179 979 virum
1211 901 1740 1003 fremitusque
1773 901 2110 978 ardescit
2143 925 2560 1004 equorum.
2665 927 2670 930 ·

450 1076 555 1131 604
580 1079 757 1130 Corax
797 1075 961 1129 Goth.
993 1093 1098 1128 sec.
1137 1083 1194 1128 et
1225 1075 1331 1129 hic.
1392 1075 1460 1128 cf.
1503 1077 1618 1137 vu,
1667 1075 1786 1130 672.
1923 1073 2026 1128 605
2059 1075 2355 1146 hastasque
2389 1075 2562 1128 redw-

316 1159 435 1200 ctae
466 1146 659 1198 Medic.
692 1164 725 1197 a
760 1165 829 1199 m.
864 1163 946 1214 pr.
986 1155 1041 1198 et
1074 1150 1253 1216 Sprot.
1320 1147 1500 1198 hastis
1532 1144 1737 1198 zulich.
1855 1145 1960 1200 606
1993 1145 2343 1196 protendunt
2377 1144 2559 1213 potio-

314 1233 397 1267 res
433 1215 589 1267 codd.
628 1233 835 1282 omnes,
885 1215 1003 1267 edd.
1039 1223 1189 1279 vett,
1239 1223 1296 1266 et
1342 1224 1512 1266 recte:
1565 1231 1716 1276 nam,
1757 1213 1858 1266 etsi
1895 1213 2107 1265 reducta
2139 1213 2318 1266 dextra
2352 1221 2561 1265 tenetur

317 1287 499 1350 hasta,
532 1295 709 1336 tamen
744 1303 807 1338 ea
838 1283 1207 1353 protenditur,
1255 1285 1542 1354 prominet,
1581 1284 1818 1353 inprimis
1853 1284 1900 1335 si
1935 1283 2132 1350 cogites
2167 1283 2301 1334 infra
2335 1283 2561 1335 mediam

314 1355 426 1405 fere
460 1364 663 1423 partem
701 1372 815 1406 eam
848 1371 999 1406 manu
1039 1353 1222 1405 teneri.
1294 1353 1679 1405 Praetendunt
1712 1353 1869 1405 tacite
1902 1353 2180 1420 irrepsisse
2213 1351 2271 1403 in
2303 1352 2562 1404 Burman-

314 1423 519 1474 nianam
555 1423 873 1486 editionem,
922 1440 1027 1474 non
1062 1421 1282 1474 consilio
1321 1433 1594 1487 receptum
1642 1422 1864 1475 videtur.
1933 1423 2068 1474 Nam
2103 1421 2284 1474 Heius.
2316 1438 2424 1472 non
2458 1422 2559 1473 ad-

316 1491 483 1555 misit,
520 1509 619 1544 nec
650 1493 784 1544 illud
816 1493 918 1544 nisi
952 1493 1008 1544 in
1045 1492 1233 1550 Medic.
1271 1511 1302 1544 a
1336 1511 1408 1544 m.
1442 1511 1541 1560 pr.,
1590 1501 1702 1543 tum
1733 1492 1792 1542 in
1823 1494 2028 1558 Menag.
2066 1509 2171 1543 sec.
2205 1493 2398 1542 Moret.
2435 1499 2558 1545 tert.

316 1571 371 1612 et
404 1561 556 1612 Leid.
590 1579 654 1613 ac
686 1561 883 1614 zulich.
916 1562 1117 1631 reperit
1149 1562 1416 1630 scriptum.
1452 1561 1609 1628 (adde
1643 1563 1694 1614 2.
1726 1563 1778 1616 7.
1816 1563 1897 1615 11.
1938 1561 2084 1624 Wr.)
2151 1559 2350 1612 Pierius
2385 1571 2560 1612 tamen

315 1631 527 1699 antiqua
562 1630 815 1699 pleraque
848 1631 1161 1701 exemplaria
1196 1630 1273 1684 ita
1305 1631 1483 1698 legere
1519 1630 1622 1681 ait:
1673 1645 1772 1682 nec
1805 1639 1888 1681 est
1927 1647 2018 1682 cur
2065 1629 2196 1680 illud
2230 1646 2328 1697 per
2361 1647 2418 1680 se
2453 1629 2560 1681 im·-

313 1701 513 1769 probet
544 1698 749 1767 aliquis.
818 1703 951 1752 Nam
980 1701 1370 1772 praetendere,
1400 1699 1714 1769 προτείνειν
1731 1737 1750 1764 ,
1783 1699 1851 1751 ad
1885 1698 2024 1751 idem
2053 1698 2165 1751 fere
2200 1699 2440 1750 redeunt.
2478 1701 2556 1766 (at

309 1769 677 1839 praetendere
708 1770 885 1839 potius
919 1770 1126 1822 dicetur
1158 1769 1227 1821 de
1262 1780 1429 1833 scuto,
1464 1785 1566 1837 quo
1599 1779 1744 1838 tegas
1779 1779 1862 1832 te,
1897 1786 2004 1820 non
2037 1767 2105 1818 ‹le
2139 1767 2278 1832 telo,
2314 1785 2417 1837 quo
2451 1768 2560 1820 im-

316 1850 483 1906 petes.
534 1839 679 1900 Wr.)
745 1841 1052 1892 Proiiciune
1098 1839 1261 1891 Goth.
1306 1857 1411 1890 sec.
1484 1838 1721 1890 Tandem
1768 1837 1975 1890 librant
2019 1838 2394 1889 emendandum
2440 1854 2557 1890 esse

315 1907 623 1976 pronuntiat
658 1909 731 1959 lo.
766 1909 1045 1961 Schrader.
1079 1909 1257 1975 (etiam
1281 1927 1375 1960 van
1401 1907 1614 1959 Kooten
1642 1908 1708 1959 ad
1731 1908 1958 1974 Epitom.
1983 1905 2131 1958 Iliad.
2157 1925 2231 1959 vs.
2253 1907 2372 1961 380.
2410 1909 2556 1974 Wr.)

315 1978 449 2028 Nam
484 1977 713 2028 noudum
745 1977 1009 2042 emittunt,
1055 1979 1295 2046 adeoque
1328 1995 1428 2029 nec
1460 1975 1696 2028 vibrant.
1765 1978 1942 2030 Herm.
1979 1980 2200 2029 Aruzeu.
2234 1978 2399 2046 Epist.
2437 1976 2556 2028 crit.

312 2063 366 2116 p.
398 2047 471 2102 72
502 2046 709 2098 videtur
758 2048 998 2116 accipere
1043 2048 1353 2099 neutraliter
1398 2047 1611 2116 spicula
1655 2043 1893 2099 vibrant.
1941 2055 2000 2096 ut
2031 2047 2130 2110 lX,
2177 2047 2280 2100 769
2314 2044 2561 2098 vibranti

308 2116 519 2186 gladio.
590 2115 835 2183 (vibrant
882 2117 1125 2188 spicula,
1170 2117 1317 2186 quasi
1362 2116 1463 2168 iam
1498 2115 1882 2183 praecipientes
1919 2115 2090 2167 animo
2139 2133 2360 2186 pugnam
2398 2125 2454 2166 et
2485 2115 2557 2168 ad

310 2201 425 2237 eam
458 2184 827 2254 proludentes,
891 2195 951 2238 ut
982 2185 1123 2239 Galli
1168 2187 1311 2254 apud
1346 2186 1457 2237 Liv.
1492 2187 1648 2248 XXI,
1683 2186 1795 2239 28.:
1845 2184 2020 2248 „Galli
2057 2185 2337 2238 obcursant
2383 2185 2439 2236 in
2473 2185 2556 2237 ri·-

246 2259 249 2262 ’
346 2272 428 2305 am
462 2285 531 2296 -—-
562 2283 629 2294 -
664 2256 963 2326 quatientes
1007 2265 1155 2307 scuta
1207 2273 1365 2323 super
1414 2254 1584 2320 capita
1631 2253 2100 2323 vibrantesque
2149 2254 2342 2306 dextris
2392 2253 2556 2307 tela.“

304 2273 501 2376 ἴασαι).
536 2325 653 2386 vu,
700 2325 811 2378 82:
862 2325 1212 2390 „Vibrant
1256 2326 1365 2378 tela
1413 2341 1622 2375 manus:
1690 2324 1779 2374 vix
1815 2323 1964 2392 signa
1997 2323 2250 2376 morantia
2286 2325 2556 2393 quisquam

238 2419 247 2434 ι
308 2393 667 2460 Exspectat;“
719 2410 825 2460 quo
870 2389 927 2444 et
971 2393 1089 2464 ipso
1138 2395 1259 2446 loco
1292 2393 1529 2446 Libram
1567 2392 1894 2444 scribendum
1932 2393 2177 2456 opinatur
2210 2409 2307 2444 vau
2341 2392 2556 2448 Kooten

308 2459 348 2511 l.
382 2461 422 2512 l.
490 2459 776 2512 vibrari
822 2461 909 2514 hic
955 2471 1012 2513 et
1056 2462 1185 2513 alibi
1218 2463 1487 2529 dicuntur,
1541 2479 1674 2533 quae
1721 2461 1880 2514 celeri
1924 2472 2066 2512 motu
2114 2470 2452 2533 quassantur,
2496 2472 2556 2514 ut

310 2540 456 2651 ξῖῗέἕ
482 2529 1031 2667 ἔιὶῗὲξωῗὲἓξὶηὲἒ.
1063 2532 1325 2653 &wa
1341 2533 1765 2654 ffissssss'ass·
1786 2532 2130 2653 offi‘ssaifffe‘f')
2155 2532 2554 2669 vsffltuss‘iss

308 2676 399 2720 tur
432 2667 523 2719 alii
560 2666 936 2736 expeditiorem
970 2669 1227 2722 rationem
1262 2671 1523 2736 habuisse,
1578 2689 1728 2741 quam
1765 2670 2004 2740 equidem
2040 2680 2288 2739 exputare
2323 2684 2552 2739 possum.

308 2738 467 2801 Nam,
503 2736 627 2805 quid
648 2737 914 2806 sremims
945 2756 1207 2810 equorum
1240 2741 1477 2793 ardescit
1502 2742 1602 2804 sit,
1663 2740 1871 2793 obvium
1908 2740 2116 2809 quidem
2153 2750 2260 2801 θεῖς
2313 2741 2408 2791 sed
2454 2758 2555 2792 ve·-

308 2803 399 2858 lim
430 2806 647 2868 doceri,
681 2807 806 2876 quid
842 2808 937 2859 sit:
971 2809 1261 2861 Adventus
1292 2812 1465 2861 vis-uin
1496 2812 1748 2863 ardescit.
1818 2812 2002 2861 Potest
2033 2810 2348 2861 abstractum
2383 2809 2552 2862 videri

308 2876 539 2944 positum
574 2892 673 2945 pro
709 2886 986 2940 concreto,
1021 2886 1081 2929 ut
1114 2876 1185 2928 sit
1219 2894 1347 2947 pro:
1400 2881 1510 2932 viri
1541 2882 1917 2944 advenientes,
1949 2881 2181 2950 propius
2215 2867 2554 2945 accedentes,

310 2945 669 2997 exardescunt.
739 2950 809 2998 At
842 2946 944 2999 hoc
974 2947 1200 2998 ieiunum
1237 2959 1347 3012 est,
1396 2960 1451 3000 et
1482 2950 1585 3001 loci
1621 2950 1954 3019 splendorem
1973 2988 1988 3015 ,
2035 2949 2124 3033 qui
2173 2966 2396 2999 summus
2450 2957 2552 3015 est,

306 3014 547 3067 offuscat.
612 3015 795 3067 Dicam
828 3016 1016 3084 igitur:
1051 3016 1320 3101 utriusque
1355 3018 1573 3084 agminis
1593 3057 1611 3079 ,
1654 3036 1756 3088 quo
1791 3020 2009 3087 propius
2043 3036 2146 3070 iam
2178 3018 2396 3069 invicem
2431 3027 2550 3069 tur·-

304 3102 421 3136 mae
456 3084 737 3150 accedunt,
792 3084 1049 3139 incessum
1096 3088 1491 3139 concitatiorem
1529 3104 1641 3139 esse
1688 3089 1890 3152 solere,
1936 3088 2094 3157 idque
2139 3086 2402 3155 designari
2453 3104 2552 3155 per

304 3155 600 3207 adventum
642 3156 884 3207 virorum
923 3158 1311 3210 ardescentem.
1394 3156 1614 3225 Egregia
1664 3157 1947 3209 sententia!
2003 3173 2186 3209 vereor
2233 3166 2440 3221 tamen,
2491 3166 2552 3209 ut

306 3224 433 3275 sutis
469 3224 743 3276 commode
776 3225 952 3278 verbis
988 3235 1245 3295 concepta
1280 3225 1449 3277 videri
1484 3228 1686 3295 possit:
1739 3244 1842 3277 non
1881 3227 2014 3278 enim
2051 3226 2332 3289 adventus,
2368 3227 2462 3278 sed
2495 3226 2552 3279 in

304 3292 534 3345 adventu
568 3311 775 3362 gressus
793 3332 809 3358 ,
860 3295 1121 3363 ingressus
1139 3332 1154 3355 ,
1202 3296 1512 3348 exardescit.
1578 3296 1906 3364 ,suspicetur
1936 3296 2122 3365 aliquis
2162 3294 2344 3347 vitium
2378 3296 2552 3348 inesse

310 3380 375 3413 ex
414 3380 514 3414 una
546 3361 745 3425 littera,
773 3381 924 3434 quam
960 3363 1151 3433 copula
1182 3364 1393 3428 invexit,
1430 3374 1487 3417 et
1517 3365 1621 3433 leg.
1658 3367 2020 3436 adventuque,
2053 3367 2229 3417 viram
2255 3364 2551 3437 fremitus-

304 3450 411 3501 que
442 3432 681 3484 ardescit
710 3452 995 3505 equorum5
1032 3434 1088 3485 h.
1123 3442 1179 3483 et
1213 3434 1468 3499 adventu,
1517 3452 1633 3487 cum
1669 3434 1910 3503 utrinque
1957 3436 2174 3505 propius
2223 3437 2551 3501 accederent,

301 3501 541 3553 fremitus
576 3501 805 3555 virorum
856 3519 1209 3574 equorumque
1243 3503 1503 3569 ardescit,
1551 3502 1606 3556 h.
1641 3502 1910 3568 increscit,
1962 3505 2130 3557 maior
2161 3505 2240 3557 fit.
2310 3510 2447 3571 Aut,
2490 3513 2551 3557 ut

1469 3670 1680 3720 rotant.
1735 3661 1890 3720 conf.
1949 3662 2085 3722 Var.
2140 3665 2303 3723 Lect.
2401 3666 2548 3727 607.

1467 3744 1794 3803 Adventus
1853 3747 2053 3805 virum
2117 3748 2376 3807 ardescit
2389 3790 2414 3819 ,
2481 3745 2548 3809 h.

1466 3833 1733 3911 strepitus
1763 3852 1839 3890 ex
1869 3831 2122 3893 adventu
2140 3879 2158 3908 ,
2199 3854 2302 3893 seu
2339 3835 2550 3913 strepi-

304 3660 451 3725 518·
502 3660 645 3725 519·
706 3658 1077 3739 (celeresque
1123 3660 1343 3719 Latini
1361 3686 1380 3720 .-

302 3744 525 3803 Adludi
566 3745 640 3805 ad
686 3747 818 3805 Cel
840 3765 961 3803 ere
982 3767 1041 3819 s,
1101 3750 1385 3829 antiquis-

302 3833 519 3889 simum
571 3834 971 3891 Romanorum
1042 3834 1383 3911 equitatum,

302 3918 595 3973 existimat
640 3918 872 3977 Servius
891 3962 907 3991 ,
939 3917 1069 3975 coll.
1101 3919 1205 3993 lx,
1238 3922 1383 3981 370.

310 4001 485 4077 W.)
574 4006 717 4067 606.
759 4006 893 4061 Non
920 4001 1097 4078 idem,
1148 4013 1214 4061 ut
1239 4003 1382 4061 Cer-

302 4086 379 4146 da
430 4086 590 4161 vult,
645 4086 747 4146 sed
793 4089 938 4146 aliae
978 4098 1113 4146 sunt
1152 4086 1381 4164 hastae,

298 4174 417 4231 alia
444 4169 782 4250 spieulah.
823 4174 1040 4233 iacula:
1098 4170 1189 4233 his
1233 4176 1385 4232 emi-

292 4278 410 4319 nus
428 4302 445 4333 ,
502 4258 615 4317 illis
672 4260 935 4318 cominus
953 4304 969 4335 ,
1041 4278 1241 4339 pugna
1298 4260 1385 4321 fit.

288 4348 483 4425 Igitur
524 4342 713 4401 hastas
752 4342 1083 4417 reducunt,
1140 4356 1207 4403 ut
1246 4364 1385 4403 cum

290 4434 524 4511 impetu
538 4430 872 4503 immittent,
900 4431 1087 4489 iacula
1114 4428 1382 4500 vibrant,

1468 3924 1562 3974 tus
1592 3916 2026 3976 advenientium
2044 3965 2059 3994 ‚
2102 3923 2291 3979 maior
2326 3922 2548 3977 maior-

1468 4021 1585 4084 que
1627 4002 1703 4061 ad
1742 4023 1906 4062 aures
1950 4003 2156 4064 accidit
2198 4017 2254 4063 et
2281 4006 2550 4062 increbe-

1466 4089 1572 4147 scit
1589 4133 1606 4163 ,
1674 4109 1792 4170 quo
1837 4092 2130 4168 propiores
2157 4092 2410 4147 invicem
2437 4090 2549 4147 sibi

1464 4184 1692 4233 turmae
1719 4175 1884 4233 fiunt.
1967 4178 2221 4246 Etenim,
2260 4192 2409 4254 quae
2437 4191 2548 4231 au-

1465 4270 1677 4337 gentur
1695 4306 1710 4336 ‚
1766 4263 2030 4340 inprimis
2061 4270 2228 4318 motu
2252 4301 2269 4334 ,
2324 4258 2547 4314 incale-

1464 4364 1624 4403 scere
1640 4390 1658 4419 ,
1717 4344 1980 4429 adeoque
2039 4356 2096 4403 et
2153 4341 2546 4417 exardescere,

1466 4430 1603 4489 alibi
1629 4431 1896 4506 incendi,
1939 4452 1998 4489 v.
2039 4429 2115 4487 ad
2157 4431 2236 4485 X.
2265 4426 2412 4501 895,
2441 4424 2544 4505 (et
