3009 5050
481 433 630 503 232

957 424 1040 497 Ρ.
1095 418 1629 500 VIRGILII
1678 416 2243 497 MARONIS
2294 426 2301 437 '

475 607 818 705 Erigitur
841 606 1182 708 Liparen
1203 666 1226 704 ‚
1275 602 1770 683 fumantibus
1798 604 2041 681 ardua
2068 606 2293 683 saxis:

479 716 738 805 Quam
765 708 1040 787 subter
1069 733 1356 811 specus
1387 723 1467 786 et
1493 706 1935 809 Cyclopum
1968 732 2193 785 exesa
2220 710 2540 785 caminis

479 818 725 891 Antra
751 818 1099 889 Aetnaea
1127 825 1448 910 tonant,
1501 810 1897 912 validique
1934 810 2351 889 incudibus
2378 813 2579 889 ictus

473 914 740 1001 Auditi
779 913 1142 993 referunt
1167 917 1593 1014 gemitum,
1628 914 2133 1015 striduntque
2165 917 2514 991 cavernis
2568 923 2723 995 420

479 1021 907 1097 Stricturae
953 1018 1395 1117 Chalybum
1414 1077 1435 1115 ,
1491 1032 1573 1095 et
1617 1015 2073 1095 fornacibus
2118 1019 2315 1117 ignis
2363 1018 2721 1113 anhelat3

475 1121 802 1201 Volcani
841 1121 1164 1221 domus,
1221 1136 1301 1201 et
1324 1122 1707 1201 Volcania
1732 1120 2067 1198 nomine
2099 1120 2355 1200 tellus.
2536 1144 2543 1151 ·

619 1294 724 1353 41¹1
755 1299 1010 1367 Πρω-ειη
1031 1296 1234 1367 aliquot
1263 1296 1436 1347 Burni.
1502 1294 1709 1363 Lipare
1736 1296 1887 1347 Rom.
1926 1304 2082 1363 atque
2130 1293 2207 1345 ita
2252 1310 2510 1363 reponere
2551 1292 2723 1345 voluit

474 1366 813 1419 Marklaudne
834 1366 973 1435 apud
998 1369 1170 1418 Burin.
1197 1364 1268 1417 ad
1292 1366 1533 1429 Propert.
1562 1380 1683 1431 pag.
1719 1364 1841 1417 612.
1882 1363 2004 1433 quia
2032 1363 2175 1431 apud
2201 1363 2333 1415 alios
2366 1362 2557 1433 Lipare
2592 1362 2725 1413 offi-

475 1434 646 1489 cinam
676 1436 896 1488 Vulcani
937 1436 1115 1487 habet.

1183 1438 1251 1487 At
1291 1450 1341 1484 v.
1379 1434 1603 1497 *Notum-

1741 1430 1847 1487 418
1886 1431 2081 1485 subtus
2102 1432 2306 1499 aliquot
2344 1432 2480 1483 Pier.
2551 1450 2724 1485 exosa

475 1504 636 1557 Goth.
663 1522 767 1557 uec.
813 1506 888 1557 lo.
917 1504 1176 1557 Schrader
1219 1497 1530 1554 emendabat
1579 1512 1807 1553 εντα-*εστ
1854 1510 1912 1552 nt
1962 1501 2113 1553 ovid.
2160 1500 2237 1553 lv
2280 1502 2423 1555 Fast.
2448 1500 2568 1556 473.
2617 1500 2723 1551 Gur

473 1582 653 1628 tamen
689 1573 842 1642 epico
883 1590 993 1625 non
1037 1572 1258 1625 alterum
1293 1570 1473 1623 dicere
1506 1569 1695 1622 licuit?
1746 1571 1891 1639 qnod
1925 1578 1981 1621 et
2019 1571 2174 1622 Silius
2200 1570 2407 1623 maluit:
2454 1570 2604 1633 XIV,
2652 1570 2724 1625 57

473 1660 636 1695 exeso
678 1642 747 1693 de
779 1645 1012 1705 vertice,
1049 1642 1228 1710 sieque
1271 1638 1379 1691 alii.
1449 1638 1555 1693 419
1586 1641 1798 1692 Aetria.
1832 1641 2080 1691 Ethenea
2093 1676 2113 1705 ,
2171 1640 2467 1708 depravatt.
2519 1650 2724 1691 conam

473 1710 628 1763 multi
675 1711 817 1779 apud
867 1712 1038 1762 Burm-
1092 1726 1207 1762 cum
1252 1708 1416 1760 Goth.
1450 1717 1575 1761 tert.
1646 1708 1956 1779 validisque
1993 1718 2105 1760 tres
2144 1708 2465 1761 recentiores
2509 1708 2721 1759 ibidem.

472 1781 600 1831 ictis
637 1778 776 1831 Gud.
808 1796 841 1831 a
869 1798 936 1831 m.
972 1797 1054 1849 pr.
1155 1775 1260 1832 420
1291 1778 1529 1847 gemitus
1564 1777 1755 1829 Medic.
1786 1794 1902 1829 cum
1941 1776 2059 1829 eliis
2108 1778 2286 1830 Heius.
2354 1778 2590 1849 gemitus
2625 1794 2722 1828 re-

463 1846 666 1919 ferunt
711 1847 864 1901 Leid.
947 1865 996 1899 r.
1045 1848 1284 1900 sonitum
1321 1846 1563 1898 Parthus.
1632 1846 1921 1917 ste-idemq.
1964 1846 2155 1897 Medic.

471 1914 621 1985 picto
649 1916 705 1981 a)
747 1926 802 1967 et
821 1915 1036 1969 Vratisl.
1070 1933 1185 1969 cum
1209 1914 1374 1969 Goth.
1407 1933 1514 1968 aec.
1542 1914 1670 1984 (vicl.
1688 1916 1756 1968 V.
1781 1916 1846 1967 L.
1878 1915 1947 1967 ed
1976 1918 2043 1980 ΙΙ,
2076 1914 2197 1971 418.
2214 1916 2363 1985 We.)

2200 1846 2441 1913 (trident
2477 1883 2491 1898 .
2529 1863 2719 1916 super-

2506 1917 2535 1971 l
2552 1918 2721 1969 Stru-

473 1996 682 2053 cturae‚
710 1986 904 2038 stricta
925 2003 1002 2053 re,
1035 1994 1224 2055 stupor
1251 1984 1585 2037 librariorum
1612 1984 1780 2039 Goth.
1808 2002 1915 2037 sec.
1943 1995 1999 2037 et
2028 1994 2155 2037 tert.

475 2126 822 2206 degentiam
847 2126 1080 2185 refinxit
1106 2128 1416 2187 Homerica
1432 2171 1449 2202 ,
1487 2126 1553 2185 in

473 2214 681 2294 quibus
707 2212 952 2271 Vulcani
991 2212 1222 2271 officina
1251 2214 1314 2271 in
1344 2213 1555 2291 Olym-

471 2317 552 2377 po
579 2298 909 2358 collocatur.
932 2295 1097 2356 Iliad.
1127 2314 1182 2369 σ,
1211 2302 1357 2363 869.
1401 2298 1555 2355 Cum

472 2392 680 2461 poetae
735 2393 955 2441 veteres
1011 2384 1140 2442 loca
1211 2394 1270 2441 et
1337 2384 1553 2442 insulas

471 2457 732 2529 Vulcano
762 2468 1140 2548 assignassent
1157 2512 1174 2544 ‚
1217 2488 1368 2550 quae
1411 2470 1554 2528 sub-

471 2555 745 2612 terraneis
787 2556 1014 2634 ignibus
1056 2555 1338 2614 notabiles
1387 2565 1554 2614 erant

475 2637 840 2719 (exemplum
865 2642 930 2698 iu
955 2642 1080 2720 ipsa
1122 2643 1350 2698 Lemno
1395 2639 1555 2722 apud

474 2725 799 2784 Homerum
873 2726 983 2804 est)
1011 2769 1029 2801 ‚
1113 2727 1278 2786 licuit
1343 2737 1555 2807 poetae

368 2825 376 2831 ·
473 2829 658 2870 unam
703 2829 778 2869 ex
829 2813 1046 2872 Aeoliis
1107 2815 1204 2872 ve}
1233 2813 1555 2872 ·Vulcaniis

474 2915 726 2976 ponere,
763 2897 1067 2968 Hieram,
1111 2918 1292 2979 quam
1334 2898 1553 2956 Vulca-

473 2984 653 3057 niam.,
679 2977 1096 3059 Ἡφαιστιάδα,
1115 2983 1365 3060 appellat
1383 2999 1555 3040 com-

473 3069 644 3126 muni
683 3068 920 3127 nomine
933 3109 952 3140 ‚
1004 3077 1308 3146 tamquam
1347 3065 1555 3140 singu-

473 3151 613 3223 lari,
654 3153 897 3228 Liparae
939 3152 1298 3228 proximam,
1349 3157 1553 3206 monte

474 3235 830 3308 mirabilem,
885 3235 988 3314 qui
1023 3243 1335 3292 nocturnas
1377 3231 1553 3290 flam-

475 3337 600 3376 mas
653 3319 887 3375 evomit.
944 3339 1000 3376 v.
1052 3319 1273 3376 Auctor
1323 3317 1551 3376 Aetnae

474 3401 602 3468 436
630 3422 751 3484 seq.
795 3413 852 3460 et
879 3405 1066 3481 primo
1093 3405 1224 3461 loco
1255 3403 1550 3483 Scymnus

477 3482 654 3545 Chius
707 3487 832 3552 256
887 3507 1015 3570 sqq.
1099 3490 1289 3567 Egere
1349 3485 1422 3546 de
1481 3509 1551 3547 ea

475 3573 646 3630 multi
671 3583 802 3650 post
823 3573 1180 3632 Cluverium.
1209 3575 1283 3633 cf.
1307 3575 1551 3634 Dorvill.

479 3657 676 3716 Sicula
703 3677 764 3736 p.
792 3662 894 3722 20.
925 3663 1003 3722 21
1053 3670 1110 3717 et
1134 3660 1256 3718 iam
1299 3671 1434 3718 ante
1475 3659 1553 3718 ad

477 3739 772 3801 Chariton.
801 3761 936 3822 pag.
968 3747 1150 3809 688.:
1211 3757 1408 3804 nostra
1449 3765 1552 3804 ae-

477 3837 596 3888 tato
620 3829 771 3885 inter
791 3829 930 3886 alios
961 3849 1154 3887 rerum
1175 3841 1416 3904 naturae
1443 3851 1554 3892 au-

477 3922 660 3971 ctores
686 3915 1014 3972 Dolomieu.
1076 3917 1366 3994 Liparum,
1401 3936 1553 3996 quae

481 4007 540 4056 et
578 3999 702 4077 ipsa
745 3999 887 4056 olim
929 4001 1062 4058 arsit
1105 4000 1191 4077 (v.
1235 3999 1435 4061 laudd.
1478 3999 1555 4060 ad

479 4085 650 4142 Anct.
679 4085 882 4144 Mirab.
911 4083 1067 4144 Aud.
1098 4106 1151 4144 c.
1181 4086 1292 4160 853
1333 4083 1468 4145 add.
1499 4109 1552 4146 c.

481 4169 615 4247 37),
657 4169 1044 4228 Callimachus
1083 4171 1328 4231 Vulcani
1367 4172 1555 4230 offici-

479 4274 622 4314 nam
647 4252 903 4313 ediderat
922 4257 1090 4313 Dian.
1131 4254 1216 4320 46
1259 4275 1408 4337 sqq„
1453 4257 1555 4315 ubi

479 4361 537 4398 v.
581 4337 900 4420 Spanhem.
917 4386 933 4416 ‚
981 4352 1038 4398 et
1079 4343 1200 4400 sive
1237 4339 1397 4399 hanc
1433 4342 1555 4400 sive

479 4424 716 4484 Hieram
744 4425 850 4484 sub
881 4420 1078 4506 νήσου
1113 4426 1416 4510 πλαγκτῆς
1442 4446 1556 4486 no-

1634 2128 1797 2187 mine
1853 2126 2128 2208 Apollon.
2185 2128 2289 2203 111,
2342 2130 2447 2201 42,
2502 2127 2604 2185 ubi
2660 2146 2721 2187 v.

1638 2212 1841 2273 Schol.
1951 2214 2281 2271 Vulcanum
2344 2214 2723 2291 Liparaeum

1636 2297 1892 2358 Theocr.
1930 2297 2019 2357 ld.
2064 2300 2138 2373 Π,
2187 2302 2329 2362 183.
2376 2298 2497 2362 134
2536 2296 2719 2355 dixit:

1632 2382 1733 2443 hic
1762 2383 2003 2467 quidem
2044 2385 2311 2443 omnium
2351 2384 2720 2462 opportunis-

1636 2472 1781 2532 sime
1796 2514 1816 2546 ,
1889 2480 2193 2550 tamquam
2257 2468 2507 2528 Siculus.
2564 2468 2720 2528 conf.

1634 2559 1879 2616 Excurs.
1907 2557 1936 2612 1
1965 2554 2038 2614 ad
2056 2557 2207 2612 Aen.
2234 2557 2283 2629 1,
2313 2554 2417 2618 51.
2448 2556 2551 2620 52.
2601 2555 2719 2611 eri-

1629 2645 1805 2722 gitur
1818 2685 1846 2714 ,
1889 2652 1957 2699 ut
1986 2643 2122 2700 alias
2138 2685 2155 2716 ,
2200 2642 2399 2719 surgit
2410 2682 2437 2710 ,
2480 2641 2586 2698 sita
2602 2650 2717 2715 est,

1635 2727 1740 2786 sed
1812 2745 1950 2786 cum
2026 2727 2328 2786 notatione
2405 2727 2720 2784 montium.

1636 2811 1783 2878 419.
1832 2821 2015 2869 antra
2054 2809 2335 2867 Aetnaea
2376 2811 2566 2888 simpl.
2610 2830 2720 2898 pro

1632 2899 1944 2974 ignivomis
1958 2937 1977 2970 ,
2022 2895 2148 2974 quis
2193 2893 2443 2968 dubitet,
2491 2913 2527 2950 a
2553 2898 2721 2952 simi-

1633 2977 1899 3038 litudine.
1985 2980 2193 3036 Aliena
2234 2987 2367 3036 sunt
2384 3021 2401 3052 ,
2448 2997 2601 3057 quae
2642 2979 2721 3038 de

1636 3067 1810 3122 antris
1852 3064 2234 3122 subterraneis
2271 3064 2423 3120 inter
2462 3064 2723 3124 Aetnam

1636 3159 1695 3206 et
1751 3151 1991 3206 Hieram
2045 3148 2391 3206 continuatis
2448 3151 2719 3229 suspicati

1634 3244 1769 3292 sunt
1818 3233 2105 3292 nonnulli.
2210 3233 2515 3294 Eiusmodi
2574 3255 2719 3296 acn-

1634 3339 1773 3378 men
1814 3329 1988 3398 poeta
2027 3338 2149 3376 non
2192 3321 2469 3400 sequitur.
2568 3318 2715 3385 420.

1632 3403 1777 3468 421.
1823 3406 2023 3463 Ornati
2065 3424 2295 3480 versus,
2352 3406 2499 3464 forte
2542 3408 2717 3466 nimis

1633 3491 1953 3552 ambitiose.
2009 3490 2346 3571 Comparari
2370 3502 2559 3570 potest
2580 3493 2718 3549 Cal-

1630 3577 1755 3634 lim.
1796 3578 1927 3634 Del.
1976 3575 2131 3650 1443
2202 3576 2352 3636 adde
2393 3579 2565 3634 Dian.
2611 3577 2715 3642 55.

1634 3659 1904 3740 referunt
1954 3663 2251 3740 gemitum
2263 3686 2290 3736 ,-
2362 3665 2573 3720 iterant
2614 3682 2715 3720 so—
2785 3659 2791 3665 ’

1635 3765 1785 3804 num
1811 3746 1873 3804 h.
1904 3758 2176 3806 resonant
2214 3769 2321 3828 per
2362 3759 2524 3806 antra
2568 3749 2717 3808 ictus

1634 3831 1937 3891 incudum.
2019 3835 2334 3890 stricturae
2351 3875 2375 3902 ‚
2428 3853 2571 3913 quas
2616 3853 2716 3892 or·-

1634 3928 1772 3976 nate
1818 3917 2158 3996 Chah‘bum
2196 3918 2347 3976 dixit
2386 3915 2472 3993 (v.
2518 3919 2627 3976 Ge.
2664 3921 2713 3993 Ι,

1637 4003 1785 4080 58),
1830 4023 1951 4061 non
1990 4014 2125 4062 sunt
2167 4002 2229 4062 h.
2272 4005 2312 4060 l.
2355 3998 2713 4081 σπινθῆρές,
2832 4012 2843 4021 “

1638 4107 1747 4146 nec
1776 4108 1925 4170 quae
1954 4090 2183 4168 proprie
2226 4089 2461 4146 metalla
2504 4086 2715 4146 dicun-

1636 4183 1765 4244 tur,
1822 4171 1983 4230 unde
2023 4193 2119 4232 aes
2176 4175 2549 4253 excoquitur,
2610 4173 2716 4234 sed

1640 4253 1898 4338 μύδροι,
1936 4276 2159 4315 massae
2186 4259 2351 4332 ferri,
2396 4277 2546 4337 quae
2573 4279 2717 4338 pro-

1640 4339 1947 4402 cuduntur.
1967 4343 2071 4400 inf.
2094 4341 2220 4406 450
2238 4343 2551 4402 stridente:
2570 4365 2716 4403 wa

1640 4447 1789 4508 quae
1830 4429 1927 4485 alii
1968 4429 2213 4506 tingunt
2251 4429 2393 4486 lacu.
2406 4469 2432 4498 ,
2494 4439 2551 4486 et
2588 4427 2713 4496 453
