3009 5050
796 447 976 520 AD
1077 442 1732 523 LIBRUM
1835 447 2016 526 VII
2378 460 2521 530 133

271 637 631 716 suspicantur
667 635 776 696 viri
818 634 976 696 docti
1019 646 1219 695 natam
1262 657 1385 696 esse
1430 657 1507 695 ex
1550 639 2023 720 aequivocatione
2068 639 2225 700 vocis
2270 639 2519 702 Celticae

275 721 484 782 Melus
493 763 519 794 ,
564 729 714 803 quae
757 741 998 782 suavem
1038 732 1097 780 et
1130 723 1441 780 amabilem
1481 734 1676 798 notat,
1738 733 1799 782 et
1856 725 2087 782 alterius
2126 727 2285 786 vocis
2326 745 2420 782 me
2460 739 2519 787 et

272 806 444 865 lmen
458 849 482 878 ‚
527 827 676 888 quae
703 807 900 867 media
939 811 1030 866 sni
1066 819 1231 887 parte
1268 819 1596 888 serpentem
1640 827 1761 867 esse
1802 809 2103 888 significat.
2188 813 2277 868 Ne
2318 820 2517 872 tamen

272 893 456 951 simile
493 891 636 974 quid
678 896 742 952 in
791 895 1016 973 Toupii
1055 896 1385 951 coniectura
1429 894 1629 952 loctun
1670 892 1879 952 habeat
1892 939 1908 968 ,
1971 896 2110 954 facit
2150 893 2265 954 hoc
2280 941 2299 972 ,
2356 897 2517 977 quod

275 981 516 1058 σελῆναι
544 981 699 1037 inter
723 981 958 1059 pistoria
988 997 1166 1058 opera
1193 980 1578 1061 exquisitioris
1608 983 1741 1037 artis
1776 981 2012 1038 fuerunt
2026 1024 2042 1054 ,
2087 1000 2239 1062 quae
2268 979 2415 1040 adeo
2442 984 2517 1042 ab

269 1063 502 1122 horrida
529 1065 868 1147 antiquitate
897 1065 1084 1123 aliena
1109 1075 1243 1123 sunt
1259 1109 1274 1138 ‚
1323 1083 1435 1122 nec
1451 1109 1467 1138 ,
1512 1063 1809 1144 quomodo
1836 1063 2138 1125 historicus
2166 1087 2255 1126 res
2301 1067 2516 1126 Troia-

268 1169 372 1208 nas
417 1169 716 1230 exponens
731 1197 746 1224 ,
791 1171 928 1209 cum
969 1149 1043 1210 de
1083 1151 1328 1230 panibus
1373 1147 1689 1208 dicendum
1730 1161 1901 1225 esset,
1956 1153 2247 1231 placentas
2288 1153 2517 1212 rarioris

268 1233 490 1294 formae
519 1247 578 1293 et
601 1238 854 1294 nominis
898 1239 1178 1295 subiicere
1217 1238 1497 1315 potuerit,
1560 1236 1917 1314 intelligitur.
2002 1237 2227 1296 Saltem
2266 1234 2379 1296 hoc
2420 1236 2515 1295 di·-

271 1320 525 1389 cendum
567 1332 718 1397 erat,
769 1323 944 1380 fuisse
983 1323 1134 1380 forte
1177 1332 1435 1380 veterem
1477 1321 1732 1401 aliquem
1790 1321 2103 1400 tragicum,
2160 1323 2261 1403 qui
2278 1367 2295 1396 ,
2353 1321 2515 1405 quod

269 1417 477 1486 poetae
505 1408 640 1465 licet
655 1452 671 1481 ,
715 1408 816 1465 ubi
838 1408 1056 1465 oraculi
1081 1408 1231 1465 illius
1259 1408 1354 1465 vel
1381 1417 1622 1465 eventus
1650 1408 2037 1482 meminisset,
2083 1427 2189 1486 pro
2228 1425 2381 1487 pane
2419 1409 2515 1467 vel

269 1493 534 1571 placenta
549 1536 566 1566 ‚
611 1511 762 1579 quae
803 1495 1002 1575 priscis
1047 1489 1382 1551 hominibus
1413 1511 1521 1572 pro
1560 1509 1715 1572 pane
1755 1502 1879 1550 erat
1892 1535 1909 1566 ,
1952 1511 2135 1571 genus
2178 1493 2514 1574 exquisitius

273 1570 533 1655 σελήνας
558 1588 660 1636 aut
683 1576 971 1660 τραπέζας
1000 1578 1318 1656 σεληναίας
1342 1588 1622 1657 poneret3
1668 1579 1773 1635 etsi
1796 1577 1891 1635 vel
1926 1579 2009 1636 sic
2053 1579 2165 1636 alia
2208 1577 2514 1638 difficultas

269 1672 499 1736 manet,
554 1661 719 1744 quod
753 1683 875 1724 non
921 1667 1206 1736 σεληναῖα
1247 1665 1599 1724 πλακοῦντα
1638 1663 1739 1720 illa
1780 1659 1960 1736 dicta,
2019 1662 2122 1721 sed
2172 1661 2512 1741 ἐπισέληνα.

268 1749 474 1828 Neque
503 1757 699 1806 autem
727 1749 1102 1828 improbabile
1131 1748 1196 1806 fit
1210 1792 1228 1822 ,
1273 1749 1452 1806 etiam
1478 1749 1603 1805 sine
1628 1749 2045 1807 vocabulorum
2074 1750 2271 1808 sonive
2308 1746 2515 1806 frande

269 1831 348 1891 ad
373 1835 574 1913 apium
601 1853 780 1914 panes
809 1854 912 1892 seu
935 1835 1228 1914 placentas
1257 1830 1468 1891 deduci
1510 1835 1783 1912 potuisse.
1866 1835 1983 1892 Fac
2024 1835 2198 1892 fuisse
2238 1833 2510 1915 aliquem,

269 1920 404 2002 qui,
449 1939 587 1978 cum
618 1920 919 1978 oraculum
945 1922 1189 1978 omnino
1215 1920 1673 1998 pronuntiasset,
1716 1917 1879 1978 sedes
1904 1920 2030 1977 fore
2070 1939 2143 1978 eo
2188 1920 2351 1992 loco,
2394 1939 2513 2000 quo

267 2021 494 2064 mensas
523 2016 712 2064 essent
741 2006 1060 2064 absumturi
1087 2006 1360 2080 Troiani,
1399 2014 1499 2062 aut
1539 2023 1676 2062 cum
1719 2006 1804 2062 rei
1848 2015 2087 2063 eventus
2100 2051 2115 2078 ,
2156 2024 2279 2062 non
2316 2003 2513 2063 decla-

268 2099 392 2149 rata
417 2091 550 2149 satis
579 2093 800 2150 ratione
829 2109 896 2150 ac
925 2089 1106 2150 modo
1126 2135 1142 2162 ,
1185 2101 1446 2148 narratus
1476 2101 1625 2148 esset
1638 2134 1654 2164 ,
1692 2101 1765 2149 ut
1790 2109 1826 2148 a
1866 2087 2253 2171 Lycophrone
2292 2091 2513 2148 factum

265 2174 461 2236 videas
488 2197 546 2235 v.
597 2177 760 2242 1250
773 2209 860 2220 --
874 2177 1059 2252 1253,
1102 2174 1381 2234 deductos
1429 2176 1719 2234 Troianos
1758 2177 1823 2232 in
1860 2177 2090 2234 Italiam
2128 2186 2187 2235 et
2227 2178 2292 2234 in
2331 2173 2513 2234 herba

265 2262 602 2323 recubantes
632 2259 930 2319 exhiberet
943 2306 962 2335 ,
1015 2272 1082 2318 ut
1106 2261 1378 2339 Virgilius
1419 2261 1592 2336 fecit3
1649 2259 1853 2342 quidni
1889 2281 1995 2341 pro
2036 2261 2251 2320 mensis
2292 2258 2515 2319 dederit

262 2344 468 2405 herbas
492 2348 635 2404 cibis
663 2347 970 2406 substratas
983 2341 1015 2404 ἐ’
1073 2365 1328 2428 cumque
1376 2363 1470 2404 eas
1507 2348 1659 2426 ipsas
1700 2355 1887 2406 essent
1928 2347 2235 2404 comesturi
2250 2389 2269 2420 ,
2327 2363 2512 2424 genus

264 2433 382 2492 tale
417 2445 636 2512 ponere
681 2430 910 2506 debuit,
966 2430 1128 2512 quod
1183 2431 1356 2490 edule
1401 2441 1547 2490 esset
1587 2441 1645 2489 et
1682 2433 1747 2488 in
1788 2431 1995 2490 talibus
2037 2432 2181 2491 locis
2219 2432 2511 2512 frequens.

263 2517 417 2576 Tale
444 2526 644 2575 autem
672 2519 871 2597 apium
900 2538 1020 2577 esse
1036 2562 1054 2591 ,
1095 2538 1272 2575 nemo
1300 2517 1468 2576 facile
1494 2519 1754 2595 ignorat,
1800 2517 1913 2575 uisi
1938 2518 2115 2576 verba
2140 2517 2288 2575 forte
2316 2536 2385 2575 ac
2413 2536 2513 2577 so-

262 2621 374 2661 nos
403 2600 620 2664 discere
649 2620 716 2661 ac
742 2614 942 2661 tenere
969 2605 1330 2661 consueverit
1355 2604 1599 2683 notione
1634 2602 1795 2659 nulla
1822 2604 2097 2661 subiecta.
2182 2604 2337 2659 Nam
2364 2622 2512 2661 con-

265 2684 611 2747 donandum
653 2696 740 2743 est
778 2688 890 2743 viri
931 2685 1246 2744 doctissimi
1301 2684 1619 2763 elegantiae
1660 2684 1839 2766 quod,
1858 2689 2013 2744 inter
2060 2696 2249 2745 cetera
2286 2690 2509 2765 posuit:

274 2772 542 2833 Vidistin
576 2770 913 2851 quidquam
945 2768 1242 2844 infin-fitius
1269 2780 1384 2825 aut
1420 2768 1749 2825 ridiculum
1782 2770 2024 2849 magis?
2080 2772 2367 2827 Dvianos
2392 2792 2513 2848 pro

263 2859 487 2917 mensis
527 2860 728 2936 apium
763 2852 1110 2913 adhibmzm
1127 2894 1152 2923 ‚
1206 2863 1390 2931 atque
1445 2872 1510 2908 eo
1568 2852 1823 2931 denique
1844 2894 1865 2921 ‚
1936 2874 2095 2911 more
2146 2852 2511 2923 Aeinorum,

261 2945 427 3003 vesei
454 2944 742 3020 potuisse.
834 2942 968 2999 Non
1025 2958 1296 3021 assequor
1311 2982 1326 3011 ,
1387 2936 1531 3020 quid
1588 2937 1685 2995 ille
1726 2936 1799 2995 de
1836 2935 1946 2995 hac
1988 2938 2185 3016 planta
2230 2940 2509 2997 statuerit.

261 3030 389 3089 Etsi
417 3031 577 3087 enim
605 3028 720 3107 apii
746 3046 966 3085 nomen
989 3026 1158 3083 latius
1186 3035 1343 3105 patet
1360 3068 1376 3098 ,
1421 3033 1480 3081 et
1505 3025 1797 3081 incertum
1820 3033 1933 3096 est,
1987 3022 2159 3103 quale
2186 3023 2303 3101 apii
2328 3042 2513 3101 genus

260 3126 529 3173 veterum
554 3112 768 3191 apium
793 3114 866 3170 sit
881 3157 898 3186 ,
947 3110 1130 3189 (conf.
1159 3130 1286 3189 sup.
1317 3107 1394 3167 ad
1421 3110 1529 3167 Ge.
1557 3108 1657 3181 IV,
1691 3106 1841 3185 120)
1885 3126 2024 3166 cum
2068 3108 2165 3165 alii
2192 3128 2331 3165 cum
2354 3110 2512 3166 Mat-

261 3198 448 3259 thiolo
465 3196 898 3279 petroselinum
923 3207 1187 3256 nostrum
1202 3239 1221 3269 ,
1267 3195 1364 3252 alii
1391 3204 1655 3253 nostrum
1700 3192 1903 3270 Celety
1926 3191 1991 3251 id
2010 3189 2347 3251 habendum
2388 3190 2511 3253 esse

261 3296 516 3345 statuant
544 3284 778 3361 (verum
805 3284 1006 3363 apium
1031 3284 1094 3340 in
1119 3282 1392 3361 Aegypto
1419 3300 1480 3338 se
1510 3280 1783 3358 reperisse
1822 3279 2068 3357 Alpinus
2106 3298 2219 3337 rer.
2257 3280 2511 3360 Aegypt.

262 3374 366 3445 ΙΙΙ,
389 3374 449 3445 9,
479 3392 537 3450 p.
571 3370 690 3435 158
720 3370 1032 3445 asserebat3
1089 3377 1210 3426 erat
1239 3365 1313 3425 de
1343 3384 1412 3423 eo
1439 3367 1691 3423 narratio
1722 3361 1879 3442 apud
1904 3361 2380 3444 Theopompum,
2408 3366 2511 3427 lib.

261 3458 399 3516 VIII
425 3454 736 3534 Philippic.
749 3499 767 3528 ,
806 3464 874 3512 ut
903 3474 980 3511 ex
1005 3450 1266 3512 Theonis
1295 3453 1617 3531 Progymn.
1658 3454 1700 3513 2
1734 3450 1995 3528 intelligo
2015 3494 2031 3524 ,
2073 3460 2275 3508 manet
2313 3460 2511 3509 tamen

259 3541 378 3602 hoc
394 3584 412 3617 ,
453 3543 606 3598 iuter
633 3537 826 3598 edulia
865 3538 1011 3597 illud
1049 3538 1242 3597 fuisse.
1329 3536 1396 3595 Si
1437 3546 1637 3595 tamen
1678 3533 1910 3593 fabulae
1952 3555 2149 3593 caussa
2192 3546 2250 3593 et
2288 3537 2433 3594 ratio
2477 3554 2510 3593 a

259 3628 578 3687 verborum
617 3627 752 3685 lusu
793 3620 1118 3684 revocanda
1158 3632 1333 3696 esset,
1391 3624 1617 3700 potiore
1658 3621 1790 3679 loco
1830 3618 2109 3679 haberem
2148 3620 2395 3679 Fabricii
2436 3620 2511 3679 ad

258 3716 518 3772 Dionem
545 3713 941 3771 coniecturam
955 3754 974 3785 ,
1025 3728 1102 3767 ex
1127 3708 1553 3788 permutatione
1578 3722 1795 3765 vocum
1820 3708 1992 3785 τῆλις
2011 3748 2029 3779 ,
2070 3702 2229 3785 quod
2268 3707 2511 3765 foenum

259 3818 575 3879 graectun,
603 3796 783 3855 silicia
813 3806 930 3869 est,
957 3793 1118 3852 unde
1145 3789 1394 3873 τήλινον
1422 3793 1518 3851 vel
1549 3786 1800 3870 σήλινον
1830 3786 2085 3872 ἄλευρον
2114 3788 2369 3868 dictum,
2412 3802 2513 3851 aut

261 3886 418 3945 forte
447 3904 524 3941 ex
549 3902 696 3941 voce
722 3882 898 3959 τηλία
922 3879 1018 3939 vel
1061 3878 1238 3957 σηλία
1252 3924 1272 3955 ,
1319 3896 1470 3959 quae
1510 3877 1797 3955 pistorum
1838 3893 1971 3934 arca
2015 3874 2111 3934 vel
2150 3876 2347 3935 tabula
2382 3876 2511 3934 fru-

259 3971 550 4029 mentaria
579 3980 697 4042 est,
739 3970 802 4024 in
833 3963 1067 4027 σέλινον
1095 3964 1348 4045 aliquem
1375 3960 1661 4020 incidisse.
1748 3957 1903 4034 Sed,
1946 3970 2015 4016 ut
2042 3958 2327 4035 diximus,
2368 3962 2511 4018 alie-

257 4076 378 4115 nae
406 4064 542 4114 sunt
568 4071 603 4110 a
629 4072 693 4110 re
719 4053 862 4109 tales
891 4050 1183 4127 argutiae3
1223 4068 1335 4107 nec
1362 4068 1452 4105 res
1481 4049 1627 4105 tanti
1677 4057 1761 4105 est
1778 4091 1794 4120 ,
1839 4056 1907 4103 ut
1950 4043 2161 4104 diutius
2207 4048 2263 4103 ei
2302 4043 2511 4104 inhae-

260 4160 412 4201 reas.
497 4139 674 4197 Nobis
705 4136 778 4195 de
807 4145 1014 4216 poetae
1044 4135 1220 4212 copiis
1247 4136 1506 4191 instituta
1534 4142 1655 4189 erat
1684 4130 2011 4209 disputatio.

433 4224 704 4283 Alterum
729 4220 1082 4303 prodigium,
1123 4216 1288 4298 qnod
1314 4218 1585 4275 Troianis
1610 4218 1673 4273 in
1701 4234 1857 4275 nova
1885 4226 2039 4272 terra
2066 4214 2359 4272 obiectum
2382 4210 2510 4284 fuit,

261 4320 356 4369 est
391 4328 486 4367 sus
531 4326 669 4367 cum
695 4306 876 4365 XXX
923 4303 1192 4363 foetibus.
1250 4322 1310 4361 v.
1336 4302 1490 4375 VIII,
1538 4304 1616 4365 81
1658 4319 1820 4383 sqq.;
1874 4300 2075 4357 fabula
2101 4296 2341 4379 quidem
2366 4292 2514 4352 nihil

257 4414 372 4477 per
399 4413 462 4451 se
489 4390 708 4450 habens
733 4393 830 4451 vel
858 4388 1178 4469 dignitatis,
1233 4388 1329 4445 vel
1355 4386 1647 4445 suavitatis
1663 4429 1680 4459 ,
1731 4401 1848 4465 qua
1874 4395 2074 4442 tamen
2100 4384 2201 4439 vix
2229 4380 2340 4437 alia
2362 4380 2513 4435 inter

256 4482 560 4541 Romanas
587 4478 835 4555 origines
863 4472 1230 4548 celebratior-3
1287 4472 1464 4531 etiam
1491 4469 1687 4527 multis
1712 4468 1905 4527 numia
1920 4512 1939 4543 ,
1988 4466 2247 4546 inprimis
2270 4460 2515 4521 Adriani
