3009 5050
507 383 608 454 92
971 375 1054 450 P.
1109 371 1641 449 VIRGILII
1691 373 2247 450 MARONIS

508 561 904 662 Signaque
943 555 1157 636 ferre
1199 559 1410 637 iuvat
1428 618 1450 655 ,
1510 560 1976 659 sonitusque
2028 558 2301 636 audire
2348 559 2739 640 tubarum.

506 664 880 764 Quinque
915 661 1118 738 adeo
1147 685 1480 759 magnae
1499 663 1781 762 ‘positis
1813 662 2231 740 incudibus
2258 661 2499 740 urbes

506 765 700 843 Tela
783 779 1085 842 novant
1111 823 1134 862 ,
1223 765 1454 844 Atina
1526 779 1813 866 potens
1840 827 1863 861 ‚
1968 766 2383 868 Tiburque
2460 792 2741 867 super-

1662 867 1883 963 hum,
2588 881 2739 952 630

500 969 800 1067 Ardea,
875 967 1565 1070 Crustumerique,
1646 983 1728 1048 et
1791 971 2225 1070 turrigerae
2274 977 2736 1056 Antemnae.

503 1076 888 1172 Tegmina
921 1086 1088 1150 tuta
1125 1085 1398 1148 cavant
1440 1075 1822 1173 capitum,
1872 1073 2365 1177 flectuntque
2408 1077 2737 1176 salignas

500 1178 970 1254 Umbonum
1003 1177 1262 1268 cratis3
1311 1175 1437 1252 alii
1466 1177 1825 1254 thoracas
1853 1202 2119 1276 aenOS,

497 1285 656 1357 Aut
684 1280 874 1356 levis
907 1303 1177 1356 ocreas
1205 1278 1426 1354 lento
1459 1278 1762 1356 ducunt
1791 1293 2157 1380 argentm

499 1385 868 1462 Vomeris
897 1382 1057 1459 huc
1089 1395 1168 1458 et
1191 1379 1410 1458 falcis
1429 1382 1735 1482 houm,
1787 1383 1949 1460 huc
1981 1385 2241 1460 omnis
2272 1386 2503 1460 aratri
2586 1395 2733 1466 635
2800 1412 2807 1420 ·

633 1592 738 1646 628
777 1587 928 1644 iube»
957 1587 1169 1650 Media,
1197 1587 1340 1642 forte
1373 1588 1540 1656 tubes,
1575 1590 1726 1644 uadit
1762 1591 1945 1644 noim.
1992 1592 2189 1644 savam
2220 1591 2369 1644 nm.
2464 1579 2565 1646 629
2596 1593 2737 1658 Quin

495 1660 636 1714 adeo
672 1660 836 1712 Goth.
869 1677 972 1728 pr„
1021 1657 1299 1710 manifesto
1347 1659 1494 1710 vitio.
1578 1663 1693 1714 Nec
1738 1661 1941 1714 videtur
1994 1661 2229 1730 poeticus
2265 1678 2436 1712 sermo
2473 1677 2585 1712 eam
2618 1663 2737 1714 for-

493 1747 632 1784 mam
675 1731 833 1782 ferre.
895 1725 1165 1798 'impositis
1213 1746 1410 1799 magne
1445 1728 1688 1782 Parrha».
1838 1731 1941 1785 630
1982 1733 2189 1782 Latina
2236 1731 2419 1798 fragm.
2470 1729 2640 1782 Vatic.
2702 1749 2737 1782 ι

495 1817 566 1850 m.
599 1817 682 1866 pr.
787 1798 887 1852 631
923 1797 1120 1849 Ardua
1171 1795 1330 1848 Goth.
1378 1815 1481 1850 sec.
1554 1803 2010 1870 Crustumerumq.
2048 1800 2141 1852 Ed.
2189 1799 2309 1852 Ald.
2358 1817 2439 1868 pr.
2488 1808 2542 1849 et
2586 1801 2737 1864 lunt„

495 1867 594 1920 sed
625 1866 1160 1924 emendatumstatim
1191 1866 1248 1918 in
1277 1865 1396 1918 Ald.
1431 1885 1537 1920 sec.
1608 1873 2069 1938 Crustumenumq.
2106 1871 2311 1934 Menag.
2348 1886 2428 1936 pr.
2502 1871 2737 1920 Crustu-

491 1938 706 2007 miumq.
743 1935 905 1990 Goth.
941 1953 1040 2004 pr„
1071 1935 1212 2003 quod
1245 1936 1384 2004 apud
1421 1935 1602 1989 Silium
1624 1938 1831 2006 legitur
1869 1941 2007 2003 vm,
2040 1939 2142 1992 367
2177 1947 2233 1990 et
2268 1939 2577 1989 crustumia
2604 1939 2737 2006 pira

495 2025 612 2074 sup.
657 2009 852 2072 Georg.
900 2005 973 2067 11,
1025 2005 1110 2058 88.
1180 2016 1234 2055 et
1283 2005 1434 2056 abest
1470 2009 1621 2060 Rom.
1691 2012 2018 2073 Antemnae,
2070 2012 2375 2070 Auamma,
2416 2013 2733 2071 Armentiue,

495 2076 751 2128 aberratt.
799 2075 939 2126 conf.
978 2074 1158 2124 Heius.
1309 2073 1412 2128 632
1451 2077 1707 2146 Tegmine
1750 2076 1884 2130 alter
1928 2080 2134 2144 Menag.
2204 2089 2335 2128 suta
2383 2075 2520 2128 coni.
2554 2075 2733 2128 Heius.

493 2145 596 2198 633
629 2146 830 2198 craecis
875 2143 1060 2210 fragm.
1113 2141 1304 2204 Vatic„
1367 2143 1460 2194 sed
1512 2145 1836 2198 emendatum
1868 2149 2055 2199 cratis.
2104 2145 2315 2214 (Medic.
2352 2158 2549 2198 crates.
2588 2147 2670 2198 W
2664 2147 2731 2212 t.)

493 2231 752 2266 cors-acas
783 2214 964 2264 Frane.
1027 2229 1227 2264 aeneos
1248 2211 1440 2264 Medic.
1477 2211 1773 2282 eleganter,
1806 2215 1882 2266 ait
1918 2216 2095 2266 Heius.
2145 2214 2340 2266 Saltem
2374 2213 2501 2264 ferri
2532 2223 2731 2280 potest.

495 2283 615 2348 (sed
647 2283 754 2335 hoo
773 2281 962 2333 Medic.
997 2281 1130 2332 a'm.
1165 2297 1268 2348 pr„
1315 2299 1344 2331 a
1379 2299 1481 2333 sec.
1518 2301 1715 2346 aenos,
1746 2303 1779 2335 c
1814 2293 1869 2336 et
1902 2285 2185 2338 mussona
2222 2295 2275 2336 et
2307 2292 2500 2348 puncto
2536 2293 2731 2336 notata.

501 2355 584 2406 W
577 2353 644 2418 r.)

491 2420 642 2490 lapsu
683 2420 849 2472 minus
881 2417 1041 2472 felici.

491 2608 638 2655 runt
681 2596 940 2657 debitum
983 2598 1178 2657 Ennio
1235 2618 1356 2675 esse
1403 2611 1569 2659 notat

489 2684 744 2743 Macrob.
789 2684 886 2759 VI,
932 2688 988 2747 1.
1075 2682 1197 2743 Sed
1235 2686 1298 2743 in
1339 2668 1564 2752 v.⁸626

489 2768 566 2827 ad
591 2781 816 2829 nostros
845 2769 1040 2827 decori
1077 2790 1276 2829 sensus
1320 2774 1567 2850 exigen-

487 2852 596 2914 dus
637 2876 758 2915 non
803 2866 888 2913 est
931 2854 1128 2914 laevor
1185 2868 1244 2914 et
1294 2856 1567 2937 splendor

487 2962 563 2999 ex
606 2944 860 3021 axungia
900 2952 958 2997 et
996 2942 1162 3001 suillo
1213 2940 1382 3020 adipe
1429 2936 1563 3021 (ἆρ-

483 3024 611 3110 γὲτι
631 3030 804 3107 δημῷ
827 3024 984 3105 apud
999 3028 1348 3105 Homerum)
1381 3046 1566 3105 quae-

482 3114 645 3170 situs.
727 3114 780 3168 N
784 3131 848 3169 ec
893 3120 1086 3169 tamen
1114 3130 1222 3190 per
1247 3132 1308 3169 se
1335 3114 1568 3169 tenuior

485 3207 587 3253 aut
629 3197 797 3259 vilior
837 3198 920 3252 rei
975 3207 1057 3255 est
1109 3198 1326 3275 species
1387 3216 1567 3276 quam

479 3285 736 3339 'acumen
795 3298 872 3336 ex
915 3292 1061 3338 eote.
1121 3280 1266 3359 (vid.
1309 3282 1443 3339 Not.
1488 3278 1565 3339 ad

482 3368 590 3439 xl,
620 3366 766 3433 659·
799 3362 903 3422 PV
891 3366 977 3441 r.)

570 3454 696 3515 629
725 3470 851 3529 sqq.
893 3449 1292 3509 Voluntariam
1327 3446 1428 3507 has
1457 3470 1564 3507 ur-

482 3536 584 3593 bes
633 3536 901 3593 militiam
957 3536 1268 3613 suscepisse
1323 3536 1563 3615 putabat

485 3619 703 3696 Cei-da,
762 3640 898 3677 cum
957 3622 1155 3677 ceteris
1207 3622 1561 3698 imperatum

483 3716 662 3781 esset,
720 3716 786 3764 ut
839 3706 1170 3765 militarent.
1265 3705 1560 3786 Equidem

479 3793 668 3851 verbis
711 3802 940 3851 tantum
967 3793 1151 3849 inesse
1191 3788 1362 3849 video
1405 3790 1555 3851 hoo:

479 3897 602 3936 non
659 3876 837 3937 modo
911 3888 1158 3955 agrestes
1215 3877 1558 3935 confluxisse

481 3962 576 4041 (ut
620 3964 744 4029 573
772 3984 860 4044 sq.
901 3974 1200 4023 narratum
1239 3964 1404 4039 erat),
1451 3984 1559 4022 ve-

478 4068 612 4107 rum
643 4051 816 4107 etiam
843 4068 1084 4127 magnas
1109 4050 1278 4107 urbes
1308 4048 1559 4110 bellandi

475 4132 671 4195 studio
731 4137 1023 4194 exarsisse.
1122 4135 1390 4215 Quinque
1445 4154 1557 4193 au-

478 4232 600 4279 tem
653 4232 922 4279 numerat
950 4266 965 4295 ,
1039 4228 1106 4279 ut
1171 4232 1342 4300 poeta
1371 4266 1388 4296 ,
1460 4222 1556 4279 eui

477 4308 677 4365 omnia
732 4304 965 4367 definite
1042 4305 1330 4366 efferenda
1397 4316 1552 4365 sunt.

477 4392 800 4472 (Quinque
861 4390 1088 4463 adeo,
1173 4391 1292 4453 vid.
1352 4392 1421 4462 9.
1479 4392 1551 4449 V.

751 2350 852 2406 634
885 2353 1030 2404 Pare
1067 2349 1204 2402 levis
1245 2347 1421 2402 Schol.
1467 2352 1655 2406 Horat.
1686 2357 1803 2406 Art.
1834 2353 1924 2410 26.
1991 2354 2238 2406 condam
2283 2371 2336 2405 a.
2372 2352 2537 2404 Goth.
2588 2361 2732 2418 tert„

1649 2598 1865 2673 XXVI,
1894 2603 1955 2663 3.
2014 2596 2191 2675 W.)
2274 2598 2491 2655 Debuit
2532 2608 2729 2656 tamen

1650 2683 1861 2743 harum
1886 2685 2039 2742 Latii
2077 2684 2311 2741 urbium
2351 2686 2731 2762 praecipuum
2794 2732 2803 2737 .

1646 2790 1869 2829 nomen
1898 2790 2019 2828 esse
2048 2770 2455 2849 antiquissimis
2496 2780 2729 2849 tempo-

1648 2857 1803 2915 ribus
1820 2874 1839 2913 2
1896 2858 1959 2913 in
1998 2854 2209 2911 finibus
2248 2853 2513 2934 quidem,
2572 2856 2729 2913 occi-

1651 2940 1888 2999 dentem
1943 2960 2137 2999 versus
2153 2983 2170 3014 ,
2242 2940 2615 2997 Crustumerii
2670 2951 2729 2997 et

1648 3028 2093 3099 Antemnarum,
2122 3023 2199 3084 ad
2226 3026 2509 3084 orientem
2532 3036 2729 3083 autem

1646 3112 1799 3167 Latii
1816 3154 1833 3183 ,
1875 3111 2084 3169 Atinae
2124 3112 2189 3167 in
2226 3110 2465 3169 Volscis.
2543 3108 2728 3170 sthur

1648 3192 1973 3271 superbum
2000 3215 2035 3253 a
2060 3195 2491 3275 magnificentia
2516 3198 2727 3275 partim

1650 3300 1725 3339 ex
1754 3281 1956 3359 opibus
1986 3292 2043 3337 et
2070 3282 2229 3339 cultu
2245 3326 2262 3354 ,
2304 3284 2515 3360 partim
2544 3302 2617 3339 ex
2646 3283 2725 3339 si-

1572 3388 1589 3401 ·
1647 3376 1713 3425 tu
1740 3368 1804 3423 in
1836 3365 1988 3425 edito
2017 3368 2168 3425 loco.
2236 3367 2460 3443 Astute,
2487 3388 2564 3424 ne
2592 3387 2725 3425 me-

1645 3462 1803 3509 trum
1856 3464 2202 3532 repugnaret
2230 3496 2246 3526 ,
2304 3472 2411 3531 pro
2474 3452 2725 3510 (lb-:wm-

1644 3538 1827 3595 merio
1870 3540 2023 3595 cives
2080 3538 2487 3595 Crmmmeros
2542 3536 2719 3597 dixit:

1638 3624 1753 3681 nisi
1794 3622 2184 3681 ornatuum-I
2208 3616 2321 3680 fuit'
2345 3643 2451 3702 pro
2483 3624 2723 3683 Crustu.-

1638 3710 1841 3767 merii:
1886 3708 2045 3790 quod
2066 3728 2270 3768 verum
2298 3728 2419 3767 esse
2446 3710 2721 3788 suspicor.

1632 3792 1807 3870 (vera
1832 3798 1991 3873 prior
2015 3796 2161 3853 ratio
2190 3814 2297 3873 pro
2324 3814 2489 3853 more
2514 3804 2721 3875 poeta-

1640 3899 1775 3937 rum
1815 3878 2123 3939 variandae
2180 3881 2425 3937 orationi
2478 3879 2721 3942 studen-

1640 3967 1808 4023 tium.
1874 3965 1979 4024 W
1964 3967 2050 4042 r.)
2166 3965 2326 4035 Quae
2380 3976 2721 4047 sequuntur,

1644 4048 1719 4109 ad
1775 4048 1881 4109 has
1936 4050 2299 4129 potissimum
2358 4050 2529 4107 urbes
2584 4070 2723 4129 spe—

1642 4146 1819 4211 ctant,
1850 4147 2049 4195 ornate
2078 4155 2146 4193 ea
2176 4132 2415 4217 quidem
2430 4139 2720 4215 ,exposita‚

1638 4219 1743 4279 sed
1770 4224 1901 4281 satis
1930 4222 2003 4280 ab
2032 4223 2155 4279 aliis
2182 4240 2415 4303 quoque
2442 4222 2723 4301 hequen-

1639 4316 1779 4365 tata.
1873 4310 2022 4371 682.
2064 4304 2209 4364 Alii
2244 4307 2435 4383 galeas
2478 4305 2721 4381 cudunt,

1638 4401 1739 4449 aut
1778 4390 2056 4469 salignas
2114 4389 2455 4451 Umbonum
2500 4403 2723 4463 crates,
