3009 5050
479 361 711 482 ἰω
1109 397 2239 479 Excunsusiv

735 591 856 652 Sed
895 594 1176 650 maiorem
1217 589 1486 650 mutandi
1526 601 1585 650 et
1626 589 1701 649 ad
1746 578 2123 670 peregrinam
2172 587 2435 648 indolem
2488 589 2825 650 inflectendi

563 677 796 760 mythos
823 680 1060 736 Latinos
1084 680 1404 753 licentiam,
1437 679 1605 734 tertio
1634 675 1875 758 quidem
1902 678 2031 734 loco
2052 721 2067 750 ,
2109 677 2301 734 attulit
2324 678 2603 734 insanum
2636 678 2823 736 Grae-

565 767 798 824 canicae
843 761 1136 822 doctrinae
1177 765 1240 822 in
1281 765 1492 846 patrias
1534 761 1799 822 historias
1846 771 1902 819 et
1954 763 2261 840 religiones
2310 759 2654 820 inferendae
2694 775 2822 822 stu-

567 849 732 908 dium
759 852 908 908 inter
933 853 1226 908 Romanos
1246 894 1261 922 ,
1307 845 1465 930 quod
1495 867 1529 906 a
1557 849 1813 927 pluribus
1844 849 2053 907 caussis
2073 847 2409 928 profectum
2458 858 2564 906 est.
2654 849 2823 906 Par—-

569 937 678 992 tim
711 937 872 994 enim
900 934 1248 994 domesticae
1276 935 1547 1011 historiae
1572 935 1913 1014 'antiquioris
1940 935 2267 1012 ignorantia
2284 975 2300 1007 ,
2349 943 2407 990 et
2448 935 2683 1012 plenior
2708 955 2819 992 ex-

566 1015 930 1101 peditiorque
959 1023 1314 1080 Graecarum
1341 1039 1538 1078 rerum
1564 1021 1821 1098 cognitio
1836 1063 1853 1092 ,
1902 1020 2141 1097 partim
2184 1021 2543 1083 Graecorum
2582 1017 2823 1078 histori-

568 1127 772 1165 corum
797 1107 1136 1186 exemplum
1161 1109 1225 1164 iu
1255 1108 1573 1186 originibus
1598 1107 1807 1164 veteris
1849 1105 2047 1164 ltaliae
2086 1125 2119 1162 e
2163 1106 2403 1163 Graecia
2446 1105 2817 1176 arcessendis,

569 1211 886 1272 eorumque
915 1191 990 1250 de
1019 1203 1282 1252 veterum
1319 1193 1701 1270 Pelasgorum
1744 1191 2151 1248 communibus
2194 1209 2333 1248 cum
2372 1191 2685 1248 Ausonum
2726 1193 2821 1250 vel

567 1278 956 1356 Aboriginum
995 1290 1169 1356 gente
1225 1277 1457 1338 sedibus
1499 1278 1753 1334 narratio
1798 1287 1856 1334 et
1898 1273 2207 1355 disputatio
2225 1319 2240 1350 ,
2284 1277 2521 1354 partim
2565 1276 2825 1358 denique

565 1363 962 1423 animadversa
989 1366 1051 1422 in
1079 1365 1374 1422 nonnullis
1401 1363 1791 1432 flraecanicae
1838 1363 2073 1440 originis
2102 1373 2159 1423 et
2186 1363 2421 1440 linguae
2460 1363 2707 1440 vestigia
2752 1383 2821 1422 eo

567 1448 929 1508 adduxerant
957 1452 1173 1510 multos
1189 1493 1205 1522 ,
1249 1459 1318 1506 ut
1347 1448 1575 1520 omnia,
1622 1466 1771 1528 quae
1798 1449 1862 1504 in
1890 1449 2230 1528 antiquitate
2260 1447 2457 1505 ltaliae
2486 1449 2733 1506 obscura
2766 1461 2823 1509 et

557 1554 774 1620 parum
818 1535 1114 1614 explorata
1159 1544 1346 1592 essent
1363 1577 1378 1606 ,
1425 1530 1500 1591 ad
1544 1535 1793 1592 Graecos
1836 1533 2048 1591 referre
2068 1576 2087 1606 ,
2144 1553 2220 1590 ex
2268 1534 2501 1591 Graecis
2540 1535 2823 1610 moribus,

569 1620 842 1677 institutis
860 1665 876 1692 ,
925 1631 982 1677 et
1027 1621 1396 1699 opinionibus
1423 1615 1707 1678 illustrare
1725 1663 1740 1692 ‚
1793 1629 1851 1676 et
1878 1639 1947 1676 ea
1962 1662 1979 1693 ,
2028 1637 2177 1699 quae
2206 1637 2241 1675 a
2268 1616 2501 1676 Graecis
2528 1617 2825 1699 discrepa-

566 1714 699 1761 rent
719 1749 734 1776 ‚
766 1703 841 1762 ad
873 1724 1078 1763 eorum
1105 1707 1282 1764 verba
1311 1715 1366 1762 et
1386 1724 1476 1763 res
1507 1698 1949 1766 accommodare
1988 1701 2307 1763 studerent.
2388 1701 2494 1764 Est
2534 1725 2607 1762 ea
2648 1706 2826 1764 studii

569 1787 828 1846 historici
865 1791 1019 1848 inter
1062 1810 1266 1850 omnes
1309 1791 1554 1870 populos
1594 1791 1837 1847 infantia
1856 1833 1873 1864 ,
1932 1800 2001 1848 ut
2049 1809 2287 1848 suarum
2328 1809 2524 1851 rerum
2570 1793 2827 1869 origines

571 1883 730 1952 aptas
761 1884 818 1932 et
845 1895 1026 1932 nexas
1054 1895 1174 1934 esse
1200 1877 1382 1936 velint
1410 1893 1487 1933 ex
1514 1877 1717 1934 illustri
1746 1876 1941 1959 aliquo
1975 1876 2067 1933 sui
2110 1895 2211 1934 seu
2250 1877 2423 1956 prisci
2464 1879 2825 1956 temporibus

565 1961 809 2040 populo·
895 1963 1140 2020 Maiores
1168 1963 1350 2020 nostri
1377 1981 1587 2039 regum
1612 1964 1813 2040 stirpes
1852 1959 1929 2018 ad
1966 1961 2251 2020 Troianos
2286 1963 2389 2020 -vel
2432 1963 2687 2022 Graecos
2726 1983 2829 2022 re-

568 2045 854 2103 ferebant.
941 2047 1222 2106 Similiter
1263 2047 1519 2106 Bomani
1562 2048 1829 2106 omnium
1843 2079 1853 2088 ·
1866 2045 1988 2104 fere
2026 2048 2359 2104 Italicarum
2416 2048 2657 2106 urbium
2710 2069 2827 2107 no-

569 2131 732 2186 mina
765 2141 822 2188 et
853 2132 1100 2210 origines
1129 2153 1163 2190 a
1192 2135 1424 2192 Graecis
1453 2135 1789 2211 repetebant
1806 2176 1821 2206 ,
1852 2130 2331 2216 quandoquidem¹
2354 2133 2609 2194 colonias
2636 2135 2827 2193 Grae-

567 2233 662 2274 cas
693 2217 754 2271 in
783 2217 980 2276 multis
1006 2219 1204 2276 Italiae
1232 2221 1447 2298 passim
1473 2219 1614 2276 locIs
1642 2215 1963 2276 consedisse
1994 2229 2353 2298 acceperant.

737 2303 922 2358 Huius
949 2305 1176 2380 generis
1203 2301 1577 2383 mythologiis
1604 2305 1763 2382 pleni
1804 2315 1938 2362 sunt
1980 2303 2393 2378 Grammatici,
2436 2305 2829 2386 inprimisque

564 2385 922 2444 Macrobius:
959 2391 1022 2445 in
1053 2390 1260 2468 quibus
1286 2400 1517 2467 tempus
1546 2408 1887 2446 consumere
1914 2389 2207 2468 sigillatim
2238 2387 2601 2468 exponendis
2628 2393 2825 2450 nolim

568 2489 958 2553 quemquam3
1001 2476 1134 2533 satis
1165 2485 1249 2533 est
1274 2493 1402 2533 rem
1444 2476 1686 2533 omuino
1728 2483 1946 2533 tenere.
2034 2474 2156 2535 Sed
2172 2519 2189 2551 ‚
2236 2472 2395 2557 quod
2437 2479 2673 2555 gravius
2720 2489 2827 2550 est,

567 2559 792 2638 antiqui
833 2560 926 2617 isti
969 2562 1270 2640 scriptores
1287 2605 1302 2634 ,
1363 2580 1509 2642 quos
1548 2562 1633 2617 illi
1674 2558 1865 2619 adhuc
1908 2563 2161 2640 integros
2202 2563 2507 2621 versabam
2550 2566 2827 2623 manibus

569 2653 627 2699 et
669 2645 1102 2721 exscribebant,
1157 2645 1364 2705 iisdem
1425 2647 1792 2725 opinionibus
1851 2658 2016 2705 erant
2056 2648 2286 2705 imbuti.
2371 2649 2466 2705 Ex
2508 2668 2625 2728 qua
2666 2661 2829 2709 secta

575 2728 722 2785 Cato
751 2732 1014 2809 inprimis
1059 2732 1200 2807 fuit,
1259 2733 1361 2813 qui
1398 2752 1527 2791 sero
1565 2734 1890 2791 litterarum
1929 2734 2283 2792 Graecei-tun
2324 2732 2515 2791 studio
2565 2734 2639 2793 ad
2686 2756 2829 2815 pra·-

564 2833 701 2872 vam
757 2835 890 2873 eam
939 2819 1226 2876 rationem
1287 2816 1569 2879 deductus
1626 2838 1746 2877 esse
1804 2816 2051 2878 videtur.
2137 2816 2351 2879 Eidem
2402 2818 2675 2899 adiungit
2734 2824 2822 2879 P.

570 2899 992 2977 Sempronium
1051 2902 1426 2961 Asellionem
1473 2906 1785 2984 Dionysius
1846 2906 1893 2978 1,
1948 2926 2003 2963 c.
2062 2908 2164 2967 11.
2274 2903 2607 2962 Caeciliscm
2622 2948 2647 2975 ‚
2720 2910 2831 2987 qui

563 2987 851 3045 Graecam
888 2989 1043 3045 urbis
1085 2992 1308 3047 Romae
1351 2991 1641 3066 originem
1686 2987 1977 3064 ediderat,
2020 2990 2231 3049 Strabo
2272 3002 2563 3049 memorat
2600 2992 2711 3051 lib.
2752 2995 2832 3069 V,

561 3089 622 3149 p.
651 3073 780 3135 352
809 3072 892 3145 03
936 3075 1040 3152 qui
1066 3084 1265 3130 tamen
1293 3073 1441 3131 forte
1471 3083 1557 3131 est
1592 3073 1835 3131 Cincius
1854 3114 1877 3143 ,
1920 3077 2083 3133 cuius
2126 3094 2347 3133 nomen
2390 3072 2546 3155 apud
2586 3079 2837 3159 Diony-—

563 3156 716 3213 sium
745 3174 979 3236 quoque
1009 3156 1108 3215 lib.
1139 3159 1185 3231 1,
1217 3157 1320 3231 74,
1348 3178 1408 3237 p.
1441 3159 1523 3223 59
1553 3157 1736 3217 Huds.
1770 3158 2026 3233 Καίκιος
2055 3164 2117 3217 in
2148 3160 2293 3219 eod.
2322 3162 2507 3221 Vatic.
2537 3164 2837 3243 scriptum

565 3258 689 3296 esse
715 3238 887 3298 video
905 3284 923 3315 ‚
967 3243 1063 3300 vel
1101 3242 1167 3299 C.
1200 3241 1488 3313 Acilius,
1544 3246 1707 3303 cuius
1734 3246 1971 3303 annales
2012 3266 2219 3325 graece
2260 3249 2457 3327 scripti
2496 3268 2533 3307 a
2574 3248 2839 3311 claudio

565 3324 759 3403 aliquo
791 3330 1053 3387 conversi
1081 3329 1440 3405 legebantur.
1526 3331 1644 3389 Eos
1664 3372 1681 3405 ,
1726 3332 1828 3411 qui
1866 3350 2073 3411 graece
2101 3352 2191 3389 res
2218 3334 2431 3411 patrias
2458 3336 2839 3416 conscripse-

565 3418 732 3480 runt,
777 3412 1074 3471 Romanos
1105 3414 1349 3472 Graecas
1381 3434 1618 3496 quoque
1660 3416 1883 3475 fibulas
1924 3438 2049 3476 esse
2086 3419 2417 3497 amplexos,
2478 3440 2659 3479 nemo
2706 3425 2837 3481 mi-

563 3494 816 3570 rabitur3
858 3506 922 3553 ut
961 3494 1035 3573 Q.
1071 3496 1333 3555 Fabium
1361 3502 1422 3557 in
1450 3501 1773 3559 Annalibus
1805 3504 1877 3561 'et
1920 3501 2003 3561 L.
2068 3503 2345 3561 Cincium
2386 3506 2450 3562 iu
2491 3507 2837 3568 Annalibus

565 3580 798 3637 Graecis
828 3578 949 3660 (ap.
980 3582 1222 3661 Dionys.
1259 3585 1360 3641 lib.
1390 3586 1436 3659 Ι,
1465 3606 1519 3642 c.
1553 3588 1653 3666 6),
1696 3586 1787 3644 A.
1837 3586 2143 3647 Albinum
2164 3632 2187 3659 ‚
2228 3590 2339 3669 qui
2386 3591 2621 3649 Graece
2666 3597 2839 3651 ecri—

553 3666 688 3741 psit
728 3664 1038 3725 historiam
1057 3710 1078 3737 ,
1124 3668 1245 3725 Cic.
1285 3670 1451 3728 Brut.
1502 3672 1605 3746 21,
1653 3682 1713 3730 et.
1779 3672 1890 3730 Cn.
1952 3674 2283 3748 Azfidium
2297 3717 2324 3746 ,
2368 3678 2550 3737 Tnsc.
2596 3679 2671 3753 V,
2720 3684 2839 3745 38.

561 3750 880 3809 Eniinvero
907 3752 1164 3811 necdum
1193 3754 1374 3811 alium
1413 3774 1773 3838 quemquam
1815 3762 2153 3839 scriptorem
2192 3773 2451 3821 veterem
2464 3807 2480 3838 ,
2526 3776 2841 3844 quantum

564 3834 804 3915 quidem
833 3856 911 3895 ex
935 3838 1273 3917 fragmentis
1301 3840 1548 3920 intelligi
1574 3854 1763 3921 potest
1812 3844 2107 3927 (inspiciat
2154 3848 2359 3929 aliquis
2400 3869 2459 3907 v.
2504 3870 2557 3907 c.
2600 3850 2839 3909 librum

566 3917 642 3976 de
670 3920 827 3999 Orig.
857 3924 930 3979 G.
961 3926 1083 4001 R.),
1125 3926 1342 4002 reperi,
1391 3929 1492 4007 qui
1528 3946 1653 3986 non
1682 3931 1929 3989 Graecas
1958 3932 2183 3991 fabulas
2197 3942 2543 3993 sectaretur.
2631 3937 2839 3997 Varro

565 4024 798 4085 qnoque
816 4050 831 4078 ,
877 4010 981 4087 qui
1007 4020 1202 4067 tamen
1231 4012 1294 4067 in
1324 4012 1446 4069 aliis
1463 4058 1480 4085 ,
1538 4014 1716 4072 etiam
1760 4014 1824 4073 in
1870 4018 2235 4097 etymologiis
2254 4064 2271 4093 ,
2328 4039 2535 4098 graeca
2578 4027 2839 4103 respuit,

564 4089 756 4147 eidem
783 4092 978 4151 studio
1002 4096 1252 4153 nimium
1277 4096 1551 4171 indulsit,
1592 4110 1657 4158 ut
1684 4102 1778 4158 vel
1808 4122 1884 4161 ex
1912 4124 2030 4163 uno
2059 4105 2188 4162 loco
2220 4104 2293 4163 de
2322 4108 2392 4163 R.
2423 4109 2493 4164 R.
2524 4110 2627 4183 111,
2678 4114 2743 4183 1,
2794 4114 2841 4174 6

562 4178 696 4234 satis
721 4178 966 4257 intelligi
993 4190 1200 4258 potest.
1286 4185 1555 4263 Inprimis
1586 4197 1782 4244 autem
1810 4188 1872 4245 in
1914 4190 2150 4247 urbium
2196 4192 2528 4249 Italicarum
2570 4196 2845 4274 origini-

562 4262 668 4319 bus
713 4282 746 4319 e
791 4264 1024 4323 Graecis
1067 4266 1274 4325 fabulis
1302 4268 1627 4348 repetendis
1668 4272 2003 4334 laborarunt
2044 4286 2273 4333 tantum
2301 4298 2423 4335 non
2467 4298 2680 4338 omnes
2698 4326 2719 4357 ‚
2768 4294 2843 4339 ut

559 4365 670 4404 nec
697 4346 945 4407 modum
970 4369 1080 4409 nec
1110 4354 1394 4412 rationem
1435 4368 1759 4433 servarent3
1818 4378 1959 4418 nam
2006 4362 2293 4419 levissima
2338 4382 2573 4445 quaque
2621 4386 2843 4425 rerum

559 4434 942 4495 nominumve
967 4437 1342 4498 similitudine
1383 4452 1613 4521 arrepta
1652 4444 1941 4521 originem
1955 4488 1973 4520 ,
2016 4464 2305 4522 caussam,
2350 4460 2409 4507 et
2450 4449 2847 4513 conditorem
