3009 5050
763 429 1373 508 AENEIDOS
1426 431 1637 508 Lm.
1676 432 1767 529 X,
1813 438 2243 513 884—898

2484 443 2633 514 565

382 612 739 714 Inplicat,
790 619 1210 718 eiectoq‘ue
1241 617 1632 692 incumbit
1671 640 2022 694 cernuus
2055 643 2300 699 armo,

387 715 756 795 Clamore
790 697 1233 796 incendunt
1261 719 1577 796 coelum
1595 725 2013 823 Troesque
2025 725 2463 826 Latinique.
2481 735 2632 806 895

384 820 729 897 'Advolat
758 828 1068 899 Aeneas
1088 885 1107 916 ‚
1163 823 1596 925 vaginaque
1627 826 1858 925 eripit
1889 849 2188 923 ensem,

383 927 485 1000 Et
521 947 762 1027 super
789 925 1024 1005 haec:
1079 927 1233 1006 Ubi
1269 951 1480 1003 nunc
1523 929 1964 1004 Mezentius
1997 953 2210 1028 acer,
2266 943 2346 1006 et
2375 929 2504 1006 illa
2601 999 2610 1006 .

300 1048 303 1051 ·
383 1024 657 1104 Effera
699 1031 814 1104 vis
843 1031 1138 1108 animi?
1234 1033 1531 1108 Contra
1560 1029 2057 1129 TyrrhenuS‚
2109 1045 2200 1108 ut
2228 1057 2449 1108 auras

524 1236 629 1290 894
661 1239 991 1309 electumque
1024 1238 1223 1292 zulich.
1278 1239 1351 1307 (et
1376 1237 1455 1291 itu
1494 1236 1768 1306 scripsisse
1802 1238 2080 1307 Virgilium
2115 1239 2390 1292 contendit
2421 1241 2636 1295 Wakef-

386 1306 455 1357 ad
490 1305 697 1359 Lucret.
745 1309 854 1375 vl,
905 1309 1059 1363 1141.
1116 1307 1287 1375 Wr.),
1331 1308 1644 1372 deiectoque
1691 1307 1828 1359 Gud.
1863 1327 1894 1358 a
1940 1327 2010 1362 m.
2044 1327 2148 1362 aec.
2194 1320 2249 1361 et
2281 1328 2384 1362 see.
2417 1310 2636 1364 Mente!-

387 1375 581 1440 (electo
616 1375 805 1429 Medic.
856 1377 997 1444 apud
1037 1379 1223 1446 Pogg„
1277 1378 1416 1428 idem
1467 1375 1621 1430 ambo
1655 1393 1686 1426 a
1720 1393 1788 1429 m.
1825 1395 1935 1447 pr.;
1971 1378 2244 1430 ‘cernulus
2287 1381 2435 1432 Rom.
2492 1383 2636 1447 Wr.)

385 1443 487 1499 895
523 1446 821 1498 intendunt
870 1447 1035 1498 Goth.
1072 1465 1195 1509 sec„
1244 1448 1319 1514 (et
1350 1451 1499 1498 Serv.
1545 1445 1734 1500 Dresd.
1791 1449 1939 1514 Wr.)
1992 1447 2135 1516 quod
2181 1448 2396 1500 defendi
2427 1457 2636 1516 potest3

381 1531 511 1565 veru
558 1513 719 1566 lectio
775 1531 882 1568 non
932 1526 1031 1568 est.

1172 1517 1274 1570 897
1322 1533 1489 1586 super
1527 1517 1630 1566 Ιιοο
1660 1515 1756 1566 Ed.
1803 1533 1888 1584 pr.
1941 1517 2115 1570 Burm.
2184 1519 2305 1571 Est:
2343 1529 2400 1570 et
2428 1517 2640 1586 insuper

384 1583 515 1635 haec
549 1583 713 1636 addit.
785 1598 841 1636 et
874 1586 966 1637 illi
996 1587 1205 1653 Hagen.
1274 1585 1631 1652 (Mezentius
1675 1583 1884 1646 Medic„
1928 1585 2025 1636 sed
2058 1585 2237 1655 priore
2271 1606 2302 1637 z
2351 1587 2638 1639 transfossa

386 1663 441 1702 et
473 1654 858 1734 puucto’etiam
892 1663 1107 1716 notatam
1142 1653 1247 1706 vid.
1277 1656 1347 1708 V.
1381 1655 1444 1712 L.
1479 1654 1548 1705 ad
1578 1657 1708 1705 Aen.
1743 1654 1806 1718 11,
1839 1653 1960 1710 763.
2001 1657 2148 1721 Wr.)
2250 1656 2355 1710 898
2380 1667 2438 1707 eo
2467 1672 2640 1707 auras

382 1721 577 1775 Medae.
611 1741 644 1775 a
676 1740 749 1808 ui.
780 1740 887 1778 sec.
922 1734 979 1776 ct
1014 1722 1108 1777 alii
1140 1725 1281 1776 Pier.
1316 1734 1373 1776 et
1404 1723 1608 1789 Heius„
1654 1721 1822 1774 minus
1875 1723 2044 1790 bene,
2082 1734 2139 1776 et
2171 1734 2432 1794 perpetuo
2465 1725 2637 1794 lapsu.

391 1897 569 1978 Wr.)
613 1875 754 1978 piae
780 1851 982 1959 doiore
1012 1901 1264 1959 calcibus
1292 1865 1471 1959 cdlci-

381 1993 525 2059 trat3
568 1985 649 2042 sic
694 2005 869 2066 eques
912 1985 1263 2061 effunditur,
1323 1997 1380 2044 et
1406 1983 1469 2044 h.

380 2067 422 2129 l.
452 2069 693 2150 quidem
718 2073 786 2128 in
816 2071 981 2130 latus
1012 2063 1162 2149 (non
1190 2075 1253 2130 in
1275 2081 1469 2151 caput,

376 2175 501 2228 nec,
532 2159 867 2235 resupinus3
926 2169 1205 2216 neutrum
1247 2159 1470 2239 reliqua

332 2317 339 2326 ς
381 2239 769 2319 admittunt);
819 2263 964 2302 mox
1007 2246 1131 2324 ipse
1179 2263 1363 2325 equus
1405 2244 1470 2300 in

380 2337 557 2404 caput
596 2331 957 2404 procumbit,
1004 2327 1094 2403 et,
1138 2348 1309 2402 armq
1344 2346 1470 2403 suo,

382 2409 671 2470 incumbit
694 2423 984 2490 prostrato
1010 2414 1325 2470 Mezentio,
1372 2413 1473 2471 Sic

384 2491 533 2553 mihi
559 2493 831 2555 videntur
857 2497 1083 2575 singula
1113 2517 1234 2557 esse
1263 2507 1476 2557 tenen-

385 2578 459 2639 da
476 2625 491 2655 ‚
520 2592 589 2638 ut
616 2582 777 2640 locus
807 2582 1165 2662 expediatur.
1225 2582 1389 2639 tollit
1412 2600 1475 2639 se

385 2676 687 2724 arrectum
704 2712 721 2742 ‚
764 2668 1051 2747 prioribus
1078 2666 1323 2745 palibus
1340 2686 1471 2723 ere-

384 2754 490 2811 otis
530 2750 691 2810 haud
734 2750 929 2811 dubie.
988 2753 1143 2811 conf,
1192 2752 1299 2811 inf.
1354 2754 1471 2822 xl,

384 2841 531 2901 687.
590 2840 737 2901 638.
796 2842 954 2912 639,
1000 2847 1059 2895 et
1112 2838 1265 2895 bene
1320 2839 1473 2895 inter

381 2924 571 2994 multa
595 2925 793 2982 inania
821 2920 1007 2982 cerda
1035 2920 1293 2983 laudavit
1320 2925 1473 2981 Livii

380 3009 582 3067 locum
618 3008 753 3067 VIII
768 3054 785 3083 ‚
853 3013 895 3073 7
958 3008 1283 3086 Spiculum
1316 2996 1479 3067 inter·

381 3114 561 3152 aures
610 3096 751 3173 equi
771 3094 928 3169 fixit
972 3106 1082 3153 eto.
1167 3094 1341 3154 Adde
1370 3096 1473 3154 St-

380 3181 528 3238 lium
556 3181 658 3239 lib.
687 3182 794 3255 IX,
842 3178 967 3245 594
993 3178 1193 3262 seqq„
1234 3182 1337 3240 ubi
1380 3201 1470 3239 res

382 3265 459 3323 ad
514 3264 893 3345 elephantum
928 3264 1213 3325 traducta.
1281 3265 1471 3324 calci-

385 3349 497 3409 bus
541 3350 616 3410 de
656 3352 1064 3431 posterioribus
1094 3350 1339 3432 pedibus
1368 3372 1471 3409 ac-

381 3437 571 3516 cipio:
617 3440 745 3519 quis
774 3440 935 3494 enim
959 3449 1137 3516 neget
1184 3440 1321 3520 equi
1357 3457 1469 3496 na-

380 3534 574 3582 turam
615 3526 696 3581 sic
737 3522 888 3581 ferre
905 3566 921 3596 ,
966 3533 1034 3581 ut
1074 3542 1213 3602 prae
1271 3522 1471 3581 dolore

383 3610 659 3667 calcitret.
784 3606 1075 3685 Implicat
1095 3630 1114 3664 .·
1188 3605 1302 3667 hoc
1346 3610 1471 3687 ipse

380 3706 553 3774 poeta
582 3692 893 3753 dilucidat:
938 3696 1194 3750 cernuus
1230 3694 1471 3751 incum-

386 3774 473 3835 bit
512 3800 680 3837 armo
710 3822 737 3850 ,
794 3798 900 3837 suo
954 3779 1170 3837 scilicet
1198 3823 1215 3853 ‚
1289 3798 1472 3859 equus

384 3862 540 3945 (quis
568 3867 727 3923 enim
758 3866 924 3923 aliter
965 3858 1299 3942 accipiat?)
1360 3863 1473 3922 do-

381 3950 547 4007 mino
578 3952 756 4007 eiecto
777 3973 797 4007 .-
842 3951 1057 4031 quippe
1088 3951 1189 4031 qui
1218 3947 1294 4008 ad
1322 3950 1473 4025 latus

384 4034 896 4201 Ξὲᾝῖἕὲξῑῖξῗὲζ
939 4054 1472 4205 «ἷᾜίῗ..ἷῖἕμέἔ

386 4206 555 4265 Serv.
642 4206 789 4271 895.
827 4204 1106 4265 Clamore
1138 4204 1473 4263 nhc-endunt

385 4290 623 4349 caelum
634 4313 662 4364 ;
704 4294 793 4349 uti
822 4302 879 4350 et
904 4310 1049 4349 mox
1074 4293 1183 4365 xl,
1217 4288 1342 4355 147
1369 4294 1469 4348 in·-

386 4377 649 4435 cendunt
678 4372 1042 4435 clamoribus
1066 4374 1293 4435 urbem.
1326 4378 1469 4435 Esse

382 4482 491 4544 pro
530 4454 785 4542 implent
796 4505 825 4534 ,
884 4463 1053 4539 facile
1108 4462 1351 4545 quilibet
1410 4472 1469 4521 et

1552 1897 1748 1958 videat
1791 1911 1852 1959 et
1896 1898 2070 1960 dicat.
2182 1899 2304 1961 Sed
2354 1901 2641 1960 rationem

1555 1983 1800 2044 reddere
1827 2005 1950 2044 non
1977 1998 2101 2044 tam
2127 1987 2295 2046 facile
2321 1998 2424 2045 est.
2453 1985 2640 2046 Cerda

1556 2069 1698 2130 duas
1719 2074 1992 2132 -rationes
2035 2075 2343 2153 proponit:
2391 2093 2642 2153 quarum

1553 2168 1761 2215 neutra
1790 2160 1922 2217 satIs
1945 2159 2106 2217 facit.
2189 2153 2338 2216 Mihi
2363 2161 2443 2216 sic
2471 2157 2642 2218 vide-

1554 2253 1650 2300 tur
1679 2241 2042 2322 expedienda
2071 2245 2260 2304 forma
2287 2243 2468 2304 haec:
2529 2243 2642 2301 In-

1557 2327 1805 2385 cendere
1846 2331 2033 2408 poetis
2079 2341 2164 2388 est
2195 2349 2406 2408 augere
2431 2370 2450 2399 ,
2507 2346 2642 2386 ma-

1555 2429 1744 2490 gnum
1771 2413 1963 2471 facere
1992 2412 2156 2494 quid.
2237 2413 2383 2474 Inde
2434 2403 2666 2472 dicitur⁴

1557 2497 1765 2577 aliquis
1825 2498 2141 2559 irwenden
2202 2499 2526 2558 clamorem
2574 2500 2643 2557 in

1557 2602 1694 2638 aere
1709 2624 1736 2652 ,
1769 2582 1936 2640 caelo
1951 2628 1968 2658 ,
2013 2582 2076 2641 h.
2107 2606 2160 2645 e.
2203 2604 2490 2665 magnum
2519 2586 2644 2644 cla-

1555 2685 1788 2725 morem
1827 2687 2090 2727 movere.
2189 2671 2292 2729 Sic
2331 2670 2643 2728 incendere

1559 2750 1793 2809 luctum
1833 2772 2006 2831 supra
2042 2755 2158 2823 lx,
2202 2753 2348 2829 500,
2407 2756 2512 2813 ubi
2565 2754 2643 2813 cf·

1556 2846 1789 2911 notam3
1821 2838 1977 2895 vires
2003 2838 2073 2913 V,
2091 2836 2234 2911 455,
2266 2849 2324 2896 et
2351 2850 2494 2919 quot
2519 2858 2644 2897 non

1557 2922 1689 2980 alia.
1774 2924 2032 2981 Ductum
2083 2932 2281 2981 autem
2324 2943 2400 2982 ex
2427 2925 2645 3003 Tragi-
2685 2984 2690 2987 ,
2791 2970 2796 2975 -

1557 3026 1762 3087 corum
1812 3006 2056 3113 φλέγειν
2072 3053 2090 3084 ,
2133 3005 2495 3090 ἐπιφλέγων,
2534 3029 2644 3089 pro

1555 3090 1844 3173 ἐγείρειν,
1904 3093 2258 3175 ανεγείρειν.
2319 3115 2379 3154 v.
2425 3114 2479 3153 c.
2524 3094 2643 3153 So-

1549 3176 2642 3345 {seabysszfflsrfflrazz

1552 3346 1668 3407 hoc
1724 3350 1940 3431 ipsum.
1976 3348 2198 3409 doctius
2253 3351 2522 3409 transfert
2565 3350 2641 3411 ad

1555 3434 1793 3493 caelum
1807 3478 1834 3507 ,
1877 3446 1946 3493 ut
1975 3434 2213 3493 caelum
2250 3434 2511 3493 clamore
2541 3436 2641 3494 in-

1555 3520 1848 3579 cendatur
1865 3562 1893 3593 ,
1961 3541 2069 3601 pro
2099 3520 2359 3579 clamore
2401 3523 2642 3580 incenso

1555 3607 1622 3665 in
1649 3606 1813 3663 caelo
1829 3648 1856 3677 ,
1885 3626 2046 3683 εει-ες
2079 3617 2367 3689 quatenus·
2386 3628 2523 3665 usus
2547 3608 2644 3666 lo·-

1557 3690 1777 3773 quendi
1816 3693 1898 3749 ita
1944 3692 2091 3767 fert,
2153 3702 2220 3750 ut
2276 3712 2368 3750 res
2421 3712 2641 3771 magno
2693 3730 2696 3735 -

1557 3788 1739 3835 motu-
1754 3788 1990 3856 accepto
2004 3779 2244 3836 omnino
2259 3778 2640 3850 incalescere,

1537 3862 1784 3941 fervere
1808 3860 2094 3921 dicantur.
2156 3866 2308 3921 Hinc
2331 3862 2642 3944 jor-aser·-

1556 3958 1699 4005 vent
1755 3946 2119 4007 clamoribus
2135 3992 2152 4022 ,
2221 3948 2458 4006 theatra
2495 3960 2644 4007 stre-

1543 4034 1721 4111 pitu,
1768 4054 1905 4093 cum
1929 4036 2164 4115 proprie
2205 4036 2483 4115 strepitus
2499 4032 2644 4112 ser-

1557 4130 1696 4177 veat
1721 4120 1788 4177 in
1805 4119 2054 4177 theatris
2077 4118 2140 4177 h.
2155 4121 2361 4199 ingens
2389 4122 2480 4177 sit.
2513 4118 2645 4194 (Est

1555 4200 1668 4263 hoc
1698 4208 2042 4264 translatum
2056 4205 2128 4263 ab
2159 4225 2249 4279 eo,
2281 4201 2459 4284 quod,
2490 4221 2643 4284 quae

1553 4290 1893 4371 splendent,
1921 4292 2150 4369 fulgent
2172 4333 2190 4364 ,
2247 4308 2316 4345 ea
2344 4290 2519 4366 longe
2547 4290 2642 4347 vi-

1555 4375 1800 4451 dentur3
1839 4374 1978 4433 hinc
2017 4370 2331 4431 incendere
2383 4371 2645 4430 clamore

1557 4461 1789 4519 coelum
1843 4461 1999 4520 valet
2053 4458 2362 4517 coelum
2415 4458 2643 4538 longe
