3009 5050
550 478 699 554 548

1779 318 1822 340 S

1048 470 1129 543 P.
1185 465 1711 542 vlf-cun
1761 411 2316 538 MARONIS

550 655 949 756 Ingemuit
989 655 1144 729 cari
1168 653 1509 752 graviter
1537 651 1915 749 genitoris
1945 673 2245 738 amore,

548 765 659 838 Ut
687 757 906 852 vidit,
944 759 1271 852 Lausus»,
1326 755 1856 856 lacrimaeque
1887 777 2036 855 per
2080 777 2221 828 ora
2257 749 2600 828 volutae.
2659 759 2820 829 790

553 865 699 940 Hic
728 863 1010 936 mortis
1042 857 1285 935 durae
1322 881 1624 952 casum,
1677 869 1974 958 tuaque
2008 869 2338 957 optuma
2369 852 2600 950 facta,

554 967 636 1043 si
663 989 816 1067 qua
848 961 1105 1040 fidem
1154 975 1377 1037 tanto
1410 975 1529 1038 est
1557 962 1786 1062 operi
1823 960 2077 1035 latura
2103 971 2468 1054 vetustas,

690 1173 795 1228 789
828 1173 1077 1243 graviter
1106 1173 1226 1224 cari
1257 1167 1479 1222 Dor-vill.
1597 1169 1703 1224 790
1743 1169 2000 1220 volutant
2033 1177 2141 1218 tres
2177 1165 2356 1218 Heius.
2393 1175 2450 1218 et
2481 1166 2592 1219 duo
2630 1167 2814 1218 Burni.

552 1259 669 1298 cum
690 1242 810 1294 Erf.
876 1240 1097 1294 solutae
1130 1242 1303 1308 Bigot.
1346 1250 1401 1290 et
1450 1238 1616 1290 Goth.
1665 1246 1792 1289 tert.

1926 1238 2029 1292 791
2067 1238 2271 1306 optima
2289 1235 2460 1306 sacta
2491 1246 2656 1288 erunt
2685 1237 2814 1286 for-

551 1315 655 1365 tia:
692 1313 868 1380 sicque
906 1309 1031 1361 libri
1066 1319 1385 1363 constanter.
1452 1313 1525 1360 At
1558 1308 1698 1375 apud
1733 1307 1967 1360 Servium
2001 1306 2114 1358 alii:
2151 1319 2386 1374 tuaque,
2423 1306 2657 1376 optime,
2702 1307 2813 1374 fa-

550 1395 670 1444 σεας
706 1380 849 1450 quod
882 1379 1092 1448 placere
1124 1387 1335 1448 potest,
1371 1379 1468 1431 Ge.
1502 1375 1744 1433 Fabricio
1779 1391 1988 1445 quoque
2025 1385 2084 1427 et
2120 1375 2472 1442 Cuninghamo
2506 1374 2810 1426 indicibus:

550 1451 727 1520 sicque
760 1449 924 1502 Goth.
958 1466 1084 1512 sec„
1114 1447 1217 1500 etsi
1250 1465 1280 1498 e
1314 1446 1716 1509 recentissimis,
1751 1457 1834 1508 et,
1869 1443 2012 1514 quod
2043 1443 2264 1507 mireris,
2307 1443 2524 1496 Heinsio
2561 1461 2676 1496 non
2703 1445 2814 1496 ob-

550 1529 827 1583 servatum,
859 1535 889 1570 a
926 1535 995 1570 m.
1028 1535 1131 1569 sec.
1170 1516 1450 1572 Mediceus.
1529 1516 1686 1568 Unde
1723 1514 1816 1566 lul.
1851 1515 2073 1567 Sabinus
2105 1511 2462 1583 Apronianum
2495 1512 2576 1566 ita
2621 1513 2810 1581 legere

550 1587 785 1641 tradidit.
856 1587 1046 1638 Obstat
1076 1595 1269 1645 tamen,
1304 1585 1447 1654 quod
1480 1585 1617 1637 bene
1651 1584 1784 1636 vidit
1819 1585 2059 1643 Brunck..
2108 1583 2250 1652 quod
2290 1582 2524 1635 additum
2562 1585 2672 1634 iam
2710 1593 2806 1642 est,

551 1659 768 1710 iuvenis
810 1657 1172 1707 mernor-ande.

1257 1657 1512 1726 (optimae
1558 1653 1748 1706 Medic.
1793 1653 2034 1706 muslixa
2070 1672 2136 1718 a,
2181 1669 2336 1721 quum
2377 1673 2408 1704 e
2455 1651 2808 1722 expungenda

552 1734 723 1788 esset3
770 1733 827 1776 et
861 1725 1067 1796 optima
1112 1723 1333 1775 includit
1382 1735 1436 1776 et
1479 1723 1844 1776 fortitudinem
1893 1732 1949 1774 et
1997 1722 2266 1791 pietatem.
2315 1725 2474 1786 Wr.)
2555 1721 2696 1792 sata
2728 1741 2805 1790 pr.

551 1796 712 1846 Voss.
760 1810 873 1844 cum
921 1793 1108 1844 eodem
1156 1794 1335 1856 Goth..
1383 1810 1483 1845 nec
1529 1795 1633 1846 hoc
1683 1793 1854 1852 mule3
1903 1799 1963 1843 ut
2013 1791 2142 1844 alias
2175 1792 2284 1842 fata
2330 1801 2386 1843 et
2417 1809 2596 1844 casum
2635 1793 2804 1861 iungit

550 1871 728 1933 poeta.
798 1864 891 1928 (At
924 1863 1027 1914 hoc
1058 1861 1103 1913 si
1138 1871 1336 1923 tueare,
1368 1879 1586 1914 necesse
1620 1861 1688 1914 sit
1721 1863 1916 1933 optime
1949 1861 2164 1914 scribas.
2203 1859 2350 1928 Wr.)

2491 1863 2600 1916 792
2632 1862 2804 1914 vide-

549 1941 637 1984 tur
671 1949 737 1982 ex
782 1929 1039 1982 Servianis
1072 1929 1273 1983 laciniis
1316 1931 1497 1998 colligi
1549 1947 1710 1999 posse
1729 1970 1744 1996 ,
1789 1931 1982 1984 lectum
2029 1929 2158 1982 olim
2203 1928 2366 1981 fuisse
2402 1933 2467 1983 Si
2499 1949 2614 2000 qua
2643 1933 2802 1994 fides.

550 2005 635 2052 An
670 2017 873 2052 versum
905 2000 1044 2052 male
1090 2000 1350 2068 expletum
1392 2001 1797 2063 arbitrabimur,
1845 2009 1906 2052 ut
1938 2016 2074 2052 nunc
2108 1997 2224 2052 est?
2272 2000 2504 2067 (scholio
2539 2002 2717 2052 Servii
2749 2001 2802 2052 in

552 2067 670 2122 cod.
705 2069 893 2120 Dresd.
932 2066 1309 2138 praescriptum
1328 2069 1497 2136 fides.
1582 2075 1819 2140 Apparet
1865 2079 2040 2121 tamen
2091 2086 2154 2120 ex
2205 2068 2322 2132 ipso
2371 2067 2583 2122 scholio
2621 2081 2800 2122 extre-

552 2155 688 2190 mam
723 2139 931 2206 quoque
964 2136 1118 2188 huius
1154 2155 1334 2190 versus
1370 2149 1573 2208 partem
1605 2141 1794 2192 lectam
1827 2138 1989 2208 fuisse
2023 2157 2056 2189 a
2095 2139 2307 2200 θοι-νίας
2355 2155 2454 2190 nec
2501 2157 2690 2192 carere
2745 2159 2804 2192 ea

550 2221 893 2344 t‘zzssffizzz.
904 2205 1471 2346 ἶῗὲηξῗὲἓὸἻῖηῗέ
1490 2227 1672 2344 ’ςῶῗὲ
1673 2207 1859 2346 “302²
1863 2207 2802 2398 3312‘353.;12'22²⁵?‡22¹:}¹.0⁰3“1?2;²3·

550 2343 735 2398 stiehia
780 2343 1031 2412 Virgilius
1076 2345 1131 2398 iu
1178 2347 1408 2400 Aeneide
1454 2347 1758 2417 reliquerit,
1804 2364 1861 2398 se

636 2521 759 2585 789
772 2539 935 2602 seqq.
964 2521 1033 2578 ln
1062 2521 1192 2581 loco
1209 2542 1331 2605 seq.
1363 2520 1632 2581 deLausi

548 2607 613 2663 in
638 2606 995 2665 Mezentium
1020 2617 1247 2687 patrem
1274 2610 1485 2689 pietate
1502 2610 1633 2667 An-

551 2686 833 2749 tilochum
850 2736 868 2766 ,
921 2694 1175 2751 Nestoris
1212 2693 1278 2768 f.‚
1322 2705 1459 2754 ante
1486 2714 1632 2753 ocu-

548 2777 637 2835 los
678 2774 945 2835 habuisse
986 2776 1171 2836 videri
1212 2788 1401 2860 potest
1438 2790 1632 2859 poeta,

528 2863 771 2947 *quippe
828 2864 991 2921 cuius
1042 2864 1243 2923 similis
1299 2867 1481 2944 pietas
1537 2885 1632 2945 ap.

552 2948 802 3007 Graecos
840 2956 1039 3027 poetas
1082 2948 1221 3007 inde
1251 2969 1285 3007 a
1315 2952 1546 3031 cyclicis
1575 2960 1633 3009 et

550 3033 780 3110 tragicis
819 3032 927 3091 fuit
966 3034 1427 3094 celebratissima.
1525 3037 1633 3095 Vel

550 3116 787 3175 Pindari
851 3116 1019 3177 Oden
1074 3119 1154 3177 VI
1202 3119 1434 3199 Pythio.
1474 3120 1630 3179 vide.

550 3202 679 3260 Hoc
754 3214 909 3260 certe
975 3206 1325 3283 probabilius
1398 3204 1630 3281 dixeris,

552 3305 733 3367 quam
779 3285 941 3369 quod
978 3302 1206 3348 narrata
1255 3290 1327 3349 de
1356 3292 1633 3371 Scipione

550 3372 823 3432 Africano
880 3392 1017 3431 enm
1073 3379 1389 3456 respexisse
1448 3381 1632 3438 aiunt.

552 3458 619 3515 ln
666 3454 781 3517 hoc
833 3478 971 3518 vero
1012 3472 1218 3539 poetae
1248 3482 1493 3521 acumen
1524 3465 1633 3523 ob-

551 3544 765 3603 servari
790 3544 969 3603 velim
983 3588 1002 3618 ‚
1060 3544 1220 3625 quod
1249 3558 1473 3607 tantam
1500 3552 1632 3629 pie-

551 3640 733 3687 tatem
774 3630 971 3687 tribuit
1012 3626 1133 3688 filio
1180 3630 1433 3692 hominis
1474 3637 1632 3695 saevi

554 3723 613 3772 et
653 3714 849 3771 iniusti
866 3756 883 3789 ,
929 3712 1202 3796 quodque
1251 3715 1408 3777 hunc
1435 3720 1632 3799 ipsum

551 3808 777 3877 patrem
809 3841 826 3871 ‚
898 3794 1199 3859 hominem
1266 3804 1516 3885 impium
1575 3816 1634 3864 et

554 3881 837 3955 odiosum,
850 3892 1089 3941 naturae
1116 3886 1327 3947 affectu
1345 3900 1403 3948 et
1432 3910 1632 3949 amore

552 3968 617 4023 in
664 3965 851 4023 filium
890 3970 1293 4031 mollissimum
1334 3972 1632 4037 exhibuit:

554 4060 620 4109 ut
662 4052 820 4109 enim
856 4052 919 4111 in
960 4058 1221 4135 tragicis,
1260 4061 1342 4118 ita
1381 4080 1542 4119 nuuc
1568 4064 1633 4119 in

554 4135 717 4216 epica
752 4133 863 4195 hac
900 4158 1144 4219 persona
1157 4186 1175 4217 ,
1228 4152 1391 4204 tanto
1440 4148 1629 4227 mag-is

552 4240 858 4281 movemur
898 4225 1120 4304 pietatis
1162 4224 1275 4287 hoc
1322 4228 1536 4291 affectu
1563 4234 1628 4291 in

551 4306 823 4383 homine,
866 4312 967 4390 qui
1007 4312 1229 4371 nullam
1258 4316 1383 4374 talis
1411 4314 1626 4376 huma—

550 4395 742 4454 nitatis
765 4414 965 4456 sensus
991 4417 1155 4477 spem
1182 4398 1257 4457 de
1302 4422 1363 4459 se
1390 4402 1624 4463 fecerat.

551 4480 699 4542 791.
768 4480 1167 4567 Observandus
1222 4486 1383 4545 locus
1447 4492 1624 4547 etiam

1903 2345 1989 2399 ulo
2039 2350 2202 2412 cavit,
2251 2364 2318 2398 ne
2366 2347 2633 2402 sententia
2667 2347 2800 2400 ultra

1713 2534 2020 2606 propterea
2048 2569 2065 2600 ,
2151 2521 2310 2607 quod
2365 2536 2542 2606 poeta
2603 2528 2800 2606 epicns

1713 2630 1882 2668 suam
1909 2611 2031 2691 ipse
2058 2630 2369 2691 personam
2395 2610 2592 2691 prodit
2623 2622 2681 2671 et
2708 2614 2798 2669 in-

1715 2699 2002 2775 terponit3
2054 2716 2166 2756 nec
2219 2696 2491 2757 indecore
2535 2707 2640 2756 aut
2695 2698 2798 2755 ab·

1716 2780 1918 2855 surde3
1951 2780 2196 2841 advertit
2225 2785 2386 2841 enim
2413 2784 2684 2841 animum
2711 2784 2798 2841 le-

1715 2868 1886 2925 ctoris
1903 2912 1919 2942 ,
1978 2866 2123 2925 dum
2179 2870 2302 2949 ipse
2341 2880 2514 2949 poeta
2557 2872 2797 2927 misera-

1712 2954 1871 3011 tione
1955 2964 2289 3013 contactmn
2357 2975 2419 3013 se
2494 2956 2794 3033 sIgnificat.

1714 3036 2064 3114 („Duram
2090 3052 2288 3100 mort
2311 3060 2418 3098 em
2447 3037 2525 3099 ad
2547 3052 2796 3100 aetatem

1715 3124 1911 3181 retulit
1939 3122 2378 3183 adolescentis.“
2465 3128 2630 3186 Haec
2673 3130 2798 3185 Do·-

1714 3220 1904 3267 natuS.
1990 3212 2195 3292 Neque
2249 3214 2400 3270 ‘mers
2459 3223 2578 3287 est,
2641 3210 2796 3294 quod

1715 3292 1973 3370 additur,
2019 3316 2268 3368 casum5
2310 3294 2458 3354 nihil
2491 3299 2653 3355 enim
2679 3299 2798 3355 mi-

1713 3380 2007 3441 serabilius
2022 3426 2039 3456 ,
2072 3402 2252 3463 quam
2281 3380 2613 3443 adolescens
2643 3386 2794 3441 eins-

1711 3464 1877 3523 modi
1917 3484 2054 3525 casn
2097 3487 2416 3548 oppressus.
2503 3472 2616 3528 Hic
2657 3488 2794 3529 veno

1713 3552 1774 3607 in
1805 3553 2068 3611 animum
2096 3565 2380 3629 revocate,
2410 3557 2620 3635 optimi
2651 3553 2795 3613 ado-

1713 3637 1991 3696 lescentes
2005 3682 2022 3711 ,
2080 3641 2257 3714 verba
2301 3642 2592 3699 Ciceronis
2645 3644 2794 3699 senis

1713 3720 1840 3781 Cat.
1888 3725 2026 3781 mai.
2074 3744 2126 3782 c.
2175 3729 2306 3789 19.:
2352 3727 2534 3801 „Quis
2563 3737 2649 3786 est
2675 3738 2794 3785 tam

1711 3808 1916 3867 stultus
1932 3853 1949 3883 ‚
2009 3811 2274 3891 quamvis
2321 3813 2395 3871 sit
2443 3812 2792 3885 adolescens,

1713 3895 1809 3951 cui
1842 3896 1915 3953 sit
1957 3896 2320 3974 exploratum
2333 3942 2350 3972 ,
2391 3918 2454 3957 se
2483 3897 2560 3956 ad
2587 3918 2795 3977 vespe-

1713 3998 1845 4036 rum
1889 4000 2010 4039 esse
2049 3976 2387 4041 victurum?
2445 3986 2589 4065 quin
2619 3986 2794 4043 etiam

1714 4074 1869 4122 aetas
1924 4066 2024 4123 illa
2077 4068 2264 4125 multo
2319 4070 2513 4148 plures
2531 4114 2548 4144 ‚
2613 4087 2792 4151 quam

1711 4160 1920 4224 nostra,
1943 4153 2143 4210 mortis
2159 4171 2318 4211 casus
2349 4152 2584 4214 habet.“
2611 4156 2790 4211 Prae-

1709 4236 1862 4293 clare
1901 4256 2033 4295 usus
2079 4248 2166 4295 est
2193 4234 2306 4297 hoc
2351 4251 2408 4298 et
2435 4252 2632 4299 nostro
2659 4240 2788 4297 Vir-

1709 4322 1833 4399 gilii
1876 4322 2007 4380 loco
2063 4320 2398 4384 Huschkius
2459 4325 2534 4384 ad
2588 4344 2788 4383 emen-

1710 4404 1969 4464 dandum
1999 4408 2218 4467 Tibull.
2248 4410 2349 4486 m,
2381 4414 2441 4484 2,
2471 4414 2577 4476 27.
2612 4410 2786 4483 Wr.)

1707 4495 1852 4556 792.
1905 4492 1980 4550 Sc·
2012 4514 2136 4573 qua
2181 4505 2446 4553 vem-scas
2463 4516 2484 4551 :
2543 4515 2650 4576 pro
2675 4514 2784 4575 po-
