3009 5050
451 406 606 481 256

935 398 1018 471 P.
1069 384 1611 471 VIRGILII
1658 384 2221 466 MARONIS

549 588 882 683 Iamque
915 576 1122 669 adeo
1159 576 1448 653 exierat
1473 573 1729 675 portis
1758 574 2151 676 equitatus
2180 578 2505 675 apex-tiss
2538 584 2694 655 585

447 693 754 767 Aeneas
779 685 986 759 inter
1025 680 1331 781 primos<
1358 692 1440 755 et
1471 676 1683 754 fidus
1717 676 2091 773 Achates3

447 788 654 870 Inde
677 787 804 865 alii
833 785 1119 861 Troiae
1145 806 1561 885 proceres3

1616 784 1785 883 ipse
1816 783 2131 878 agmine
2164 781 2419 859 Pallas

449 899 542 972 In
575 890 853 969 medio
875 948 897 984 ‚
954 885 1364 985 chlamyde
1403 899 1482 962 et
1505 886 1731 986 pictis
1774 899 2245 985 conspectus
2294 887 2375 963 in
2404 888 2697 965 armisz

453 995 726 1093 Qualis
767 992 908 1069 ubi
945 990 1246 1091 Oceani
1275 988 1645 1091 perfusus
1674 986 1993 1065 Lucifer
2021 988 2259 1083 unda,

454 1103 720 1196 Quem
752 1101 1021 1177 Venus
1053 1107 1234 1171 ante
1264 1094 1464 1169 alios
1497 1106 1891 1169 astrorum
1923 1092 2173 1192 diligit
2198 1092 2420 1191 ignia,

2541 1104 2696 1174 590

450 1201 744 1281 Extulit
771 1222 860 1275 os
895 1222 1203 1274 sacrum
1240 1196 1506 1295 coelo,
1562 1195 2092 1297 tenebrasque
2126 1194 2469 1272 resolvit.

457 1310 684 1383 Stant
711 1300 1038 1405 pavidae
1068 1302 1148 1377 in
1183 1300 1432 1377 muris
1459 1312 1785 1394 matreS‚
1816 1300 2223 1401 oculisque
2252 1313 2695 1401 sequuntur

453 1408 920 1487 Pulveream
955 1406 1298 1503 nubem,
1343 1418 1424 1482 et
1449 1402 1822 1503 fulgentis
1853 1428 2033 1481 aere
2067 1417 2435 1483 catervas.

561 1554 730 1626 589.
785 1547 1119 1640 Quum,

591 1788 694 1844 585
735 1802 936 1861 portae
977 1800 1204 1861 apertae
1243 1788 1446 1857 Hagen.
1526 1752 1889 1851 (Desidet-atur
1952 1786 2040 1838 hic
2086 1784 2290 1838 acidula
2338 1786 2394 1837 in
2436 1786 2699 1855 Mediceo,

453 1878 558 1912 vsa.
605 1858 708 1913 585
736 1888 804 1898 -
826 1858 945 1912 642.
990 1856 1278 1909 continens.

1352 1856 1577 1909 Inseruit
1638 1866 1815 1908 tamen
1872 1856 1970 1907 hos
2016 1872 2196 1907 versus
2244 1858 2550 1926 apographo
2599 1875 2696 1911 auo

454 1928 679 1981 Medicei
715 1927 912 1979 codicis
961 1926 1246 1995 Fogginiuo
1288 1945 1317 1979 e
1352 1926 1492 1979 libro
1538 1925 1687 1997 typis
1736 1934 1947 1976 exarato
1994 1925 2165 1978 deacri
2204 1932 2307 1977 tos.
2391 1928 2545 1991 Quod
2595 1928 2697 1980 ad-

454 1997 768 2051 monendum
800 1996 1053 2047 lectorem
1087 1994 1237 2060 duxi,
1282 2014 1349 2047 ne
1385 1997 1500 2065 quia
1537 2012 1599 2047 ea
1636 2012 1695 2047 re
1730 1995 1785 2045 in
1822 2010 2055 2046 errorem
2088 1996 2141 2047 in
2182 2005 2388 2062 nentur,
2425 1996 2570 2067 quod
2604 2016 2699 2050 ac—

456 2068 585 2121 cidit
629 2066 885 2118 Potterio.
935 2066 1020 2119 W
1011 2064 1082 2133 r.)
1222 2066 1328 2121 587

457 2136 699 2189 emendat
733 2136 1025 2188 Markland.
1065 2135 1134 2186 ad
1177 2138 1310 2187 Stat.

455 2208 576 2263 728.
612 2214 666 2257 et
698 2204 766 2256 al.

455 2276 564 2327 vid.
596 2276 664 2327 V.
700 2274 762 2325 1..
797 2274 864 2325 ad
897 2275 992 2326 Ge.
1029 2276 1069 2339 l,
1103 2272 1221 2327 803.
1268 2274 1409 2338 Wr.)

455 2344 514 2397 in
545 2343 826 2395 Maximino
860 2344 968 2395 iun.
1004 2360 1085 2413 pr.

1411 2081 1628 2117 roceree
1676 2065 1874 2116 Troiae
1932 2064 2084 2116 laeid-

1361 2085 1412 2187 G
1451 2135 1579 2187 Silv.
1625 2135 1669 2193 1.
1716 2131 1837 2187 245.
1884 2132 1989 2184 vid.
2037 2132 2132 2187 inf.

904 2204 1010 2258 589
1045 2202 1315 2277 profusus
1357 2220 1459 2257 sec.
1507 2202 1723 2254 Mentel.
1792 2202 2008 2269 (Sustuli
2058 2220 2259 2255 comma
2306 2215 2430 2271 post
2476 2206 2699 2271 Quali-93

1479 2274 1600 2325 Vsa.
1634 2272 1753 2325 589.
1796 2270 1913 2325 590.
1951 2272 2166 2325 excitati
2199 2274 2257 2325 in
2289 2272 2425 2325 Iulio
2464 2274 2696 2343 Capitol.

1191 2342 1290 2397 591
1327 2344 1558 2395 removit
1591 2342 1764 2409 Bigot.
1800 2349 1857 2392 et
1890 2342 2051 2396 Goth.
2086 2352 2213 2396 tert.
2314 2342 2418 2399 692
2457 2346 2605 2397 Sum
2636 2364 2700 2417 p.

2240 2064 2343 2120 588
2405 2068 2461 2117 It
2522 2068 2701 2121 medio

2183 2134 2302 2189 675.
2356 2136 2457 2201 IX,
2503 2136 2589 2191 28.
2645 2144 2701 2187 et

455 2431 538 2485 pr.
583 2412 837 2467 nottond.
872 2431 904 2467 a
935 2430 1003 2465 m.
1037 2430 1120 2485 pr.
1185 2425 1447 2467 secuntur
1475 2410 1716 2485 plerique
1748 2410 1885 2465 Pier-

457 2617 700 2706 λῦγετος
713 2667 730 2699 ,
783 2625 846 2682 in
875 2633 1170 2684 senectute
1207 2626 1384 2707 patris
1423 2645 1536 2684 na-

456 2721 568 2769 tus.
599 2711 753 2768 conf.
785 2712 974 2769 Guell.
1061 2713 1343 2785 (—587.
1375 2713 1537 2789 ipse

459 2797 576 2867 P.,
599 2793 717 2856 vid.
749 2797 817 2868 o.
846 2798 916 2856 v.
946 2799 1155 2870 xvm,
1185 2803 1246 2872 2,
1273 2798 1317 2856 f.
1355 2797 1533 2878 Wr.)

457 2881 604 2948 688.
649 2885 782 2941 Non
839 2903 1088 2962 agnosco
1142 2881 1533 2964 hypallagen3

356 3027 364 3036 ,
457 2967 561 3027 sed
580 2970 757 3046 picta
785 2989 960 3026 arma
987 2979 1122 3028 sunt
1151 2987 1290 3026 auro
1321 2988 1535 3046 argen-

455 3065 636 3136 toque
665 3051 949 3112 distincta.
1033 3055 1432 3111 Memorantur
1475 3063 1535 3110 et

458 3139 628 3214 alibi,
669 3139 800 3213 ΧΠ,
845 3141 989 3202 281.
1029 3139 1136 3212 XI,
1183 3141 1328 3202 660.
1387 3135 1537 3214 (vid.

455 3225 592 3281 Not.
643 3221 720 3280 ad
763 3225 899 3298 ΧΠ,
943 3225 1090 3288 281.
1163 3231 1537 3300 conspectus,

456 3309 500 3365 i.
545 3327 598 3366 e.
647 3311 1008 3388 conspicuus.
1065 3308 1196 3366 Liv.
1250 3309 1416 3384 xxJ,
1473 3305 1538 3372 4.

458 3390 539 3453 de
563 3394 922 3452 Hannibalet
955 3393 1240 3468 „Vestitus
1268 3392 1416 3454 nihil
1439 3395 1539 3453 in-

457 3489 548 3538 ter
573 3481 844 3560 aequales
873 3481 1194 3556 excellens3
1239 3499 1402 3539 arma
1445 3492 1541 3540 at—

353 3629 360 3636 ,
457 3583 578 3647 que
605 3567 742 3645 equi
785 3567 1538 3646 conspiciebantur-‘⁴

456 3653 546 3709 Ita
595 3651 1048 3730 conspiciendzw
1105 3653 1326 3712 Tibull.
1377 3655 1426 3729 Ι,
1475 3657 1537 3726 2,

459 3741 562 3801 72.
605 3739 680 3812 11,
729 3743 788 3814 3,
829 3737 935 3803 52.
995 3735 1115 3797 vid.
1163 3739 1421 3799 Gronov.
1463 3737 1541 3798 ad

457 3822 588 3881 Liv.
613 3823 714 3899 IV,
747 3827 846 3899 13,
877 3827 938 3888 3.
974 3823 1152 3902 W.)

545 3993 672 4060 589
691 4013 814 4075 seq.
833 3993 1206 4052 Homericam
1233 4012 1355 4050 esse
1375 4011 1545 4051 com-

458 4081 822 4160 parationem
861 4079 1136 4138 Pallautis
1190 4097 1327 4137 cum
1379 4079 1542 4136 stella

458 4167 698 4226 Veneris
753 4165 861 4224 sub
919 4175 1244 4224 extremam
1305 4173 1545 4222 noctem

461 4263 588 4314 orta
601 4297 618 4329 ,
670 4252 842 4310 multi
883 4252 1330 4332 pronuntiarunt
1345 4293 1362 4324 ,
1431 4267 1543 4310 neo

459 4350 661 4398 tamen
719 4339 919 4396 locum
973 4347 1276 4396 enotatum
1348 4332 1541 4410 videa,

459 4427 564 4510 qui
635 4423 982 4496 commode,
1015 4424 1150 4484 satis
1221 4421 1545 4504 comparari

1616 2625 1830 2704 possit:
1872 2619 2039 2684 Iliad.
2074 2645 2120 2703 ε,
2152 2627 2212 2688 6.
2242 2627 2285 2688 7
2334 2623 2407 2684 de
2437 2625 2699 2684 canicula
2789 2639 2793 2642 ’
2908 2609 2913 2620 ’

1618 2713 1810 2789 agitur
1826 2755 1843 2786 ,
1906 2709 2065 2769 unde
2117 2711 2459 2770 translatum
2502 2721 2585 2770 est
2625 2712 2702 2770 il-

1617 2795 1756 2855 lud:
1822 2791 1895 2870 ὅς
1965 2817 2030 2858 τε
2082 2789 2337 2875 μάλιστα
2393 2792 2704 2878 Λαμπρὸν

1616 2883 2008 2960 παμφαίνῃσι
2063 2877 2419 2958 λελουμένος
2495 2877 2702 2942 Ὠκεα-

1616 2970 1785 3042 νοῖος
1815 2985 1937 3022 non
1962 2967 2141 3044 igitur
2155 2963 2449 3044 perficam
2476 2964 2711 3023 oceani

1620 3049 1791 3108 unda
1819 3052 1932 3109 alio
1961 3061 2211 3128 spectat,
2254 3069 2437 3130 quam
2474 3048 2553 3108 ad
2602 3070 2705 3109 or·-

1616 3145 1747 3192 tum
1776 3155 1851 3193 ex
1878 3137 2047 3194 mari.
2114 3135 2307 3211 Quem
2336 3135 2541 3194 Venm
2569 3147 2705 3214 etc„

1620 3220 1759 3301 quia
1796 3230 1883 3279 est
1922 3219 2086 3278 atella
2127 3221 2393 3296 Veneris,
2454 3229 2523 3280 ut
2569 3225 2705 3283 satis

1618 3316 1847 3365 notum.
1887 3325 1948 3365 v.
1994 3305 2187 3365 Guell.
2269 3307 2445 3366 Paria
2484 3306 2557 3367 de
2599 3328 2705 3367 ea-

1620 3389 1758 3452 dem
1784 3392 1950 3452 stella
1976 3393 2083 3452 sub
2125 3411 2429 3474 vesperam
2470 3405 2595 3454 orta
2632 3395 2703 3454 11.

1620 3479 1699 3553 X,
1728 3483 1874 3542 317.
1906 3489 2027 3539 est:
2072 3472 2203 3553 οἷος
2233 3473 2315 3542 δ’
2353 3474 2541 3562 α’στῆρ
2586 3475 2704 3542 εἷσε

1622 3557 1763 3644 μετ’
1834 3557 2089 3647 ἀστράσι
2157 3560 2373 3639 νυκτὸς
2456 3562 2704 3672 duom?

1602 3643 1903 3731 ’Ἕσπερος
1920 3697 1939 3729 ,
1983 3645 2050 3724 ὃς
2072 3644 2383 3724 κάλλιστος
2418 3650 2485 3714 ἐν
2524 3675 2701 3732 ουρα-

1622 3739 1717 3820 νῷ
1742 3733 1976 3798 ἵσταται
2006 3730 2215 3818 ἀστήρ.
2298 3737 2478 3816 Apud
2516 3737 2704 3816 Apol-

1622 3822 1745 3880 lon.
1789 3823 1893 3898 111,
1960 3823 2083 3888 957
2122 3843 2213 3904 sq.
2254 3825 2425 3882 Iason
2468 3825 2529 3882 in
2573 3825 2705 3880 Me·-

1626 3905 1771 3966 deae
1830 3919 2209 3988 conspectum
2281 3911 2442 3967 venit
2502 3899 2703 3985 ‘tivo'o’

1626 3985 2074 4074 ἀναθρώσκων,
2104 3987 2209 4056 ὅτε
2236 3994 2478 4073 Σείριος
2499 3985 2703 4055 Ὠκεα-

1626 4085 1793 4154 νοῖο,
1842 4074 1909 4152 ὃς
1936 4071 2016 4158 δή
2062 4101 2157 4140 τοι
2199 4075 2375 4152 καλὰς
2413 4075 2525 4159 μὲν
2567 4072 2703 4160 ἐρί-

1628 4158 1804 4242 ζηλός
1872 4154 1935 4224 τ’
1994 4159 2317 4236 §cad-ioma-
2416 4165 2497 4223 At
2558 4165 2704 4229 591.

1623 4247 1955 4330 splendidus
1981 4267 2177 4308 versus
2207 4247 2283 4306 de
2320 4259 2453 4308 ortu
2490 4251 2556 4308 in
2596 4269 2707 4310 ex·-

1624 4346 1811 4394 trema
1839 4335 1982 4394 caeli
2012 4353 2132 4410 ora,
2176 4353 2291 4416 qua
2329 4355 2493 4396 mare
2534 4337 2707 4394 amb·-

1624 4421 1690 4480 it.
1770 4421 1919 4499 Sup.
1965 4421 2181 4501 Θεοῖς.
2217 4422 2327 4498 IV,
2367 4425 2495 4488 232
2546 4419 2705 4502 'stey-
