3009 5050
643 359 1260 461 AENEIDOS·
1307 360 1521 437 LIB.
1562 360 1768 457 vul,
1810 364 2253 440 443—460
2388 368 2537 439 237

295 546 764 625 Euandrum
793 572 884 623 ex
913 546 1196 622 humili
1221 559 1434 623 tecto
1469 546 1601 623 lux
1628 546 1942 623 suscitat
1978 546 2205 644 alma,
2386 552 2538 629 455

289 654 393 747 Et
419 650 781 731 matutini
821 649 1242 727 volucrum
1267 650 1414 725 sub
1463 650 1808 731 eulmine
1836 663 2126 728 cantuS.

300 755 720 851 Consurgit
749 756 1057 849 senior,
1108 756 1530 855 tunicaque
1562 752 1960 830 inducitur
1987 766 2220 849 artu&

295 862 394 937 Et
428 857 840 955 Tyrrhena
873 857 1182 958 pedum
1211 856 1649 933 circumdat
1682 855 1990 933 vincula
2019 856 2343 959 plantis3

299 966 511 1039 Tum
533 960 758 1037 lateri
776 974 1014 1063 atque
1031 960 1389 1037 humeris
1411 966 1867 1059 Tegeaeum
1890 958 2227 1058 subligat
2244 984 2544 1053 ensem,

297 1062 654 1141 Demissa
685 1064 782 1140 ab
815 1063 1034 1143 laeva
1061 1062 1500 1165 pantherae
1530 1076 1747 1163 terga
1790 1074 2285 1165 retorquens,
2389 1070 2545 1143 460

1377 1252 1394 1279 x
2270 1248 2275 1252 .

435 1288 540 1345 4⁵5
576 1290 876 1344 Wakefield
911 1288 1054 1343 Silva
1087 1288 1202 1343 πίε.
1235 1288 1359 1344 Vol.
1394 1289 1465 1353 V,
1495 1306 1551 1355 p.
1584 1289 1673 1345 77.
1708 1286 1905 1353 uibus,
1938 1296 1997 1339 ut
2028 1304 2061 1339 ο
2101 1286 2309 1355 inetur,
2337 1285 2542 1339 mendis

301 1358 522 1413 sublatis
558 1359 713 1428 legit:
747 1360 1072 1413 Euandrum
1108 1378 1175 1411 ex
1207 1358 1402 1411 humile·
1445 1358 1587 1409 lecto
1625 1359 1724 1409 lux
1757 1360 1990 1409 suscitat
2022 1359 2073 1409 al
2112 1376 2141 1409 a
2172 1397 2185 1419 ‚
2220 1364 2293 1410 Ec
2325 1356 2543 1409 matuti-

299 1444 395 1481 nos
431 1430 718 1481 volucrum
765 1429 866 1482 sub
901 1430 1132 1482 eulmine
1178 1441 1390 1480 camus.
1461 1428 1631 1479 Docte
1680 1428 1812 1479 haec
1862 1426 2059 1479 variata
2104 1444 2248 1491 esse,
2301 1428 2547 1479 lubenter

301 1499 600 1551 concedam.
671 1505 740 1551 At
786 1516 919 1569 quae
963 1498 1217 1551 librorum
1267 1498 1577 1550 auctoritate
1623 1496 1940 1567 accepimus,
1991 1496 2257 1566 praeclara
2294 1506 2348 1551 et
2395 1496 2547 1565 epica

302 1578 438 1619 sunt.
540 1566 648 1621 456
671 1566 780 1619 ¹sub
815 1568 1072 1632 culmina,
1107 1566 1248 1637 quod
1285 1566 1502 1617 Heinsio
1544 1565 1777 1633 impense
1812 1566 2005 1635 placet,
2044 1566 2260 1618 Mentel.
2294 1585 2374 1637 pr.
2408 1566 2547 1617 alter

299 1638 508 1703 Menag.
545 1646 598 1687 et
633 1637 808 1701 Lem„
839 1638 1074 1701 doctius3
1109 1636 1213 1688 nisi
1247 1634 1387 1688 idem
1420 1634 1627 1689 librarii
1660 1635 1836 1702 lapsus
1874 1652 1989 1687 esse
2024 1636 2239 1687 soleret.
2322 1633 2422 1687 sub
2458 1648 2549 1687 te-

301 1708 486 1776 gmine
519 1724 600 1773 pr.
630 1709 838 1773 Menag.
907 1709 1511 1759 matutinus—camus
1543 1705 1682 1773 apud
1715 1705 1948 1757 Macrob.
1982 1706 2049 1767 V,
2084 1705 2133 1760 8.
2264 1704 2367 1761 467
2404 1708 2547 1757 Con·-

329 1778 486 1827 mim
522 1777 728 1846 surgit,
766 1778 1060 1846 tunicaque
1091 1776 1346 1827 induitur
1377 1774 1617 1826 Parthas.
1687 1774 1939 1825 induieur
1977 1790 2183 1843 quoque
2215 1775 2401 1828 Franc.
2432 1791 2549 1825 cum

290 1784 440 1896 'binis
491 1844 656 1897 Goth.
757 1843 860 1899 459
913 1848 1160 1915 Tegean,
1215 1846 1478 1913 Tegeum,
1526 1845 1623 1913 (ita
1672 1843 1865 1897 Medic.
1911 1861 2025 1895 cam
2072 1845 2126 1897 2.
2164 1846 2215 1898 7.
2250 1844 2303 1897 9.
2342 1831 2426 1897 11.
2464 1844 2547 1897 12.

311 1916 454 1979 Wr.)
495 1914 768 1985 The-geum
797 1914 1132 1969 librariorum
1168 1930 1390 1965 errores.
1435 1912 1543 1965 vid.
1572 1911 1640 1965 ad
1666 1914 1735 1978 V,
1762 1914 1881 1967 299.
1983 1912 2088 1967 460
2118 1932 2155 1965 a
2188 1912 2311 1967 levo
2346 1911 2549 1983 aliquot

255 2038 261 2044 ,
302 1983 442 2035 Pier.
514 1983 740 2035 dimissa
771 2002 810 2035 a
843 1984 1008 2037 laeva
1040 1984 1262 2036 Dorvill.
1297 2000 1414 2037 cum
1447 1982 1583 2035 binis
1620 1982 1781 2035 Goth.
1820 1994 1873 2035 et
1906 1982 2018 2037 Erf.

305 2158 668 2241 candidaque
695 2180 856 2219 nunc
883 2160 1014 2221 fluit
1041 2163 1242 2239 oratio,
1281 2182 1386 2223 eo-
1473 2161 1655 2241 gendi
1682 2170 1847 2219 sunt:
1904 2178 2014 2217 nec
2040 2156 2378 2239 accipienda
2412 2178 2549 2217 ver-

303 2264 418 2325 que
445 2256 608 2305 tanto
637 2248 824 2325 magis
850 2258 1032 2325 grata,
1064 2246 1220 2330 quod
1240 2258 1388 2307 stre-
1469 2248 1545 2307 ba
1564 2292 1579 2321 ‚
1632 2249 1795 2328 quasi
1824 2256 2022 2305 cantus
2050 2248 2248 2304 avium
2289 2247 2409 2301 eius
2452 2262 2551 2301 so-

300 2332 514 2411 pitibus
574 2342 632 2389 et
699 2333 1040 2391 tumultibus
1112 2334 1386 2393 succedit.
1469 2352 1681 2391 muum
1734 2332 2216 2411 interpellaveritt,
2290 2328 2392 2389 sed
2442 2330 2549 2387 sub

304 2416 690 2496 Comparent,
749 2419 958 2497 quibus
1012 2420 1225 2498 volupe
1285 2431 1386 2493 est,
1467 2415 1613 2480 lucis
1642 2428 1835 2477 ortum
1876 2426 1933 2475 et
1974 2418 2277 2477 volucrum
2316 2425 2553 2473 cantum

302 2501 368 2560 in
409 2522 572 2584 seqq.
613 2500 918 2563 heroicum
959 2505 1240 2562 amictum
1283 2524 1388 2564 co-

303 2607 617 2668 gnoscere,
647 2586 814 2646 Iliad.
844 2591 902 2666 β,
931 2587 1038 2652 42.
1068 2587 1177 2646 Od.
1208 2591 1268 2667 β,
1296 2610 1390 2668 pr.

303 2673 362 2748 δ,
394 2675 540 2736 807.
586 2695 640 2744 o,
684 2675 786 2734 60.
821 2695 882 2748 v,
932 2671 1071 2745 124,
1115 2684 1172 2730 et
1217 2673 1292 2730 ad
1331 2693 1390 2731 v.

304 2757 434 2822 459
480 2757 556 2814 cf.
609 2754 814 2836 Odyss.
859 2780 914 2828 κ,
951 2761 1102 2820 261.
1151 2755 1202 2832 ξ,
1247 2757 1391 2822 528.

303 2843 504 2900 Etiam
559 2837 674 2900 hoc
735 2862 812 2902 ex
879 2839 1114 2900 heroica
1185 2853 1390 2916 aetate,

349 2927 468 2988 uod
523 2925 872 2986 Euandrum
938 2948 997 2986 v.
1057 2927 1206 2992 461.
1263 2926 1392 2992 462

308 2949 430 3072 guo
458 3033 630 3078 canes
657 3017 1040 3073 comitantur:
1084 3034 1144 3072 v.
1185 3011 1392 3094 Odyss.

311 3099 369 3180 β,
405 3103 502 3162 11.
534 3121 589 3180 ρ,
621 3103 724 3164 62.
791 3097 938 3164 456.
967 3097 1079 3156 snb
1103 3097 1390 3170 culmine,

311 3203 476 3242 casae
545 3183 823 3244 Euandri.
921 3185 1144 3244 Miteris
1225 3186 1394 3258 forte,

311 3267 426 3327 hoc
455 3281 554 3328 aut
581 3272 760 3329 otiose
805 3269 1095 3328 adiectum
1111 3315 1129 3346 ,
1189 3281 1290 3328 aut
1327 3281 1394 3328 ut

311 3374 456 3412 aves
483 3357 578 3414 vel
604 3367 818 3414 cantus
840 3354 952 3414 sub
971 3355 1231 3414 culmine
1249 3359 1396 3430 sint3

309 3451 522 3500 suntne
557 3443 735 3520 iginu-
759 3433 913 3520 galli
955 3443 1257 3520 gallinacei
1297 3442 1394 3499 in·-

311 3524 614 3605 affligendi
628 3521 660 3585 Ξ)
757 3529 912 3586 Nam
975 3525 1165 3609 (quod
1219 3529 1395 3586 etiam

313 3611 682 3672 Wernsdorf.
711 3613 878 3671 Poet.
906 3615 1035 3671 Lat.
1083 3614 1232 3671 min.
1275 3613 1394 3672 To.

311 3697 386 3757 V.
415 3697 486 3755 P.
525 3699 628 3754 ΠΙ.
671 3716 734 3774 p.
780 3696 966 3762 1465.
1005 3697 1279 3757 laudabat
1321 3687 1400 3755 ex'

315 3783 538 3842 Auson.
567 3778 818 3860 Ephem.
849 3785 896 3839 Ι.
925 3802 1016 3861 pr.
1067 3783 1208 3840 Iam
1247 3793 1395 3840 stre-

309 3869 410 3944 pit
433 3865 596 3924 nidis
619 3865 854 3944 vag-ilas:
875 3866 1164 3946 hirundo)
1195 3866 1401 3926 hirun-

319 3951 482 4012 dines
523 3970 648 4009 nou
687 3952 859 4009 facile
907 3973 942 4009 e
981 3971 1190 4012 somno
1236 3954 1400 4010 exci-

315 4048 442 4098 tant
497 4036 850 4096 dormientes
875 4081 892 4110 ,
959 4057 1070 4096 nec
1123 4037 1200 4096 ad
1237 4035 1398 4096 hunc

297 4141 491 4186 *usum
529 4141 566 4180 a
602 4123 788 4200 poetis
815 4122 1192 4182 advocantur.
1277 4121 1427 4184 Sed-

317 4226 396 4266 ex
421 4217 632 4287 poetae
657 4207 898 4264 meliore
939 4206 1158 4266 iudicio
1203 4208 1398 4264 avium

315 4294 386 4350 in
415 4287 684 4348 culmine
703 4299 874 4366 ‘casae
918 4295 1156 4352 omnino
1195 4297 1398 4349 'cantus

318 4395 458 4436 cum
501 4375 640 4434 solis
682 4383 810 4433 ortu
867 4379 1126 4438 renovati
1179 4375 1397 4449 intelli-

1472 2524 1611 2562 eum
1670 2504 1981 2583 evigilasse.
2069 2500 2313 2580 (Audivi
2352 2512 2551 2559 tamen
2606 2555 2611 2562 .

1473 2586 1739 2646 homines
1794 2591 2110 2645 rusticanos
2182 2587 2550 2659 affirmantes,

1475 2692 1645 2750 saepe
1677 2693 1737 2730 se
1766 2669 2146 2730 hirundinum
2176 2674 2554 2750 ganientituu

1475 2759 1717 2835 strepitu
1779 2778 1811 2814 e
1864 2775 2070 2814 somno
2128 2757 2381 2814 excitari.
2476 2758 2555 2813 Et

1477 2839 1786 2900 commode
1886 2839 2161 2898 admouet
2256 2837 2554 2919 Ruhkopf.

1477 2930 1747 2986 carminis
1774 2928 2163 2984 Anacreontei
2179 2969 2194 3000 ,
2238 2927 2372 2983 XII.
2388 2970 2404 2997 ,
2448 2943 2559 2982 cu·-

1476 3016 1566 3073 ius
1627 3023 1828 3074 auctor
1887 3021 2163 3093 queratur
2218 3010 2291 3070 de
2370 3008 2557 3090 ὁπορ-

1477 3101 1719 3181 θρίαισι
1778 3103 2015 3174 φωναῖς
2082 3101 2192 3176 τῆς
2254 3091 2559 3178 χελιδόνος

1475 3187 1681 3265 λαλῇς.
1741 3183 1919 3263 Wr.)
2032 3181 2180 3248 458.
2252 3179 2559 3260 slyr-rhem

1476 3269 1727 3328 vincula
1744 3292 1763 3326 .·
1806 3279 2041 3328 ornatus
2070 3288 2268 3328 caussa
2296 3271 2561 3328 Tuscum

1478 3357 1939 3416 calceamentum
1987 3357 2199 3435 posuit.
2284 3353 2555 3416 Servius:

1479 3439 1662 3517 „dicit
1690 3439 1952 3521 crepidas
1965 3485 1981 3515 ,
2027 3461 2169 3522 quas
2210 3442 2399 3520 primo
2444 3437 2561 3502 ha-

1475 3529 1657 3586 buere
1713 3527 2020 3586 Senatores
2048 3569 2065 3601 ,
2138 3537 2269 3606 post
2326 3529 2560 3608 equites

1477 3615 1775 3688 Romani3
1828 3633 1987 3671 nuuc
2054 3613 2333 3670 milites.“
2404 3613 2560 3672 conf.

1481 3699 1687 3758 cerda.
1747 3695 1823 3755 ad
1880 3699 2147 3756 lunulam
2214 3700 2561 3756 senatun-lam

1480 3793 1715 3842 revocat
1770 3783 2021 3842 vincula
2079 3783 2386 3861 Tyrrhena
2456 3785 2563 3842 Vi-

1481 3880 1667 3929 scont.
1696 3865 1771 3926 ad
1802 3867 2046 3928 Herodis
2072 3870 2336 3947 Inscript.
2366 3889 2428 3948 p.
2458 3871 2561 3931 81.

1483 3956 1669 4014 Nimis
1722 3954 2005 4012 subtiliter
2063 3951 2351 4011 sanclalia
2412 3953 2563 4028 Dyr-²

1481 4039 1729 4098 rhenica
1746 4039 2017 4098 ePolluc.
2047 4037 2343 4096 onomast.
2360 4038 2485 4110 vn,
2512 4057 2562 4094 s.

1481 4126 1586 4188 92.
1619 4127 1699 4188 98
1728 4126 1933 4205 aliquis
1969 4122 2087 4182 huc
2126 4132 2375 4180 revocet.
2462 4119 2565 4176 Si-
2646 4163 2651 4171 .

1481 4203 1613 4266 mili'
1654 4219 1995 4267 ornamento
2036 4209 2319 4285 patrium,
2378 4204 2565 4260 Arca-

1485 4291 1685 4351 dicum
1712 4337 1729 4368 ,
1800 4312 1905 4352 seu
1972 4293 2301 4368 Tegeaeum
2370 4305 2565 4342 ensem

1482 4375 1677 4454 dedit3
1736 4379 1843 4436 etsi
1886 4377 2119 4434 nullum
2146 4371 2259 4430 hoc
2284 4369 2567 4448 insignius
