3009 5050
564 491 1179 570 AENEIDOS
1228 492 2078 592 Ι.ΙΒ.1Χ,734-761
2325 512 2474 584 405

229 677 589 752 Detorsit
624 678 993 771 veniens3
1046 692 1487 780 portaeque
1517 681 1871 781 infigitur
1896 686 2134 769 hasta.

228 785 331 855 At
370 802 537 854 non
583 780 743 856 hoc
779 781 1067 877 telum,
1118 807 1299 857 mea
1331 784 1556 882 quod
1584 787 1660 861 vi
1689 786 2005 866 dextera
2039 807 2319 892 versat,

230 878 630 979 Effugiesz
684 908 951 985 neque
984 886 1199 960 enim
1230 886 1295 961 is
1320 884 1461 962 teli
1490 912 1642 964 nec
1674 891 2018 969 vulneris
2047 910 2337 975 auctor.

233 986 361 1061 Sic
397 987 535 1081 ait,
591 1000 672 1063 et
699 987 1099 1064 sublatum
1126 988 1279 1064 alte
1326 994 1726 1089 consurgit
1749 995 1832 1069 in
1863 986 2164 1097 ensem,

229 1091 333 1166 Et
366 1144 375 1155 .
412 1089 763 1166 mediam
843 1089 1063 1167 ferro
1142 1094 1461 1191 gemina
1551 1096 1763 1171 inter
1815 1112 2182 1201 tempora
2243 1099 2470 1178 fron-

1388 1208 1560 1271 tem
2319 1215 2472 1287 750

232 1290 563 1387 Dividit,
600 1296 1121 1399 inpubesque
1152 1297 1449 1373 inmani
1482 1298 1814 1377 volnere
1843 1303 2108 1395 malas2

230 1398 354 1472 Fit
385 1422 664 1477 sonus:
716 1401 1019 1498 ingenti
1051 1424 1426 1476 concussa
1460 1416 1578 1479 est
1605 1404 1972 1504 pondere
1997 1406 2251 1488 tellus.

234 1500 675 1578 Conlabsos
711 1516 925 1578 artus
957 1515 1196 1605 atque
1226 1530 1441 1581 arma
1471 1521 1797 1583 cruenta
1829 1510 2164 1587 cerebro

232 1605 533 1681 Sternit
556 1604 1213 1701 humimoriens3
1266 1621 1503 1709 atque
1533 1608 1644 1686 illi
1670 1612 2020 1711 partibus
2049 1618 2319 1717 aequis

228 1709 403 1785 Huc
442 1721 681 1810 caput
724 1723 962 1811 atque
1005 1709 1189 1786 illuc
1234 1709 1579 1788 humero
1629 1738 1722 1790 ex
1773 1728 2120 1819 utroque
2172 1740 2470 1819 pepen-

224 1912 678 2013 Diffugiunt
710 1915 910 1991 versi
947 1916 1257 2017 trepida
1288 1814 1725 1994 fogiatidine
1760 1921 2035 2000 Troes,
2313 1829 2466 1901 755

225 2020 361 2112 Et,
416 2020 479 2093 si
523 2019 903 2095 continuo
939 2020 1326 2097 victorem
1361 2046 1453 2098 ea
1484 2047 1668 2098 cura
1696 2023 2055 2122 subisset,

225 2124 634 2223 Rumpere
662 2121 990 2197 claustra
1022 2147 1269 2199 manu
1298 2127 1718 2227 sociosque
1747 2126 2151 2204 inmittere
2184 2130 2466 2229 portis:

223 2224 572 2303 Ultimus
604 2223 739 2301 ille
771 2224 939 2300 dies
967 2226 1184 2302 bello
1218 2230 1600 2330 gentique
1625 2226 1922 2311 fuisset.

228 2327 389 2404 Sed
420 2328 648 2403 furor
678 2328 1095 2403 ardentem
1124 2329 1548 2431 caedisque
1583 2334 1851 2408 insana
1887 2333 2180 2437 cupido
2315 2345 2362 2413 7
2369 2344 2468 2413 60

222 2431 401 2530 Egit
432 2432 515 2505 in
546 2428 939 2509 adversos·

225 2653 640 2706 tut—veniens
671 2654 777 2705 duo
810 2655 983 2704 Burm-
1052 2651 1166 2721 (Sic
1200 2655 1358 2707 etium
1392 2657 1447 2708 in
1473 2654 1712 2708 Mediceo
1749 2657 2115 2725 dietingnitnre
2149 2657 2310 2727 idque
2334 2676 2468 2726 pro-

224 2723 333 2786 bo;
363 2723 584 2774 inertius
622 2735 699 2774 est
734 2723 957 2776 veniens
1004 2739 1035 2773 n
1070 2723 1276 2775 nomine
1325 2742 1420 2776 suo
1454 2736 1770 2792 separatum.
1813 2729 1965 2796 Wr.)
2085 2729 2190 2782 746
2222 2730 2468 2778 Detorsit

225 2794 416 2844 iuveni
446 2808 547 2860 pro
584 2792 688 2843 div.
726 2793 849 2844 lect.
884 2807 965 2859 pr.
995 2791 1182 2844 Hamb.
1252 2805 1542 2861 terraeque
1575 2797 1610 2845 ι’.
1645 2795 1886 2848 Parrhes-
1956 2797 2251 2866 infinge'tur
2283 2797 2466 2848 Franc.

220 2861 325 2916 747
372 2862 436 2913 vi
484 2862 630 2930 quod
677 2861 837 2912 Goth.
883 2878 987 2912 tec.
1056 2861 1204 2932 quod
1227 2863 1319 2913 vix
1360 2862 1495 2914 alter
1527 2863 1806 2932 Hamburg.
1880 2863 2046 2916 librat
2073 2862 2260 2914 Medic.
2293 2862 2468 2926 Pierii,

222 2931 362 2983 Gnd.
396 2930 592 2982 Moret.
628 2940 751 2982 tert.
785 2932 920 2984 Ven.
955 2939 1010 2981 et
1046 2933 1176 2998 Reg.
1246 2944 1463 3001 torquet
1496 2933 1687 2984 Moret-
1726 2951 1812 3002 qu.
1913 2934 2016 2987 748
2042 2950 2216 3002 neque
2239 2933 2379 2982 enim
2409 2949 2470 2983 et

221 3019 345 3070 pers
379 2999 517 3052 Pier.
553 3011 604 3051 et
636 3001 815 3052 Heius.
850 3017 965 3051 cum
1002 2999 1218 3051 MedioL
1246 3009 1302 3051 et
1331 3001 1493 3053 Goth.
1531 3019 1636 3054 sec.
1711 3020 1772 3054 ee
1803 3001 1911 3054 tele
1945 3003 2096 3054 Rom.
2132 3005 2468 3068 (corruptum,

218 3081 357 3123 teste
392 3069 660 3135 Bouario,
694 3087 727 3122 a
763 3068 1057 3120 recentiore
1092 3085 1271 3133 manu3
1325 3087 1445 3122 nam
1479 3071 1624 3140 prius
1660 3071 1716 3122 in
1759 3089 1822 3123 eo
1858 3070 1977 3122 cod.
2011 3071 2262 3138 scriptum
2295 3069 2469 3120 fuerat

218 3143 271 3192 is
302 3139 418 3193 teli.
470 3141 616 3207 Wr.)
686 3139 776 3192 Itis
816 3139 943 3190 telis
985 3138 1165 3192 Schol.
1198 3141 1353 3191 statii
1402 3141 1544 3208 apud
1582 3140 1759 3193 Heius.
1830 3142 1920 3191 his
1951 3152 1992 3191 t.
2025 3152 2080 3191 et
2112 3157 2167 3191 ν.
2201 3137 2299 3189 Ed.
2333 3139 2467 3190 Ven.

219 3222 377 3262 actor
410 3209 573 3260 Goth.
608 3218 732 3261 tert.
790 3209 865 3258 lo.
882 3207 1155 3259 Schrader.
1193 3207 1363 3260 locum
1388 3227 1487 3277 pro
1525 3209 1807 3279 desperato
1839 3208 2085 3261 hebebat-
2154 3211 2344 3258 Sensus
2378 3217 2466 3259 te·-

218 3278 1003 3400 genhplanunztv.tNgtem.⁷51
1054 3278 1159 3332 750
1204 3280 1383 3399 mcci?
1426 3279 1586 3398 intert-¹
1621 3277 1859 3400 notnnulli
1905 3277 2039 3397 Ρὶἳ.
2075 3275 2314 3396 ettlvffaeid⁴
2350 3293 2466 3398 0:1¹?

271 3365 303 3398 o
370 3366 524 3399 ,κα
575 3365 603 3398 e
698 3363 755 3398 er
1092 3363 1331 3399 ueaee
1446 3365 1495 3400 u.
1589 3365 1682 3398 ore
1793 3367 1830 3399 1.
1907 3364 2110 3398 onere
2195 3363 2340 3397 em.
2450 3382 2466 3397 .

218 3416 324 3472 753
358 3417 743 3486 Collapeosque
776 3433 880 3468 see.
914 3365 1104 3466 Murci.
1151 3365 1481 3488 ‘conlapsa‘
1509 3417 1695 3468 Medic.
1734 3433 1819 3483 ap.
1845 3363 2066 3483 FPoggin.
2101 3415 2242 3482 Wr.)
2288 3363 2468 3466 {rcus

216 3487 339 3538 Exc.
375 3487 649 3538 Burmann.
752 3483 857 3540 754
890 3489 1021 3536 Ante
1048 3485 1227 3536 noina.
1258 3486 1345 3538 illc·
1376 3488 1435 3537 in
1456 3504 1534 3556 p.‚
1571 3485 1744 3553 quod,
1777 3485 1914 3536 Pier.
1951 3495 2005 3535 et
2038 3501 2162 3534 suos
2197 3492 2464 3552 sequutus,

219 3556 394 3608 eiecit.
496 3556 601 3610 756
635 3551 971 3622 Defugiunt,
1007 3553 1363 3625 Deffugiunt,
1394 3553 1501 3605 duo
1533 3555 1706 3606 Burm.
1822 3554 1926 3608 757
1960 3571 2026 3604 ea
2059 3572 2103 3604 c.
2121 3553 2332 3622 suisset
2356 3555 2462 3602 Zu—

215 3625 339 3677 lich.
374 3643 423 3678 v.
458 3625 527 3676 ad
559 3623 653 3676 lib.
692 3625 826 3688 vm,
862 3623 982 3676 396.
1052 3625 1221 3674 Totus
1256 3641 1435 3675 versus
1472 3623 1737 3675 exciderat
1766 3623 1922 3673 Goth.
1957 3630 2083 3673 tert.
2121 3622 2372 3674 hocloco
2409 3631 2464 3672 et

220 3701 335 3745 eret
368 3694 593 3744 insertus
628 3701 756 3760 post
787 3709 861 3743 ve.
897 3691 1017 3746 759.
1119 3692 1223 3747 758
1261 3692 1536 3756 orminos,
1583 3693 1874 3744 Burmanno
1920 3700 2197 3754 monente,
2234 3689 2464 3741 malebat

219 3763 520 3814 admittere.
594 3761 757 3812 Goth.
793 3769 919 3812 tert.
941 3773 1157 3831 portae.
1258 3762 1363 3816 760
1392 3760 1630 3830 infanda
1675 3779 1720 3812 ο.
1757 3760 1962 3829 aliquot
2010 3760 2146 3816 Pier.
2196 3769 2250 3810 et
2283 3756 2462 3812 Heius.

218 3848 335 3884 cnm
368 3829 535 3884 Goth.
568 3849 673 3884 nee.
708 3839 765 3882 et
795 3839 919 3884 tert.
972 3829 1133 3898 (udde
1166 3833 1220 3886 7.
1253 3832 1307 3884 9.
1348 3831 1493 3896 Wr.)
1575 3831 1838 3882 immuta
1871 3828 2008 3880 eud.
2061 3844 2162 3896 pro
2199 3829 2306 3880 div.
2337 3827 2460 3880 lect.

218 4007 329 4064 dea
344 4007 536 4088 πνοιῇ
545 3993 667 4083 ἦκα
693 3999 853 4084 μάλα
868 4001 1116 4085 ψύξασα
1132 4023 1301 4061 aver·-
1380 4005 1457 4078 n,
1493 4001 1637 4068 104.
1683 4013 1741 4061 et
1768 4001 1926 4083 apud
1951 4003 2276 4061 Homerum
2302 3999 2462 4062 haud

216 4095 288 4150 tit
342 4091 527 4149 telum
583 4093 843 4150 Hectoris
918 4092 989 4148 ab
1046 4087 1293 4147 Achille.
1377 4108 1497 4148 uno
1523 4089 1675 4147 loco.
1760 4089 1907 4154 757.
1935 4085 2040 4150 nal
2063 4083 2140 4150 νύ
2161 4109 2266 4150 κεν
2283 4085 2462 4167 ἔπρη-

218 4175 365 4242 748.
410 4195 599 4253 neque
620 4177 779 4232 enim-
805 4177 859 4233 ίε
887 4176 993 4232 teli
1022 4195 1131 4232 nec
1158 4173 1301 4230 vul-
1386 4192 1491 4236 σεν
1511 4173 1662 4256 πυρὶ
1707 4183 1818 4232 eto.
1863 4171 2027 4231 Iliad.
2075 4179 2155 4250 θ,
2197 4175 2324 4235 217
2350 4191 2460 4251 eq„

216 4263 374 4319 neris
416 4270 667 4330 auctor,
716 4271 781 4318 ut
824 4271 893 4319 tu
936 4259 1193 4338 effugere
1222 4261 1299 4316 il-
1383 4270 1442 4318 et
1466 4260 1580 4318 alia
1608 4259 1876 4338 exempla
1901 4257 2068 4316 Iliad.
2101 4276 2136 4319 σ
2151 4301 2170 4334 ,
2210 4257 2334 4321 454
2352 4298 2368 4327 ,
2404 4264 2462 4311 et

218 4345 322 4406 lud
355 4349 572 4426 possis3
631 4347 817 4404 immo
859 4366 999 4406 vero
1053 4346 1299 4403 infertur
1381 4367 1452 4422 φ,
1481 4343 1626 4410 544.
1712 4344 1779 4402 Si
1815 4343 2176 4402 meminisset
2220 4341 2460 4398 Turnus

214 4433 397 4491 telum
426 4442 486 4489 et
512 4433 724 4490 vulnus
752 4450 787 4489 a
813 4433 939 4490 viro
964 4431 1295 4489 fortissimo.
1376 4441 1610 4509 portam
1653 4429 1822 4488 castri
1875 4429 2122 4486 Troiani
2161 4424 2456 4496 revellere,

214 4516 358 4582 754.
386 4518 601 4578 vulnus
628 4519 801 4600 quale
831 4515 987 4598 apud
1014 4517 1291 4598 Apollon.
1378 4513 1455 4574 ad
1507 4533 1642 4574 suos
1695 4509 2118 4572 admittendos:
2207 4517 2458 4569 castrum
