3009 5050
596 408 1202 485 AENEIDOS
1256 410 1465 487 Lm.
1509 410 1674 507 ΧΠ,
1729 418 2160 489 606-628
2349 422 2496 493 793

352 598 665 677 Interea
700 607 1053 671 extremo
1076 593 1425 669 bellator
1451 595 1533 669 in
1573 618 1924 696 aequore
1959 601 2278 673 Turnus

250 698 593 776 Palantis
640 699 996 798 sequitur
1012 720 1354 798 paucos,
1408 698 1564 773 iam
1594 701 1947 797 segnior,
2003 714 2242 802 atque
2347 708 2496 781 615

250 807 425 880 Iam
450 804 715 878 minus
758 815 994 901 atque
1027 802 1293 877 minus
1314 826 1689 878 successu
1721 798 1970 878 laetus
2002 829 2418 905 equorum.

252 904 560 984 Adtulit
588 906 802 981 hunc
829 905 942 979 illi
976 905 1223 980 caecis
1259 904 1696 981 terroribus
1730 931 1914 981 aura

254 1012 771 1089 Conmixtum
807 1007 1277 1104 clamorem,
1331 1008 1844 1108 adrectasque
1877 1009 2164 1108 inpulit
2194 1010 2399 1085 auris

259 1112 659 1192 Confusae
688 1136 933 1187 sonus
961 1111 1179 1187 urbis
1218 1124 1301 1187 et
1324 1110 1774 1187 inlaetabile
1803 1136 2192 1189 murmur.

253 1218 409 1293 Hei
486 1216 739 1293 mihi!
874 1214 1071 1317 quid
1154 1228 1377 1291 tanto
1472 1214 1896 1291 turbantur
1977 1215 2300 1291 moenia
2381 1213 2503 1290 lu·-

742 1382 759 1390 -
1422 1327 1604 1396 ctu?
1945 1378 1952 1387 .
2349 1327 2503 1398 620

262 1422 557 1517 Quisve
604 1422 767 1495 ruit
794 1434 1057 1497 tantus
1080 1420 1395 1497 'diversa
1436 1422 1740 1497 clamor
1775 1419 1871 1495 ab
1903 1419 2106 1497 urbe
2127 1428 2166 1497 P

260 1526 391 1601 Sic
419 1526 560 1621 ait,
616 1522 1135 1625 adductisque
1163 1548 1436 1601 amens
1471 1524 1819 1601 subsistit
1847 1524 2200 1603 habenis,

258 1636 522 1729 Atque
550 1628 773 1724 huic,
819 1630 900 1704 in
942 1624 1229 1704 faciem
1258 1653 1489 1705 soror
1520 1641 1612 1704 ut
1643 1650 2018 1703 conversa
2047 1628 2353 1703 Metisci

258 1734 597 1829 Aurigae
624 1754 1107 1832 currumque
1142 1747 1223 1808 et
1270 1756 1524 1834 equos
1559 1746 1638 1808 et
1665 1732 1834 1807 lora
1863 1732 2210 1828 regebat,

262 1836 585 1912 Talibus
666 1838 1010 1912 occurrit
1089 1836 1313 1912 dictis
1346 1867 1365 1910 ε
1464 1840 1632 1911 Hac
1663 1900 1684 1936 ‚
1791 1841 2066 1913 Turne
2099 1896 2122 1931 ‚

1418 1964 1607 2015 mur

262 2042 791 2140 TroiugenaS,
848 2066 1001 2143 qua
1034 2044 1291 2144 prima
1320 2043 1528 2117 viam
1563 2042 1884 2117 victoria
1915 2040 2227 2143 pandit3

264 2146 468 2223 Sunt
506 2145 670 2242 alii,
715 2147 849 2247 qui
876 2158 1079 2223 tecta
1117 2172 1364 2222 manu
1398 2144 1842 2223 defendere
1873 2147 2198 2245 possint.

258 2250 568 2345 Ingruit
592 2253 900 2324 Aeneas
928 2249 1169 2347 Italis,
1216 2262 1298 2325 et
1336 2249 1638 2349 proelia
1673 2250 1989 2343 miscet3

2224 1856 2507 1935 sequa-

2355 1946 2504 2017 625

369 2436 472 2491 617
500 2436 607 2487 huc
632 2455 714 2506 pr.
732 2436 933 2489 Hamb.
963 2454 994 2488 a
1018 2453 1084 2488 m.
1117 2455 1221 2491 sec.
1272 2439 1447 2490 caeeis
1466 2436 1558 2489 illi
1582 2436 1730 2489 Rom.
1755 2454 1788 2487 a
1811 2454 1884 2489 m.
1909 2454 1991 2505 pr.
2042 2433 2373 2488 clamoribus
2401 2440 2512 2487 Zu-

260 2502 388 2558 lich.
422 2522 453 2558 a
488 2522 556 2556 m.
590 2521 697 2559 sec.
736 2516 790 2558 et
826 2504 988 2560 Goth.
1023 2514 1145 2558 tert.
1244 2506 1351 2560 618
1381 2524 1483 2576 quo
1515 2504 1670 2558 abest
1715 2506 1948 2558 Parthas.
2020 2518 2379 2578 arreptaeque
2414 2504 2512 2557 Ed.

264 2591 349 2643 pr.
387 2576 659 2628 Burmann.
696 2578 876 2643 (auris
908 2575 1122 2639 Medic.²
1154 2575 1249 2627 sed
1285 2576 1308 2628 ἱ
1340 2575 1393 2627 in
1430 2595 1459 2626 e
1492 2585 1703 2627 mutata.
1749 2579 1831 2630 W
1827 2575 1894 2639 r.)
2031 2575 2134 2630 620
2165 2577 2236 2626 Ei
2271 2573 2352 2624 vel
2389 2577 2514 2626 Heu

265 2643 431 2698 multi.
482 2643 613 2710 (vid.
648 2645 716 2697 V.
742 2645 803 2697 [a.
838 2644 905 2696 ad
940 2645 1002 2710 11,
1036 2645 1156 2698 274.
1204 2646 1348 2711 Wr.)
1400 2645 1547 2714 quod
1582 2655 1621 2695 t.
1647 2644 1844 2696 zulich.
1875 2661 1906 2696 a
1934 2661 2002 2694 m.
2027 2661 2109 2711 pr.
2215 2645 2316 2698 621
2339 2643 2514 2710 Quid·-

266 2731 334 2766 νο
367 2713 565 2764 Zulich.
604 2721 659 2764 et
692 2713 929 2768 Parrhas-
1002 2717 1137 2779 Quis
1168 2715 1321 2837 216e²r12i⁸
1354 2727 1395 2767 t.
1423 2715 1547 2835 ἔτί.
1567 2784 1578 2795 .
1619 2726 1816 2834 ritule-oi
1837 2723 1948 2765 tres
1981 2715 2154 2766 Burm.
2221 2711 2516 2836 adsgblzrfa

650 2870 693 2905 r.
762 2853 891 2904 hinc
924 2853 1058 2904 alter
1092 2853 1279 2904 Hamb.
1320 2795 1377 2834 u
1418 2795 1856 2920 Gggtgarrzgue
1886 2801 2036 2905 2:32:
2069 2801 2192 2904 ald.
2260 2801 2520 2903 currum-⁶-

304 2939 375 2972 uo
406 2919 493 2972 ed.
544 2920 607 2972 Al
648 2958 663 2973 .
708 2929 833 2974 tert.
870 2919 1044 2972 dedit:
1095 2922 1253 2990 idque
1300 2920 1435 2972 libb.
1484 2922 1622 2973 Picr.
1673 2932 1728 2972 et
1771 2921 1950 2973 Heius.
1985 2932 2195 2973 tuentur
2229 2939 2344 2974 cnm
2379 2920 2516 2972 binis

252 3011 257 3018 ·
322 2991 436 3043 oth.
491 2991 629 3042 conf.
666 2991 762 3058 lx,
798 2991 879 3045 12.
949 3009 1171 3042 currum
1206 2993 1301 3060 qui
1331 2990 1439 3042 duo
1488 2991 1744 3044 Rottend.
1815 2987 2034 3050 tenebat
2081 2988 2214 3042 eud.
2266 3009 2297 3043 a
2329 3008 2400 3043 m.
2437 3006 2517 3059 pr.

270 3070 326 3143 qt
359 3077 441 3130 pr.
472 3059 663 3144 ploret.-
803 3059 904 3114 625
940 3065 1021 3112 Ac
1054 3061 1275 3144 Dorvill.
1372 3061 1478 3128 (—
1509 3059 1624 3113 626.
1661 3059 1962 3140 Heinriehio
2003 3062 2276 3123 Victoria,
2319 3062 2518 3144 maiore

268 3129 667 3250 ῗξῖ’ἳηὲῗ.“”ἐῗ’
682 3129 1327 3270 ἑ.ῗῖ’ὶῗὲἷί.ῗῗῗ.ζ’ἶῗζῗ“
1370 3127 1610 3251 m...
1653 3131 1754 3266 ῗῗῖ
1781 3143 2036 3254 33,ῗῖῗὶ
2052 3139 2518 3266 θεῗὲῗῖιᾶωἱὲἑᾟ

272 3269 375 3322 628
410 3270 644 3338 Ingruoe
679 3269 883 3337 Hagen.
936 3271 1115 3321 Irruit
1148 3269 1351 3322 Montal
1388 3305 1403 3322 .
1440 3278 1493 3319 et
1525 3285 1560 3320 ι
1590 3286 1660 3320 m.
1701 3286 1782 3339 pr.
1819 3267 2018 3321 zulich.
2069 3270 2204 3320 Tum
2239 3272 2288 3320 Ι.
2324 3274 2392 3322 A.
2417 3288 2519 3322 ar-

268 2793 394 2835 tert.
446 2783 697 2835 Rottend.
746 2791 803 2835 et
848 2785 1049 2850 Hagen.

268 2851 405 2904 Gud.
444 2870 475 2904 a
510 2869 578 2904 m.

270 3408 393 3468 foci
418 3410 481 3466 in
508 3410 835 3490 propinquo
851 3413 1051 3470 stantis
1082 3411 1175 3487 (ut
1190 3409 1354 3470 Iliad.
1436 3411 1598 3489 Ergo
1627 3429 1934 3468 successus
1972 3405 2036 3468 h.
2063 3411 2104 3469 l.
2133 3431 2258 3470 non
2285 3422 2370 3471 est
2395 3411 2521 3469 for-

276 3512 331 3569 σ,
362 3499 443 3558 23
474 3494 549 3553 de
575 3493 845 3573 Achille)
885 3495 993 3555 sed
1036 3510 1094 3557 et
1121 3498 1195 3556 de
1220 3498 1359 3577 pul-

270 3599 411 3640 vere
441 3583 688 3639 occurrit
719 3579 921 3661 Odyss.
954 3605 1023 3658 ω,
1054 3584 1197 3650 315.
1237 3583 1360 3641 Ca-

274 3667 483 3724 nitiem
502 3677 662 3724 ima
688 3677 871 3746 atque
894 3667 1097 3747 infuso
1104 3669 1359 3746 pulvere

265 3750 537 3829 foedam
554 3774 574 3808 .·
636 3755 961 3832 praeiverat
1009 3756 1127 3812 iam
1156 3755 1361 3813 Catul-

278 3837 367 3893 lus
410 3839 635 3912 LXIII,
666 3837 821 3914 224,
852 3849 920 3897 nt
958 3841 1135 3898 etiam
1160 3843 1360 3899 moni-

256 3931 409 3978 ttum
435 3941 471 3979 a
498 3925 761 3981 Guellio:

366 4006 518 4071 614.
544 4007 959 4067 Revooandum
986 4010 1047 4066 in
1078 4011 1359 4085 animum,

280 4091 443 4172 quod
472 4094 745 4151 Turnum
771 4097 1012 4152 Iuturna
1051 4095 1125 4153 ad
1167 4107 1362 4153 extre-

280 4195 411 4234 mos
440 4178 667 4237 ordines
698 4179 1045 4238 deduxerat:
1076 4199 1201 4261 sup.
1236 4180 1359 4246 483

280 4281 410 4342 sqq.
468 4268 615 4327 616.
640 4268 811 4324 tristis
840 4276 899 4324 et
926 4267 1198 4324 sollicitus
1223 4285 1363 4323 suc-

282 4365 453 4404 ees-m
478 4367 763 4427 equorum
784 4393 811 4423 ,
866 4371 1012 4432 quos
1050 4353 1267 4410 viribus
1296 4371 1361 4410 ac

282 4451 455 4491 cursu
512 4431 759 4493 deficere
813 4434 1052 4496 tandem
1109 4437 1361 4496 videbat.

1439 3507 1645 3570 tunae,
1689 3493 1793 3556 sed
1841 3515 2136 3574 processus
2155 3542 2170 3572 ,
2215 3515 2521 3576 procursus

1442 3600 1759 3662 equom,
1815 3585 1976 3640 ouius
2009 3585 2278 3642 velocitas
2307 3584 2520 3642 sensim

1439 3670 1772 3750 sensimque
1789 3669 2273 3728 imminuebatur.
2339 3668 2522 3729 Vide.-

1438 3763 1538 3812 ται·
1561 3764 1736 3834 poeta
1761 3771 1968 3813 vocem
1989 3757 2424 3836 exquisitiorem
2446 3754 2522 3814 ad

1438 3841 1825 3918 significum
1891 3843 2084 3899 miuus
2143 3843 2520 3924 frequentem

1438 3925 1779 3984 induxisse.
1866 3927 2180 4002 (successu
2195 3974 2212 4002 ‚
2269 3947 2520 4009 pugnae,

1444 4021 1615 4091 puta,
1671 4031 1754 4070 sc.
1795 4015 2068 4094 equestris
2087 4059 2102 4086 ‚
2163 4016 2238 4072 ob
2279 4013 2522 4073 tardita-

1442 4107 1568 4154 tem
1595 4100 1796 4178 utique
1816 4143 1834 4172 ,
1877 4099 2036 4180 quod
2075 4109 2280 4177 sponte
2306 4099 2522 4156 intelli-

1445 4185 1628 4261 gitur,
1703 4203 2006 4264 equorum.
2073 4183 2258 4261 Wr.)
2375 4187 2520 4246 617.

1446 4270 1640 4326 caecis
1665 4269 1985 4326 terr-oribus
2000 4315 2016 4344 ,
2064 4284 2313 4348 quorum
2351 4288 2522 4328 caus-

1444 4373 1571 4412 sam
1598 4355 1920 4432 ignorabat.
2007 4357 2154 4417 621.
2181 4353 2421 4410 diversa
2441 4351 2522 4410 ab

1448 4438 1622 4514 urbe,
1672 4441 1734 4496 in
1763 4437 1984 4498 dit-ersa
2024 4450 2186 4518 parte
2213 4440 2355 4498 sita:
2401 4439 2523 4498 cla-
