<?xml version="1.0" encoding="UTF-8"?>
<!DOCTYPE html PUBLIC "-//W3C//DTD XHTML 1.0 Transitional//EN"
    "http://www.w3.org/TR/xhtml1/DTD/xhtml1-transitional.dtd">
<html xmlns="http://www.w3.org/1999/xhtml" xml:lang="en" lang="en">
 <head>
  <title>
</title>
<meta http-equiv="Content-Type" content="text/html;charset=utf-8" />
  <meta name='ocr-system' content='tesseract 3.04.00' />
  <meta name='ocr-capabilities' content='ocr_page ocr_carea ocr_par ocr_line ocrx_word'/>
</head>
<body>
  <div class='ocr_page' id='page_1' title='image "./pvblivsvirgiliv00unkngoog_0281.png"; bbox 0 0 3009 5050; ppageno 0'>
   <div class='ocr_carea' id='block_1_1' title="bbox 796 1488 2316 1621">
    <p class='ocr_par' dir='ltr' id='par_1_1' title="bbox 796 1488 2316 1621">
     <span class='ocr_line' id='line_1_1' title="bbox 796 1488 2316 1621; baseline 0 -4"><span class='ocrx_word' id='word_1_1' title='bbox 796 1488 2316 1621; x_wconf 69' lang='lat' dir='ltr'><strong>P.V1RG1L11MARONIS</strong></span> 
     </span>
    </p>
   </div>
   <div class='ocr_carea' id='block_1_2' title="bbox 434 1716 2715 2079">
    <p class='ocr_par' dir='ltr' id='par_1_2' title="bbox 434 1716 2715 2079">
     <span class='ocr_line' id='line_1_2' title="bbox 434 1716 2715 1881; baseline -0.001 -24"><span class='ocrx_word' id='word_1_2' title='bbox 434 1748 533 1857; x_wconf 81' lang='lat' dir='ltr'>A</span> <span class='ocrx_word' id='word_1_3' title='bbox 759 1751 846 1855; x_wconf 86' lang='lat' dir='ltr'>E</span> <span class='ocrx_word' id='word_1_4' title='bbox 1054 1752 1160 1860; x_wconf 88' lang='grc' dir='ltr'><strong>Ν</strong></span> <span class='ocrx_word' id='word_1_5' title='bbox 1385 1752 1474 1855; x_wconf 88' lang='grc' dir='ltr'>Ε</span> <span class='ocrx_word' id='word_1_6' title='bbox 1686 1752 1730 1855; x_wconf 89' lang='lat'><em>1</em></span> <span class='ocrx_word' id='word_1_7' title='bbox 1950 1752 2051 1857; x_wconf 89' lang='lat' dir='ltr'>D</span> <span class='ocrx_word' id='word_1_8' title='bbox 2280 1744 2392 1855; x_wconf 88' lang='lat' dir='ltr'>O</span> <span class='ocrx_word' id='word_1_9' title='bbox 2523 1716 2715 1881; x_wconf 74' lang='lat' dir='ltr'><strong>&#39;s</strong></span> 
     </span>
     <span class='ocr_line' id='line_1_3' title="bbox 951 1982 2172 2079; baseline -0.003 0"><span class='ocrx_word' id='word_1_10' title='bbox 951 1982 2172 2079; x_wconf 88' lang='lat' dir='ltr'><strong>LIBERNONUS</strong></span> 
     </span>
    </p>
   </div>
   <div class='ocr_carea' id='block_1_3' title="bbox 1373 2222 1757 2231">
    <p class='ocr_par' dir='ltr' id='par_1_3' title="bbox 1373 2222 1757 2231">
     <span class='ocr_line' id='line_1_4' title="bbox 1373 2222 1757 2231; baseline 0 2819"><span class='ocrx_word' id='word_1_11' title='bbox 1373 2222 1757 2231; x_wconf 95' lang='lat' dir='ltr'><strong> </strong></span> 
     </span>
    </p>
   </div>
   <div class='ocr_carea' id='block_1_4' title="bbox 1077 2367 2013 2431">
    <p class='ocr_par' dir='ltr' id='par_1_4' title="bbox 1077 2367 2013 2431">
     <span class='ocr_line' id='line_1_5' title="bbox 1077 2367 2013 2431; baseline -0.002 0"><span class='ocrx_word' id='word_1_12' title='bbox 1077 2367 2013 2431; x_wconf 78' lang='lat' dir='ltr'><strong>ARGUMENTUM</strong></span> 
     </span>
    </p>
   </div>
   <div class='ocr_carea' id='block_1_5' title="bbox 399 2522 2717 4540">
    <p class='ocr_par' dir='ltr' id='par_1_5' title="bbox 399 2522 2717 4540">
     <span class='ocr_line' id='line_1_6' title="bbox 427 2522 2672 2656; baseline 0.001 -26"><span class='ocrx_word' id='word_1_13' title='bbox 427 2522 726 2636; x_wconf 83' lang='lat' dir='ltr'><strong>Absente</strong></span> <span class='ocrx_word' id='word_1_14' title='bbox 765 2578 966 2634; x_wconf 87' lang='lat' dir='ltr'><strong>Aenea</strong></span> <span class='ocrx_word' id='word_1_15' title='bbox 1009 2585 1066 2634; x_wconf 87' lang='lat' dir='ltr'><strong>et</strong></span> <span class='ocrx_word' id='word_1_16' title='bbox 1105 2576 1168 2634; x_wconf 89' lang='lat' dir='ltr'><strong>in</strong></span> <span class='ocrx_word' id='word_1_17' title='bbox 1213 2577 1430 2635; x_wconf 81' lang='lat' dir='ltr'><strong>Tuscia</strong></span> <span class='ocrx_word' id='word_1_18' title='bbox 1469 2574 1877 2656; x_wconf 74' lang='lat' dir='ltr'><strong>conquirendis</strong></span> <span class='ocrx_word' id='word_1_19' title='bbox 1930 2577 2156 2634; x_wconf 79' lang='lat' dir='ltr'><strong>auxiliis</strong></span> <span class='ocrx_word' id='word_1_20' title='bbox 2198 2585 2479 2654; x_wconf 88' lang='lat' dir='ltr'><strong>occupato</strong></span> <span class='ocrx_word' id='word_1_21' title='bbox 2510 2575 2672 2632; x_wconf 86' lang='lat' dir='ltr'><strong>Tur-</strong></span> 
     </span>
     <span class='ocr_line' id='line_1_7' title="bbox 425 2659 2671 2742; baseline -0.001 -22"><span class='ocrx_word' id='word_1_22' title='bbox 425 2683 537 2720; x_wconf 84' lang='lat' dir='ltr'><strong>nus</strong></span> <span class='ocrx_word' id='word_1_23' title='bbox 567 2683 600 2720; x_wconf 87' lang='lat' dir='ltr'><strong>a</strong></span> <span class='ocrx_word' id='word_1_24' title='bbox 630 2666 852 2722; x_wconf 87' lang='lat' dir='ltr'><strong>Iunone</strong></span> <span class='ocrx_word' id='word_1_25' title='bbox 901 2683 1006 2742; x_wconf 89' lang='lat' dir='ltr'><strong>per</strong></span> <span class='ocrx_word' id='word_1_26' title='bbox 1045 2661 1262 2720; x_wconf 86' lang='lat' dir='ltr'><strong>Iridem</strong></span> <span class='ocrx_word' id='word_1_27' title='bbox 1305 2661 1636 2720; x_wconf 85' lang='lat' dir='ltr'><strong>admonitus</strong></span> <span class='ocrx_word' id='word_1_28' title='bbox 1653 2707 1669 2735; x_wconf 92' lang='lat'><strong>,</strong></span> <span class='ocrx_word' id='word_1_29' title='bbox 1734 2681 1811 2720; x_wconf 88' lang='lat' dir='ltr'><strong>ne</strong></span> <span class='ocrx_word' id='word_1_30' title='bbox 1840 2673 2065 2720; x_wconf 84' lang='lat' dir='ltr'><strong>tantam</strong></span> <span class='ocrx_word' id='word_1_31' title='bbox 2092 2662 2177 2720; x_wconf 89' lang='lat' dir='ltr'><strong>rei</strong></span> <span class='ocrx_word' id='word_1_32' title='bbox 2204 2663 2355 2718; x_wconf 90' lang='lat' dir='ltr'><strong>bene</strong></span> <span class='ocrx_word' id='word_1_33' title='bbox 2382 2659 2671 2740; x_wconf 76' lang='lat' dir='ltr'><strong>gerendae</strong></span> 
     </span>
     <span class='ocr_line' id='line_1_8' title="bbox 427 2743 2670 2828; baseline -0.001 -20"><span class='ocrx_word' id='word_1_34' title='bbox 427 2743 792 2808; x_wconf 76' lang='lat' dir='ltr'><strong>occasionem</strong></span> <span class='ocrx_word' id='word_1_35' title='bbox 820 2751 1124 2822; x_wconf 86' lang='lat' dir='ltr'><strong>amitteret,</strong></span> <span class='ocrx_word' id='word_1_36' title='bbox 1149 2766 1328 2828; x_wconf 88' lang='lat' dir='ltr'><strong>quam</strong></span> <span class='ocrx_word' id='word_1_37' title='bbox 1351 2751 1619 2827; x_wconf 80' lang='lat' dir='ltr'><strong>proxime</strong></span> <span class='ocrx_word' id='word_1_38' title='bbox 1645 2747 1721 2806; x_wconf 86' lang='lat' dir='ltr'><strong>ad</strong></span> <span class='ocrx_word' id='word_1_39' title='bbox 1746 2747 1937 2807; x_wconf 83' lang='lat' dir='ltr'><strong>hostes</strong></span> <span class='ocrx_word' id='word_1_40' title='bbox 1967 2749 2159 2826; x_wconf 83' lang='lat' dir='ltr'><strong>copias</strong></span> <span class='ocrx_word' id='word_1_41' title='bbox 2180 2747 2453 2806; x_wconf 81' lang='lat' dir='ltr'><strong>admovet</strong></span> <span class='ocrx_word' id='word_1_42' title='bbox 2468 2780 2554 2790; x_wconf 93' lang='lat'><strong>——</strong></span> <span class='ocrx_word' id='word_1_43' title='bbox 2568 2751 2670 2810; x_wconf 77' lang='grc'><strong>32.</strong></span> 
     </span>
     <span class='ocr_line' id='line_1_9' title="bbox 423 2833 2671 2915; baseline -0.001 -23"><span class='ocrx_word' id='word_1_44' title='bbox 423 2835 702 2906; x_wconf 78' lang='lat' dir='ltr'><strong>Quicum</strong></span> <span class='ocrx_word' id='word_1_45' title='bbox 729 2839 846 2895; x_wconf 88' lang='lat' dir='ltr'><strong>suis</strong></span> <span class='ocrx_word' id='word_1_46' title='bbox 891 2856 952 2892; x_wconf 86' lang='lat' dir='ltr'><strong>se</strong></span> <span class='ocrx_word' id='word_1_47' title='bbox 993 2835 1298 2892; x_wconf 88' lang='lat' dir='ltr'><strong>moenibus</strong></span> <span class='ocrx_word' id='word_1_48' title='bbox 1342 2835 1735 2906; x_wconf 84' lang='lat' dir='ltr'><strong>continerent,</strong></span> <span class='ocrx_word' id='word_1_49' title='bbox 1779 2853 1971 2915; x_wconf 90' lang='lat' dir='ltr'><strong>neque</strong></span> <span class='ocrx_word' id='word_1_50' title='bbox 2016 2851 2205 2914; x_wconf 88' lang='lat' dir='ltr'><strong>aequo</strong></span> <span class='ocrx_word' id='word_1_51' title='bbox 2254 2835 2384 2890; x_wconf 90' lang='lat' dir='ltr'><strong>loco</strong></span> <span class='ocrx_word' id='word_1_52' title='bbox 2414 2833 2671 2890; x_wconf 86' lang='lat' dir='ltr'><strong>facerent</strong></span> 
     </span>
     <span class='ocr_line' id='line_1_10' title="bbox 423 2917 2665 3001; baseline -0.002 -23"><span class='ocrx_word' id='word_1_53' title='bbox 423 2919 740 2980; x_wconf 77' lang='lat' dir='ltr'><strong>dimicandi</strong></span> <span class='ocrx_word' id='word_1_54' title='bbox 791 2932 1134 3001; x_wconf 84' lang='lat' dir='ltr'><strong>potestatem</strong></span> <span class='ocrx_word' id='word_1_55' title='bbox 1151 2964 1167 2992; x_wconf 91' lang='lat'><strong>,</strong></span> <span class='ocrx_word' id='word_1_56' title='bbox 1225 2930 1294 2977; x_wconf 90' lang='lat' dir='ltr'><strong>ut</strong></span> <span class='ocrx_word' id='word_1_57' title='bbox 1347 2921 1458 2978; x_wconf 88' lang='lat' dir='ltr'><strong>illis</strong></span> <span class='ocrx_word' id='word_1_58' title='bbox 1510 2939 1675 2998; x_wconf 84' lang='lat' dir='ltr'><strong>spem</strong></span> <span class='ocrx_word' id='word_1_59' title='bbox 1717 2939 1954 2978; x_wconf 88' lang='lat' dir='ltr'><strong>omnem</strong></span> <span class='ocrx_word' id='word_1_60' title='bbox 2008 2921 2182 2997; x_wconf 83' lang='lat' dir='ltr'><strong>fugae</strong></span> <span class='ocrx_word' id='word_1_61' title='bbox 2240 2917 2665 2990; x_wconf 80' lang='lat' dir='ltr'><strong>intercluderet,</strong></span> 
     </span>
     <span class='ocr_line' id='line_1_11' title="bbox 421 3003 2669 3068; baseline -0.003 -2"><span class='ocrx_word' id='word_1_62' title='bbox 421 3004 662 3066; x_wconf 73' lang='lat' dir='ltr'><strong>classem</strong></span> <span class='ocrx_word' id='word_1_63' title='bbox 702 3027 944 3066; x_wconf 86' lang='lat' dir='ltr'><strong>exurere</strong></span> <span class='ocrx_word' id='word_1_64' title='bbox 981 3015 1226 3064; x_wconf 88' lang='lat' dir='ltr'><strong>conatur</strong></span> <span class='ocrx_word' id='word_1_65' title='bbox 1251 3037 1337 3048; x_wconf 91' lang='lat'><strong>—--</strong></span> <span class='ocrx_word' id='word_1_66' title='bbox 1365 3009 1407 3067; x_wconf 89' lang='lat'>7</span> <span class='ocrx_word' id='word_1_67' title='bbox 1411 3009 1473 3068; x_wconf 90' lang='grc'><strong>6.</strong></span> <span class='ocrx_word' id='word_1_68' title='bbox 1558 3007 1701 3063; x_wconf 83' lang='lat' dir='ltr'><strong>Erat</strong></span> <span class='ocrx_word' id='word_1_69' title='bbox 1748 3006 1937 3064; x_wconf 88' lang='lat' dir='ltr'><strong>classis</strong></span> <span class='ocrx_word' id='word_1_70' title='bbox 1977 3005 2267 3064; x_wconf 88' lang='lat' dir='ltr'><strong>Troianae</strong></span> <span class='ocrx_word' id='word_1_71' title='bbox 2308 3003 2549 3062; x_wconf 81' lang='lat' dir='ltr'><strong>materia</strong></span> <span class='ocrx_word' id='word_1_72' title='bbox 2590 3023 2669 3060; x_wconf 84' lang='lat' dir='ltr'><strong>ex·</strong></span> 
     </span>
     <span class='ocr_line' id='line_1_12' title="bbox 423 3088 2668 3170; baseline -0.003 -18"><span class='ocrx_word' id='word_1_73' title='bbox 423 3093 632 3152; x_wconf 82' lang='lat' dir='ltr'><strong>Idaeae</strong></span> <span class='ocrx_word' id='word_1_74' title='bbox 660 3095 855 3153; x_wconf 87' lang='lat' dir='ltr'><strong>Matris</strong></span> <span class='ocrx_word' id='word_1_75' title='bbox 886 3094 1018 3150; x_wconf 89' lang='lat' dir='ltr'><strong>luco</strong></span> <span class='ocrx_word' id='word_1_76' title='bbox 1048 3107 1244 3149; x_wconf 84' lang='lat' dir='ltr'><strong>caesa:</strong></span> <span class='ocrx_word' id='word_1_77' title='bbox 1299 3102 1651 3169; x_wconf 88' lang='lat' dir='ltr'><strong>quapropter</strong></span> <span class='ocrx_word' id='word_1_78' title='bbox 1677 3093 1874 3149; x_wconf 87' lang='lat' dir='ltr'><strong>Matris</strong></span> <span class='ocrx_word' id='word_1_79' title='bbox 1904 3093 2168 3170; x_wconf 87' lang='lat' dir='ltr'><strong>precibus</strong></span> <span class='ocrx_word' id='word_1_80' title='bbox 2198 3088 2476 3148; x_wconf 85' lang='lat' dir='ltr'><strong>adductus</strong></span> <span class='ocrx_word' id='word_1_81' title='bbox 2502 3091 2668 3168; x_wconf 87' lang='lat' dir='ltr'><strong>Iupi—</strong></span> 
     </span>
     <span class='ocr_line' id='line_1_13' title="bbox 419 3174 2666 3256; baseline -0.001 -19"><span class='ocrx_word' id='word_1_82' title='bbox 419 3190 509 3236; x_wconf 79' lang='lat' dir='ltr'><strong>ter</strong></span> <span class='ocrx_word' id='word_1_83' title='bbox 535 3199 712 3236; x_wconf 82' lang='lat' dir='ltr'><strong>naves</strong></span> <span class='ocrx_word' id='word_1_84' title='bbox 742 3198 946 3235; x_wconf 88' lang='lat' dir='ltr'><strong>omnes</strong></span> <span class='ocrx_word' id='word_1_85' title='bbox 987 3174 1257 3234; x_wconf 88' lang='lat' dir='ltr'><strong>incendio</strong></span> <span class='ocrx_word' id='word_1_86' title='bbox 1303 3177 1539 3254; x_wconf 88' lang='lat' dir='ltr'><strong>eripuit,</strong></span> <span class='ocrx_word' id='word_1_87' title='bbox 1584 3187 1641 3234; x_wconf 88' lang='lat' dir='ltr'><strong>et</strong></span> <span class='ocrx_word' id='word_1_88' title='bbox 1681 3178 1744 3234; x_wconf 89' lang='lat' dir='ltr'><strong>in</strong></span> <span class='ocrx_word' id='word_1_89' title='bbox 1788 3176 2036 3235; x_wconf 82' lang='lat' dir='ltr'><strong>totidem</strong></span> <span class='ocrx_word' id='word_1_90' title='bbox 2072 3175 2373 3256; x_wconf 77' lang='lat' dir='ltr'><strong>Nymphas</strong></span> <span class='ocrx_word' id='word_1_91' title='bbox 2414 3178 2666 3234; x_wconf 84' lang='lat' dir='ltr'><strong>marinas</strong></span> 
     </span>
     <span class='ocr_line' id='line_1_14' title="bbox 418 3259 2668 3326; baseline -0.001 -4"><span class='ocrx_word' id='word_1_92' title='bbox 418 3266 808 3322; x_wconf 81' lang='lat' dir='ltr'><strong>convertit—</strong></span> <span class='ocrx_word' id='word_1_93' title='bbox 841 3265 982 3326; x_wconf 78' lang='lat'><strong>122.</strong></span> <span class='ocrx_word' id='word_1_94' title='bbox 1067 3263 1206 3320; x_wconf 85' lang='lat' dir='ltr'><strong>Post</strong></span> <span class='ocrx_word' id='word_1_95' title='bbox 1223 3259 1368 3320; x_wconf 89' lang='lat' dir='ltr'><strong>haec</strong></span> <span class='ocrx_word' id='word_1_96' title='bbox 1397 3263 1741 3320; x_wconf 85' lang='lat' dir='ltr'><strong>imminente</strong></span> <span class='ocrx_word' id='word_1_97' title='bbox 1784 3263 1904 3320; x_wconf 87' lang='lat' dir='ltr'><strong>iam</strong></span> <span class='ocrx_word' id='word_1_98' title='bbox 1932 3273 2103 3322; x_wconf 87' lang='lat' dir='ltr'><strong>nocte</strong></span> <span class='ocrx_word' id='word_1_99' title='bbox 2132 3261 2369 3320; x_wconf 79' lang='lat' dir='ltr'><strong>Turnus</strong></span> <span class='ocrx_word' id='word_1_100' title='bbox 2399 3259 2668 3320; x_wconf 82' lang='lat' dir='ltr'><strong>adversus</strong></span> 
     </span>
     <span class='ocr_line' id='line_1_15' title="bbox 413 3345 2668 3428; baseline 0.001 -21"><span class='ocrx_word' id='word_1_101' title='bbox 413 3347 673 3408; x_wconf 84' lang='lat' dir='ltr'><strong>hostium</strong></span> <span class='ocrx_word' id='word_1_102' title='bbox 713 3350 1040 3426; x_wconf 80' lang='lat' dir='ltr'><strong>eruptiones</strong></span> <span class='ocrx_word' id='word_1_103' title='bbox 1085 3345 1160 3406; x_wconf 88' lang='lat' dir='ltr'><strong>ad</strong></span> <span class='ocrx_word' id='word_1_104' title='bbox 1201 3345 1402 3426; x_wconf 85' lang='lat' dir='ltr'><strong>oppidi</strong></span> <span class='ocrx_word' id='word_1_105' title='bbox 1442 3359 1675 3427; x_wconf 88' lang='lat' dir='ltr'><strong>portam</strong></span> <span class='ocrx_word' id='word_1_106' title='bbox 1702 3349 1973 3408; x_wconf 77' lang='lat' dir='ltr'><strong>excubias</strong></span> <span class='ocrx_word' id='word_1_107' title='bbox 2016 3347 2267 3428; x_wconf 70' lang='lat' dir='ltr'><strong>disponit</strong></span> <span class='ocrx_word' id='word_1_108' title='bbox 2282 3367 2301 3405; x_wconf 74' lang='grc' dir='ltr'><strong><em>ε</em></strong></span> <span class='ocrx_word' id='word_1_109' title='bbox 2350 3349 2419 3406; x_wconf 86' lang='lat' dir='ltr'><strong>iis</strong></span> <span class='ocrx_word' id='word_1_110' title='bbox 2446 3349 2668 3408; x_wconf 74' lang='lat' dir='ltr'><strong>Messa-</strong></span> 
     </span>
     <span class='ocr_line' id='line_1_16' title="bbox 413 3431 2663 3514; baseline 0.001 -24"><span class='ocrx_word' id='word_1_111' title='bbox 413 3453 560 3513; x_wconf 88' lang='lat' dir='ltr'><strong>pum</strong></span> <span class='ocrx_word' id='word_1_112' title='bbox 587 3434 846 3514; x_wconf 86' lang='lat' dir='ltr'><strong>praeficit</strong></span> <span class='ocrx_word' id='word_1_113' title='bbox 875 3467 952 3477; x_wconf 93' lang='lat'>—</span> <span class='ocrx_word' id='word_1_114' title='bbox 989 3436 1132 3496; x_wconf 87' lang='lat'><strong>167.</strong></span> <span class='ocrx_word' id='word_1_115' title='bbox 1215 3435 1456 3491; x_wconf 81' lang='lat' dir='ltr'><strong>Interim</strong></span> <span class='ocrx_word' id='word_1_116' title='bbox 1483 3436 1937 3494; x_wconf 73' lang='lat' dir='ltr'><strong>consultantibus</strong></span> <span class='ocrx_word' id='word_1_117' title='bbox 1966 3435 2361 3492; x_wconf 87' lang='lat' dir='ltr'><strong>Troianorum</strong></span> <span class='ocrx_word' id='word_1_118' title='bbox 2402 3431 2663 3508; x_wconf 86' lang='lat' dir='ltr'><strong>ducibus,</strong></span> 
     </span>
     <span class='ocr_line' id='line_1_17' title="bbox 415 3515 2717 3602; baseline 0 -26"><span class='ocrx_word' id='word_1_119' title='bbox 415 3539 733 3599; x_wconf 87' lang='lat' dir='ltr'><strong>quemnam</strong></span> <span class='ocrx_word' id='word_1_120' title='bbox 759 3519 1125 3598; x_wconf 87' lang='lat' dir='ltr'><strong>potissimum</strong></span> <span class='ocrx_word' id='word_1_121' title='bbox 1153 3515 1228 3576; x_wconf 88' lang='lat' dir='ltr'><strong>ad</strong></span> <span class='ocrx_word' id='word_1_122' title='bbox 1255 3519 1518 3578; x_wconf 86' lang='lat' dir='ltr'><strong>Aeneam</strong></span> <span class='ocrx_word' id='word_1_123' title='bbox 1546 3523 1858 3593; x_wconf 81' lang='lat' dir='ltr'><strong>mitterent,</strong></span> <span class='ocrx_word' id='word_1_124' title='bbox 1902 3523 2007 3602; x_wconf 91' lang='lat' dir='ltr'><strong>qui</strong></span> <span class='ocrx_word' id='word_1_125' title='bbox 2035 3519 2109 3580; x_wconf 89' lang='lat' dir='ltr'><strong>de</strong></span> <span class='ocrx_word' id='word_1_126' title='bbox 2136 3539 2376 3578; x_wconf 83' lang='lat' dir='ltr'><strong>suorum</strong></span> <span class='ocrx_word' id='word_1_127' title='bbox 2404 3520 2660 3600; x_wconf 85' lang='lat' dir='ltr'><strong>periculo</strong></span> <span class='ocrx_word' id='word_1_128' title='bbox 2712 3545 2717 3552; x_wconf 97' lang='lat'>·</span> 
     </span>
     <span class='ocr_line' id='line_1_18' title="bbox 415 3605 2661 3686; baseline 0.001 -26"><span class='ocrx_word' id='word_1_129' title='bbox 415 3625 555 3662; x_wconf 89' lang='lat' dir='ltr'><strong>eum</strong></span> <span class='ocrx_word' id='word_1_130' title='bbox 590 3606 806 3663; x_wconf 82' lang='lat' dir='ltr'><strong>faceret</strong></span> <span class='ocrx_word' id='word_1_131' title='bbox 843 3605 1177 3676; x_wconf 82' lang='lat' dir='ltr'><strong>certiorem3</strong></span> <span class='ocrx_word' id='word_1_132' title='bbox 1241 3605 1392 3663; x_wconf 85' lang='lat' dir='ltr'><strong>ultro</strong></span> <span class='ocrx_word' id='word_1_133' title='bbox 1437 3626 1569 3664; x_wconf 87' lang='lat' dir='ltr'><strong>eam</strong></span> <span class='ocrx_word' id='word_1_134' title='bbox 1612 3608 1975 3686; x_wconf 82' lang='lat' dir='ltr'><strong>provinciam</strong></span> <span class='ocrx_word' id='word_1_135' title='bbox 2025 3609 2344 3686; x_wconf 85' lang='lat' dir='ltr'><strong>suscipiunt</strong></span> <span class='ocrx_word' id='word_1_136' title='bbox 2392 3605 2557 3664; x_wconf 80' lang='lat' dir='ltr'><strong>Nisus</strong></span> <span class='ocrx_word' id='word_1_137' title='bbox 2601 3614 2661 3663; x_wconf 80' lang='lat' dir='ltr'><strong>et</strong></span> 
     </span>
     <span class='ocr_line' id='line_1_19' title="bbox 411 3689 2662 3772; baseline -0 -25"><span class='ocrx_word' id='word_1_138' title='bbox 411 3691 730 3769; x_wconf 82' lang='lat' dir='ltr'><strong>Euryalus,</strong></span> <span class='ocrx_word' id='word_1_139' title='bbox 791 3691 1325 3748; x_wconf 86' lang='lat' dir='ltr'><strong>coniunctissimum</strong></span> <span class='ocrx_word' id='word_1_140' title='bbox 1365 3693 1689 3750; x_wconf 66' lang='lat' dir='ltr'><strong>anticorum</strong></span> <span class='ocrx_word' id='word_1_141' title='bbox 1730 3713 1834 3772; x_wconf 88' lang='lat' dir='ltr'><strong>par</strong></span> <span class='ocrx_word' id='word_1_142' title='bbox 1861 3725 1947 3736; x_wconf 91' lang='lat'><strong>--</strong></span> <span class='ocrx_word' id='word_1_143' title='bbox 1974 3696 2095 3756; x_wconf 83' lang='lat'><strong>313</strong></span> <span class='ocrx_word' id='word_1_144' title='bbox 2117 3711 2137 3749; x_wconf 75' lang='grc' dir='ltr'><em>τ</em></span> <span class='ocrx_word' id='word_1_145' title='bbox 2193 3693 2294 3772; x_wconf 67' lang='lat' dir='ltr'><strong>qui</strong></span> <span class='ocrx_word' id='word_1_146' title='bbox 2338 3711 2473 3748; x_wconf 88' lang='lat' dir='ltr'><strong>cum</strong></span> <span class='ocrx_word' id='word_1_147' title='bbox 2514 3689 2662 3748; x_wconf 87' lang='lat' dir='ltr'><strong>urbe</strong></span> 
     </span>
     <span class='ocr_line' id='line_1_20' title="bbox 411 3773 2663 3860; baseline 0.001 -28"><span class='ocrx_word' id='word_1_148' title='bbox 411 3777 605 3833; x_wconf 83' lang='lat' dir='ltr'><strong>emissi</strong></span> <span class='ocrx_word' id='word_1_149' title='bbox 633 3773 887 3834; x_wconf 83' lang='lat' dir='ltr'><strong>hostium</strong></span> <span class='ocrx_word' id='word_1_150' title='bbox 916 3777 1184 3833; x_wconf 81' lang='lat' dir='ltr'><strong>excubias</strong></span> <span class='ocrx_word' id='word_1_151' title='bbox 1211 3779 1350 3836; x_wconf 80' lang='lat' dir='ltr'><strong>vino</strong></span> <span class='ocrx_word' id='word_1_152' title='bbox 1393 3797 1718 3860; x_wconf 87' lang='lat' dir='ltr'><strong>somnoque</strong></span> <span class='ocrx_word' id='word_1_153' title='bbox 1760 3779 1991 3836; x_wconf 83' lang='lat' dir='ltr'><strong>obrutas</strong></span> <span class='ocrx_word' id='word_1_154' title='bbox 2036 3777 2441 3851; x_wconf 86' lang='lat' dir='ltr'><strong>offendissent,</strong></span> <span class='ocrx_word' id='word_1_155' title='bbox 2496 3773 2663 3834; x_wconf 84' lang='lat' dir='ltr'><strong>Rha-</strong></span> 
     </span>
     <span class='ocr_line' id='line_1_21' title="bbox 408 3860 2663 3942; baseline 0 -23"><span class='ocrx_word' id='word_1_156' title='bbox 408 3871 672 3919; x_wconf 89' lang='lat' dir='ltr'><strong>mnetem</strong></span> <span class='ocrx_word' id='word_1_157' title='bbox 713 3879 851 3918; x_wconf 87' lang='lat' dir='ltr'><strong>cum</strong></span> <span class='ocrx_word' id='word_1_158' title='bbox 893 3879 1111 3939; x_wconf 85' lang='lat' dir='ltr'><strong>magno</strong></span> <span class='ocrx_word' id='word_1_159' title='bbox 1152 3863 1503 3922; x_wconf 83' lang='lat' dir='ltr'><strong>Rutulorum</strong></span> <span class='ocrx_word' id='word_1_160' title='bbox 1546 3883 1796 3922; x_wconf 85' lang='lat' dir='ltr'><strong>numero</strong></span> <span class='ocrx_word' id='word_1_161' title='bbox 1836 3860 2127 3922; x_wconf 88' lang='lat' dir='ltr'><strong>trucidant</strong></span> <span class='ocrx_word' id='word_1_162' title='bbox 2145 3908 2162 3938; x_wconf 90' lang='lat'><strong>,</strong></span> <span class='ocrx_word' id='word_1_163' title='bbox 2234 3881 2553 3942; x_wconf 88' lang='lat' dir='ltr'><strong>eorumque</strong></span> <span class='ocrx_word' id='word_1_164' title='bbox 2598 3883 2663 3920; x_wconf 89' lang='lat' dir='ltr'><strong>se</strong></span> 
     </span>
     <span class='ocr_line' id='line_1_22' title="bbox 407 3948 2661 4026; baseline -0.003 -15"><span class='ocrx_word' id='word_1_165' title='bbox 407 3949 602 4026; x_wconf 79' lang='lat' dir='ltr'><strong>spoliis</strong></span> <span class='ocrx_word' id='word_1_166' title='bbox 633 3957 918 4004; x_wconf 75' lang='lat' dir='ltr'><strong>exornant</strong></span> <span class='ocrx_word' id='word_1_167' title='bbox 943 3979 1029 3992; x_wconf 87' lang='grc'><strong>-·</strong></span> <span class='ocrx_word' id='word_1_168' title='bbox 1057 3949 1202 4012; x_wconf 85' lang='grc'><strong>866.</strong></span> <span class='ocrx_word' id='word_1_169' title='bbox 1285 3949 1509 4008; x_wconf 85' lang='lat' dir='ltr'><strong>Verum</strong></span> <span class='ocrx_word' id='word_1_170' title='bbox 1537 3969 1704 4024; x_wconf 88' lang='lat' dir='ltr'><strong>cum,</strong></span> <span class='ocrx_word' id='word_1_171' title='bbox 1761 3951 2010 4008; x_wconf 85' lang='lat' dir='ltr'><strong>instante</strong></span> <span class='ocrx_word' id='word_1_172' title='bbox 2048 3951 2171 4007; x_wconf 87' lang='lat' dir='ltr'><strong>iam</strong></span> <span class='ocrx_word' id='word_1_173' title='bbox 2213 3951 2375 4022; x_wconf 89' lang='lat' dir='ltr'><strong>luce,</strong></span> <span class='ocrx_word' id='word_1_174' title='bbox 2420 3969 2480 4006; x_wconf 89' lang='lat' dir='ltr'><strong>se</strong></span> <span class='ocrx_word' id='word_1_175' title='bbox 2509 3948 2661 4005; x_wconf 88' lang='lat' dir='ltr'><strong>reci-</strong></span> 
     </span>
     <span class='ocr_line' id='line_1_23' title="bbox 407 4033 2661 4116; baseline 0 -26"><span class='ocrx_word' id='word_1_176' title='bbox 407 4053 546 4114; x_wconf 87' lang='lat' dir='ltr'><strong>pere</strong></span> <span class='ocrx_word' id='word_1_177' title='bbox 587 4043 902 4107; x_wconf 87' lang='lat' dir='ltr'><strong>conantur,</strong></span> <span class='ocrx_word' id='word_1_178' title='bbox 961 4053 996 4090; x_wconf 89' lang='lat' dir='ltr'><strong>a</strong></span> <span class='ocrx_word' id='word_1_179' title='bbox 1034 4033 1354 4094; x_wconf 82' lang='lat' dir='ltr'><strong>Volscentis</strong></span> <span class='ocrx_word' id='word_1_180' title='bbox 1396 4037 1685 4116; x_wconf 87' lang='lat' dir='ltr'><strong>equitibus</strong></span> <span class='ocrx_word' id='word_1_181' title='bbox 1732 4036 2059 4113; x_wconf 86' lang='lat' dir='ltr'><strong>conspecti,</strong></span> <span class='ocrx_word' id='word_1_182' title='bbox 2119 4033 2195 4094; x_wconf 85' lang='lat' dir='ltr'><strong>ad</strong></span> <span class='ocrx_word' id='word_1_183' title='bbox 2237 4035 2405 4093; x_wconf 80' lang='lat' dir='ltr'><strong>silvas</strong></span> <span class='ocrx_word' id='word_1_184' title='bbox 2449 4034 2661 4092; x_wconf 76' lang='lat' dir='ltr'><strong>confu-</strong></span> 
     </span>
     <span class='ocr_line' id='line_1_24' title="bbox 403 4118 2659 4200; baseline 0 -24"><span class='ocrx_word' id='word_1_185' title='bbox 403 4120 594 4198; x_wconf 85' lang='lat' dir='ltr'><strong>giunt.</strong></span> <span class='ocrx_word' id='word_1_186' title='bbox 675 4119 764 4176; x_wconf 90' lang='lat' dir='ltr'><strong>Ibi</strong></span> <span class='ocrx_word' id='word_1_187' title='bbox 801 4119 1084 4198; x_wconf 86' lang='lat' dir='ltr'><strong>Euryalus</strong></span> <span class='ocrx_word' id='word_1_188' title='bbox 1101 4164 1118 4195; x_wconf 96' lang='lat'><strong>,</strong></span> <span class='ocrx_word' id='word_1_189' title='bbox 1171 4140 1468 4180; x_wconf 82' lang='lat' dir='ltr'><strong>annorum</strong></span> <span class='ocrx_word' id='word_1_190' title='bbox 1512 4119 1772 4200; x_wconf 87' lang='lat' dir='ltr'><strong>pondere</strong></span> <span class='ocrx_word' id='word_1_191' title='bbox 1814 4121 2061 4200; x_wconf 84' lang='lat' dir='ltr'><strong>viaeque</strong></span> <span class='ocrx_word' id='word_1_192' title='bbox 2088 4135 2283 4177; x_wconf 85' lang='lat' dir='ltr'><strong>errore</strong></span> <span class='ocrx_word' id='word_1_193' title='bbox 2326 4118 2659 4198; x_wconf 83' lang='lat' dir='ltr'><strong>impeditus,</strong></span> 
     </span>
     <span class='ocr_line' id='line_1_25' title="bbox 403 4201 2661 4285; baseline -0 -22"><span class='ocrx_word' id='word_1_194' title='bbox 403 4205 466 4263; x_wconf 88' lang='lat' dir='ltr'><strong>in</strong></span> <span class='ocrx_word' id='word_1_195' title='bbox 494 4202 684 4265; x_wconf 85' lang='lat' dir='ltr'><strong>hostes</strong></span> <span class='ocrx_word' id='word_1_196' title='bbox 724 4201 959 4279; x_wconf 85' lang='lat' dir='ltr'><strong>incidit,</strong></span> <span class='ocrx_word' id='word_1_197' title='bbox 1004 4215 1062 4264; x_wconf 93' lang='lat' dir='ltr'><strong>et</strong></span> <span class='ocrx_word' id='word_1_198' title='bbox 1101 4225 1136 4262; x_wconf 89' lang='lat' dir='ltr'><strong>a</strong></span> <span class='ocrx_word' id='word_1_199' title='bbox 1175 4205 1480 4265; x_wconf 84' lang='lat' dir='ltr'><strong>Volscente</strong></span> <span class='ocrx_word' id='word_1_200' title='bbox 1495 4250 1513 4279; x_wconf 88' lang='lat'><strong>,</strong></span> <span class='ocrx_word' id='word_1_201' title='bbox 1556 4207 1764 4264; x_wconf 81' lang='lat' dir='ltr'><strong>frustra</strong></span> <span class='ocrx_word' id='word_1_202' title='bbox 1804 4201 2148 4285; x_wconf 85' lang='lat' dir='ltr'><strong>deprecante</strong></span> <span class='ocrx_word' id='word_1_203' title='bbox 2176 4207 2347 4280; x_wconf 85' lang='lat' dir='ltr'><strong>Niso,</strong></span> <span class='ocrx_word' id='word_1_204' title='bbox 2390 4203 2661 4264; x_wconf 83' lang='lat' dir='ltr'><strong>confodi-</strong></span> 
     </span>
     <span class='ocr_line' id='line_1_26' title="bbox 403 4287 2660 4372; baseline -0.001 -23"><span class='ocrx_word' id='word_1_205' title='bbox 403 4301 499 4349; x_wconf 89' lang='lat' dir='ltr'><strong>tur</strong></span> <span class='ocrx_word' id='word_1_206' title='bbox 525 4325 612 4334; x_wconf 92' lang='lat'><strong>—</strong></span> <span class='ocrx_word' id='word_1_207' title='bbox 642 4287 789 4354; x_wconf 79' lang='lat'><strong>437.</strong></span> <span class='ocrx_word' id='word_1_208' title='bbox 872 4292 1041 4348; x_wconf 89' lang='lat' dir='ltr'><strong>Nisus</strong></span> <span class='ocrx_word' id='word_1_209' title='bbox 1076 4310 1327 4372; x_wconf 90' lang='lat' dir='ltr'><strong>quoque,</strong></span> <span class='ocrx_word' id='word_1_210' title='bbox 1371 4310 1539 4349; x_wconf 84' lang='lat' dir='ltr'><strong>caeso</strong></span> <span class='ocrx_word' id='word_1_211' title='bbox 1565 4291 1870 4350; x_wconf 87' lang='lat' dir='ltr'><strong>Volscente</strong></span> <span class='ocrx_word' id='word_1_212' title='bbox 1900 4299 1959 4347; x_wconf 89' lang='lat' dir='ltr'><strong>et</strong></span> <span class='ocrx_word' id='word_1_213' title='bbox 1986 4291 2227 4370; x_wconf 84' lang='lat' dir='ltr'><strong>Euryali</strong></span> <span class='ocrx_word' id='word_1_214' title='bbox 2252 4311 2399 4350; x_wconf 88' lang='lat' dir='ltr'><strong>nece</strong></span> <span class='ocrx_word' id='word_1_215' title='bbox 2427 4301 2660 4348; x_wconf 87' lang='lat' dir='ltr'><strong>strenue</strong></span> 
     </span>
     <span class='ocr_line' id='line_1_27' title="bbox 401 4375 2659 4455; baseline -0.002 -17"><span class='ocrx_word' id='word_1_216' title='bbox 401 4376 689 4438; x_wconf 78' lang='lat' dir='ltr'><strong>vindicata</strong></span> <span class='ocrx_word' id='word_1_217' title='bbox 706 4419 723 4448; x_wconf 97' lang='lat'><strong>,</strong></span> <span class='ocrx_word' id='word_1_218' title='bbox 779 4377 979 4436; x_wconf 85' lang='lat' dir='ltr'><strong>multis</strong></span> <span class='ocrx_word' id='word_1_219' title='bbox 1031 4377 1364 4434; x_wconf 82' lang='lat' dir='ltr'><strong>vulneribus</strong></span> <span class='ocrx_word' id='word_1_220' title='bbox 1421 4375 1718 4436; x_wconf 80' lang='lat' dir='ltr'><strong>confossus</strong></span> <span class='ocrx_word' id='word_1_221' title='bbox 1784 4395 1957 4455; x_wconf 80' lang='lat' dir='ltr'><strong>super</strong></span> <span class='ocrx_word' id='word_1_222' title='bbox 2014 4376 2188 4433; x_wconf 87' lang='lat' dir='ltr'><strong>amici</strong></span> <span class='ocrx_word' id='word_1_223' title='bbox 2246 4395 2454 4455; x_wconf 85' lang='lat' dir='ltr'><strong>corpus</strong></span> <span class='ocrx_word' id='word_1_224' title='bbox 2512 4395 2659 4434; x_wconf 88' lang='lat' dir='ltr'><strong>con-</strong></span> 
     </span>
     <span class='ocr_line' id='line_1_28' title="bbox 399 4456 2657 4540; baseline -0 -20"><span class='ocrx_word' id='word_1_225' title='bbox 399 4461 540 4522; x_wconf 89' lang='lat' dir='ltr'><strong>cidit</strong></span> <span class='ocrx_word' id='word_1_226' title='bbox 569 4495 657 4508; x_wconf 89' lang='lat'><strong>--</strong></span> <span class='ocrx_word' id='word_1_227' title='bbox 683 4459 829 4527; x_wconf 81' lang='lat'>445.</span> <span class='ocrx_word' id='word_1_228' title='bbox 915 4461 1146 4540; x_wconf 79' lang='lat' dir='ltr'><strong>capita,</strong></span> <span class='ocrx_word' id='word_1_229' title='bbox 1199 4456 1376 4518; x_wconf 81' lang='lat' dir='ltr'><strong>hastis</strong></span> <span class='ocrx_word' id='word_1_230' title='bbox 1419 4459 1597 4520; x_wconf 83' lang='lat' dir='ltr'><strong>affixa</strong></span> <span class='ocrx_word' id='word_1_231' title='bbox 1612 4507 1629 4537; x_wconf 88' lang='lat'><strong>,</strong></span> <span class='ocrx_word' id='word_1_232' title='bbox 1700 4465 1763 4522; x_wconf 89' lang='lat' dir='ltr'><strong>in</strong></span> <span class='ocrx_word' id='word_1_233' title='bbox 1805 4471 1987 4520; x_wconf 86' lang='lat' dir='ltr'><strong>castra</strong></span> <span class='ocrx_word' id='word_1_234' title='bbox 2032 4459 2403 4520; x_wconf 82' lang='lat' dir='ltr'><strong>deferuntur:</strong></span> <span class='ocrx_word' id='word_1_235' title='bbox 2462 4461 2565 4520; x_wconf 88' lang='lat' dir='ltr'><strong>ubi</strong></span> <span class='ocrx_word' id='word_1_236' title='bbox 2622 4481 2657 4519; x_wconf 85' lang='lat' dir='ltr'><strong>a</strong></span> 
     </span>
    </p>
   </div>
  </div>
 </body>
</html>
