3009 5050
603 443 745 512 162
1109 425 2306 504 ExcURsus·v11

597 625 730 684 bula
757 617 1104 678 Diomedeas
1133 619 1344 678 insulas
1375 618 1513 677 huic
1541 616 1709 676 heroi
1748 617 2129 676 consecrasset
2147 659 2165 689 ‚
2206 615 2593 698 Dauniae-que
2634 613 2847 672 vicinia

595 718 800 789 poetae
825 706 1026 764 locum
1051 705 1276 764 fecisset
1290 748 1308 779 ‚
1353 723 1472 786 quo
1499 701 1809 762 commode
1836 703 2021 760 intui
2046 711 2255 781 posset.

763 791 1192 850 Puloeffimum
1215 791 1416 848 locum
1443 788 1519 848 de
1544 791 1757 848 Amata
1770 831 1789 862 ‚
1830 789 2025 848 summ
2064 785 2353 846 Bacchico
2392 793 2669 864 correpta
2683 825 2703 857 ,
2746 783 2843 842 lib.

596 879 720 951 vn,
751 880 876 940 376
903 895 1066 956 sqq„
1108 885 1352 935 metare
1377 885 1550 956 poeta
1574 893 1699 938 non
1736 869 2014 956 potuisset
2034 916 2051 947 ,
2109 875 2223 932 nisi
2262 889 2402 930 cum
2438 871 2565 930 aliis
2610 870 2845 928 Graeca

595 964 798 1022 ritibus
827 981 896 1019 ac
925 961 1299 1040 religionibus
1329 963 1504 1019 etiam
1531 979 1693 1018 sacra
1718 957 2007 1025 Bacchica
2031 961 2093 1016 in
2136 959 2361 1016 Italiam
2400 957 2559 1014 illata
2598 975 2731 1013 etse
2774 975 2847 1012 ex
2952 991 2954 1018 ;

597 1060 682 1108 tot
709 1050 1062 1106 Graecarum
1087 1067 1284 1106 rerum
1311 1047 1629 1125 originibus
1656 1045 1951 1124 probabile
1988 1043 2185 1102 fieret:
2230 1045 2380 1102 inter
2402 1043 2681 1100 Etmscos
2712 1041 2845 1120 qui-

595 1133 732 1194 dem
747 1177 764 1208 ,
811 1142 868 1190 et
895 1130 1032 1190 hinc
1071 1153 1176 1212 per
1217 1133 1500 1213 reliquam
1543 1131 1768 1189 Italiam
1782 1173 1798 1203 ,
1852 1132 1971 1191 iam
2012 1131 2147 1188 satis
2190 1128 2439 1208 antiquis
2484 1127 2842 1206 temporibus

595 1240 664 1277 ea
689 1237 850 1277 sacra
875 1228 1106 1296 recepta
1135 1219 1306 1277 finisse
1337 1237 1414 1275 ex
1437 1219 1706 1296 Etruscis
1724 1219 2071 1296 Graecisque
2098 1214 2490 1274 monumentis
2530 1211 2841 1291 probatum
2952 1257 2954 1282 ἰ

593 1307 706 1362 alio
733 1305 864 1362 loco
895 1301 1180 1362 dedimus.
1265 1301 1667 1382 Reprehensus
1696 1313 1783 1360 est
1808 1321 1843 1359 a
1868 1303 2068 1385 priscis
2106 1301 2327 1360 criticis
2372 1295 2531 1378 apud
2568 1297 2841 1356 servium

592 1393 752 1448 locus
781 1390 882 1447 lib.
913 1391 1048 1462 xll,
1077 1393 1158 1452 83
1189 1387 1264 1446 de
1292 1389 1484 1446 Turni
1514 1389 1707 1468 equis,
1754 1386 2043 1444 Pilumno
2084 1407 2233 1464 quon
2272 1388 2412 1462 ipsa
2448 1383 2633 1442 decas
2682 1381 2843 1440 dedit
2952 1405 2954 1418 ·

603 1475 901 1551 Orithyia.
1015 1475 1466 1530 Excusationem
1505 1483 1705 1530 tamen
1762 1483 1969 1550 poetae
1982 1515 1999 1545 ,
2054 1475 2155 1553 qui
2194 1473 2478 1530 Graecam
2514 1465 2843 1549 nympham
2952 1447 2954 1508 ἦ

593 1560 758 1618 hemi
783 1559 928 1616 Italo
957 1560 1178 1630 iunxit,
1221 1555 1504 1616 habemus
1530 1561 1595 1616 in
1620 1568 1741 1617 tota
1768 1559 1997 1616 fabulae
2013 1571 2042 1632 ,¹
2074 1576 2253 1638 quam
2278 1555 2550 1628 instituit,
2600 1555 2841 1612 ratione.
2952 1557 2954 1618 ῗ

763 1646 921 1702 Inter
949 1645 1263 1717 Troianos,
1307 1663 1342 1700 a
1373 1644 1583 1724 quibus
1610 1645 1876 1722 gentimn
1916 1645 2318 1702 Romanarum
2366 1641 2683 1700 illustrium
2726 1641 2841 1698 ori-
2952 1637 2954 1640 ⁴

593 1730 794 1806 ginem
819 1732 1027 1806 repetit
1053 1739 1224 1808 pocta
1241 1772 1258 1803 ,
1305 1739 1388 1788 est
1415 1731 1595 1788 etium
1622 1730 1811 1810 Capys
1836 1729 1936 1787 lib.
1967 1731 2045 1802 X,
2094 1728 2213 1794 146
2260 1729 2345 1784 Et
2387 1727 2595 1804 Capys
2612 1747 2641 1796 ‚-
2698 1724 2841 1782 Isim

595 1833 810 1870 nomen
845 1813 1194 1889 Campanae
1227 1813 1472 1871 (Ιιιοίιιιν
1499 1813 1657 1872 urbi.
1750 1815 2010 1894 Capuam
2052 1833 2085 1870 a
2131 1813 2293 1894 Capy
2336 1811 2552 1870 dictam
2596 1809 2843 1868 eredidit
2952 1845 2954 1848 <

595 1897 930 1978 antiquitas:
974 1919 1032 1955 v.
1063 1918 1116 1956 c.
1140 1901 1270 1958 Liv.
1297 1901 1394 1974 IV,
1427 1903 1531 1962 87.
1574 1899 1729 1958 conf.
1770 1901 1950 1958 Silius
1974 1901 2079 1972 Xi,
2108 1903 2211 1963 30.
2241 1901 2387 1964 299.
2472 1899 2603 1954 hm
2648 1907 2843 1954 autem

593 2001 812 2040 nomen
839 1993 964 2040 erat
989 1983 1207 2042 illustre
1233 1986 1384 2042 inter
1411 1987 1647 2044 Aeneae
1673 1987 1919 2044 maiores
1948 1986 2189 2066 Capyis,
2234 1995 2293 2042 et
2327 1985 2479 2040 iuter
2520 1997 2691 2060 reges
2736 1983 2844 2039 Al·-

593 2069 774 2126 banos
803 2069 977 2126 alius:
1022 2089 1080 2126 v.
1109 2069 1210 2128 lib.
1239 2071 1336 2144 VI,
1365 2073 1523 2144 8683
1568 2081 1626 2128 et
1662 2073 1817 2128 inter
1858 2091 1957 2130 eos
1980 2115 1998 2144 ‚
2058 2087 2201 2150 quos
2246 2067 2567 2130 adduxerat
2616 2067 2845 2126 Aeneas

591 2156 655 2211 in
683 2155 939 2226 Italiam,
983 2153 1171 2234 Capys
1199 2173 1320 2213 non
1349 2165 1611 2214 extremo
1642 2167 1763 2215 erat
1790 2157 1941 2216 loco.
1984 2155 2142 2215 conf.
2184 2156 2285 2214 lib.
2328 2157 2375 2229 1,
2423 2157 2563 2220 183·
2616 2153 2694 2228 ll,
2746 2154 2845 2218 85-

761 2326 1050 2382 Recensus
1089 2325 1442 2404 populorum
1455 2369 1473 2399 ‚
1530 2327 1635 2407 qui
1684 2327 1907 2386 Latinis
1942 2338 2245 2409 tamquam
2292 2325 2599 2384 auxiliares
2642 2323 2847 2402 copiae

595 2406 864 2488 adscripti
891 2420 1024 2466 stnrt
1040 2454 1056 2484 ,
1099 2411 1249 2467 inter
1277 2411 1751 2486 elaboratissimos
1778 2423 1985 2491 poetae
2012 2413 2169 2472 locos
2200 2421 2300 2470 est.
2390 2411 2707 2470 suavitatis
2758 2419 2849 2466 ta-

592 2513 730 2553 men
747 2538 764 2569 ‚
807 2510 991 2575 quam
1011 2492 1216 2569 habet,
1245 2497 1506 2555 maxima
1534 2515 1663 2578 pars
1693 2516 1730 2556 a
1754 2499 1961 2557 fabulis
1990 2499 2221 2559 Graecis
2242 2497 2416 2557 ducta
2446 2505 2553 2555 est.
2622 2495 2847 2555 Verum

591 2600 704 2638 nec
745 2582 868 2639 eius
911 2583 1154 2639 omnino
1193 2582 1314 2639 ulla
1359 2584 1504 2641 ratio
1550 2582 1717 2643 reddi
1754 2596 1972 2664 potest,
2030 2588 2143 2643 nisi
2188 2596 2386 2643 teneas
2426 2581 2541 2641 hoc
2562 2624 2579 2655 ,
2638 2600 2847 2641 omnes

583 2664 846 2742 populos
864 2707 885 2735 ,
929 2668 1039 2745 qui
1083 2686 1224 2723 cum
1261 2668 1461 2724 Dama
1510 2668 1579 2725 in
1626 2668 1844 2727 Latini
1872 2669 2157 2747 partibus
2192 2679 2335 2729 sunt
2352 2710 2376 2741 ,
2428 2668 2675 2726 Graan
2726 2670 2847 2725 ori-

585 2752 733 2829 gine
757 2761 912 2807 ortos
939 2752 1104 2826 fen-i3
1145 2752 1396 2809 Aetnae
1429 2765 1629 2813 contra
1656 2758 1843 2813 socios
1884 2754 2023 2814 addi
2056 2758 2269 2834 prisca
2312 2756 2547 2834 origine
2588 2752 2843 2810 Italica.

591 2836 719 2907 Qua
745 2834 820 2895 de
847 2856 910 2895 re
937 2858 1057 2919 seq.
1085 2838 1329 2897 Excurs.
1357 2840 1491 2897 Vm
1516 2850 1739 2919 agetur.

755 2924 862 2981 Est
887 2924 1104 2983 scilicet
1131 2925 1254 2983 eius
1281 2924 1504 2983 artificii
1519 2942 1545 2998 ,·
1586 2925 1745 3005 quod
1773 2925 1953 2985 modo
1983 2928 2381 3005 exposuimus,
2428 2934 2851 3002 argumentum

588 3008 692 3067 vix
719 3006 878 3065 aliud
903 3008 1177 3067 illustrius
1207 3027 1387 3087 quam
1414 3006 1490 3065 de
1532 3010 1733 3067 Ἰὶινηο
1760 3014 2013 3069 narratio
2029 3056 2045 3085 ‚
2090 3010 2327 3091 quando
2368 3008 2613 3091 quidem
2656 3010 2709 3068 is
2754 3014 2853 3068 in-

589 3103 679 3149 ter
705 3092 1004 3171 primarios
1033 3092 1307 3149 Aeneidis
1343 3090 1551 3151 heroes
1593 3106 1707 3170 est,
1762 3094 2027 3177 adeoque
2070 3116 2351 3175 magnam
2390 3096 2666 3155 carminis
2708 3116 2853 3175 par-

589 3186 714 3233 tem
741 3174 815 3233 ad
847 3176 968 3234 eius
995 3194 1216 3234 nomen
1240 3187 1304 3235 et
1327 3196 1637 3257 personam
1676 3180 2107 3241 accommodari
2150 3202 2383 3241 necesse
2422 3180 2553 3240 fuit.
2644 3183 2853 3241 Fuisse

593 3256 668 3316 de
697 3276 766 3316 eo
795 3259 1014 3321 fabulas
1057 3259 1396 3321 domesticas
1431 3266 1719 3323 coniicere
1760 3266 1921 3342 licet3
1964 3280 2025 3326 et
2058 3268 2246 3327 multo
2288 3270 2473 3345 magis
2516 3268 2731 3327 lloeret
2776 3288 2855 3326 ex

590 3352 824 3422 paterae
841 3386 858 3419 ‚
901 3347 1078 3425 vulgo
1119 3366 1226 3426 pro
1271 3349 1515 3407 Etrusca
1552 3348 1815 3428 habitae,
1871 3355 1937 3413 in
1974 3356 2177 3412 Museo
2220 3354 2435 3413 Venuti
2472 3352 2853 3427 Cortonensi,

591 3438 970 3506 argument03
1013 3434 1288 3492 Hercules
1317 3436 1476 3492 enim
1516 3436 1679 3495 clava
1715 3440 1907 3499 virum
1944 3440 2253 3519 prosternit
2272 3485 2287 3515 ,
2332 3437 2635 3519 adscriptis
2680 3442 2856 3499 voci-

591 3514 732 3571 bus:
777 3532 1104 3573 utncmt.
1135 3535 1422 3576 runnu.
1451 3520 1631 3579 modo
1660 3524 1881 3581 litterae
1906 3544 2029 3583 nou
2070 3536 2259 3583 essent
2302 3526 2581 3585 obscurae
2628 3536 2693 3583 et
2742 3546 2855 3585 ex-

590 3598 777 3657 tritae.
860 3600 1080 3658 Verum
1107 3598 1196 3659 his
1225 3602 1432 3662 relictis
1461 3624 1637 3664 omne
1664 3610 1855 3667 Turni
1880 3628 2102 3669 nomen
2130 3608 2207 3669 ad
2237 3611 2513 3683 Graecas,
2566 3630 2731 3689 quae
2782 3610 2855 3671 de

593 3702 663 3740 eo
717 3682 1076 3760 ferebantur,
1141 3686 1362 3745 fabulas
1421 3694 1713 3752 revocavit
1768 3696 1951 3763 Maro.
2036 3698 2311 3777 Dumque
2370 3692 2517 3753 adeo
2578 3696 2856 3755 Graecae

589 3766 818 3827 fabulae
843 3772 1023 3829 semel
1049 3772 1114 3829 in
1143 3772 1416 3831 Turnum
1447 3788 1633 3837 essent
1660 3780 1965 3839 translatae
1982 3824 1998 3855 ,
2041 3780 2118 3841 ad
2144 3782 2357 3841 immas
2385 3782 2521 3839 alias
2548 3782 2859 3860 patefacta

593 3862 677 3911 est
704 3850 816 3911 hoc
844 3854 968 3934 ipso
997 3858 1091 3913 via
1117 3866 1178 3915 et
1205 3856 1410 3917 aditus.

773 3938 966 3997 Dani
985 3942 1182 4022 itaque
1211 3944 1496 4021 originem
1542 3958 1715 4025 poeta
1754 3968 1791 4006 a
1832 3948 2059 4007 Danae
2074 3990 2097 4019 ,
2140 3950 2345 4009 Acrisii
2385 3952 2535 4029 regis
2580 3948 2861 4030 Argivo-

591 4040 725 4079 rum
752 4022 899 4099 lilia,
943 4026 1138 4084 Persei
1163 4038 1380 4104 matre,
1423 4034 1684 4111 repetiit:
1730 4034 1987 4093 fabulam
2014 4036 2317 4114 vulgarem
2360 4048 2681 4116 sequutus,
2732 4056 2863 4119 qua

591 4106 806 4165 Ardea
829 4128 873 4165 a
915 4110 1139 4168 Danae
1155 4154 1180 4182 ,
1224 4115 1432 4173 Persei
1469 4129 1661 4175 nutv-e
1672 4160 1699 4188 ,
1743 4120 1983 4177 condita
2026 4118 2396 4179 credebatur:
2440 4122 2595 4179 Plin.
2640 4124 2763 4195 111,
2808 4142 2861 4181 s.

591 4193 654 4254 9.
739 4193 940 4252 Danae
967 4198 1126 4255 enim
1164 4201 1303 4257 vitio
1339 4220 1380 4258 a
1424 4204 1565 4261 Iove
1608 4215 1843 4284 accepto
1887 4207 2038 4263 intra
2080 4225 2275 4265 amam
2324 4227 2357 4264 a
2407 4216 2570 4286 patre
2616 4209 2863 4267 inclusa

591 4276 770 4358 inque
809 4298 972 4338 mare
1011 4286 1378 4363 praecipitata
1393 4330 1409 4361 ‚
1427 4286 1591 4346 ⁴inde
1633 4286 1711 4347 ad
1746 4288 2090 4369 Seriphum,
2137 4310 2319 4349 unam
2362 4312 2440 4349 ex
2466 4291 2863 4375 Cycladibus,

592 4360 812 4439 delata,
868 4383 905 4422 a
945 4368 1224 4445 piscatore
1283 4372 1390 4429 reti
1429 4368 1768 4433 extrahitur.
1849 4373 1999 4435 vide
2048 4373 2399 4457 Pherecydis
2438 4380 2867 4439 uastationem

591 4444 748 4525 apud
773 4446 974 4511 Sobel.
1001 4454 1296 4531 Apollonii
1321 4456 1420 4529 IV,
1448 4459 1633 4521 1091.
1717 4459 1836 4517 Alii
1863 4479 1898 4518 a
1924 4458 2320 4549 praedonibus
2364 4472 2665 4543 repertam
2706 4484 2867 4525 mr-
